{"originalCurrency": "USD", "convertedCurrency": "USD", "report": [{"date": "2023-10-01", "symbol": "TTEK", "reportedCurrency": "USD", "cik": "0000831641", "fillingDate": "2023-11-22", "acceptedDate": "2023-11-22 16:16:33", "calendarYear": "2023", "period": "FY", "revenue": 4522550000, "costOfRevenue": 3797521000, "grossProfit": 725029000, "grossProfitRatio": 0.1603142033, "researchAndDevelopmentExpenses": 0, "generalAndAdministrativeExpenses": 0, "sellingAndMarketingExpenses": 0, "sellingGeneralAndAdministrativeExpenses": 305107000, "otherExpenses": 89402000, "operatingExpenses": 305107000, "costAndExpenses": 4102628000, "interestIncome": 5898000, "interestExpense": 46537000, "depreciationAndAmortization": 61206000, "ebitda": 570530000, "ebitdaratio": 0.1261522813, "operatingIncome": 358113000, "operatingIncomeRatio": 0.0791838675, "totalOtherIncomeExpensesNet": 27593000, "incomeBeforeTax": 400978000, "incomeBeforeTaxRatio": 0.0886619275, "incomeTaxExpense": 127526000, "netIncome": 273420000, "netIncomeRatio": 0.060457043, "eps": 5.14, "epsdiluted": 5.1, "weightedAverageShsOut": 53203000, "weightedAverageShsOutDil": 53637000, "link": "https://www.sec.gov/Archives/edgar/data/831641/000083164123000082/0000831641-23-000082-index.htm", "finalLink": "https://www.sec.gov/Archives/edgar/data/831641/000083164123000082/ttek-20231001.htm", "calculatedOtherExpenses": 61809000, "calculatedOperatingExpenses": 366916000, "calculatedNetInterest": -40639000, "calculatedOtherIncome": 83504000, "calculatedIncomeNonControlling": 32000, "calculatedEbitda": 419319000}, {"date": "2022-10-02", "symbol": "TTEK", "reportedCurrency": "USD", "cik": "0000831641", "fillingDate": "2022-11-25", "acceptedDate": "2022-11-23 19:15:43", "calendarYear": "2022", "period": "FY", "revenue": 3504048000, "costOfRevenue": 2928489000, "grossProfit": 575559000, "grossProfitRatio": 0.1642554554, "researchAndDevelopmentExpenses": 0, "generalAndAdministrativeExpenses": 0, "sellingAndMarketingExpenses": 0, "sellingGeneralAndAdministrativeExpenses": 235113000, "otherExpenses": 19904000, "operatingExpenses": 235113000, "costAndExpenses": 3163602000, "interestIncome": 1780000, "interestExpense": 11584000, "depreciationAndAmortization": 46937000, "ebitda": 387383000, "ebitdaratio": 0.1105529947, "operatingIncome": 340446000, "operatingIncomeRatio": 0.0971579156, "totalOtherIncomeExpensesNet": 8320000, "incomeBeforeTax": 348766000, "incomeBeforeTaxRatio": 0.0995323123, "incomeTaxExpense": 85602000, "netIncome": 263125000, "netIncomeRatio": 0.0750917225, "eps": 4.91, "epsdiluted": 4.86, "weightedAverageShsOut": 53620000, "weightedAverageShsOutDil": 54163000, "link": "https://www.sec.gov/Archives/edgar/data/831641/000083164122000123/0000831641-22-000123-index.htm", "finalLink": "https://www.sec.gov/Archives/edgar/data/831641/000083164122000123/ttek-20221002.htm", "calculatedOtherExpenses": 0, "calculatedOperatingExpenses": 235113000, "calculatedNetInterest": -9804000, "calculatedOtherIncome": 18124000, "calculatedIncomeNonControlling": 39000, "calculatedEbitda": 387383000}, {"date": "2021-10-03", "symbol": "TTEK", "reportedCurrency": "USD", "cik": "0000831641", "fillingDate": "2021-11-24", "acceptedDate": "2021-11-24 16:09:30", "calendarYear": "2021", "period": "FY", "revenue": 3213513000, "costOfRevenue": 2715113000, "grossProfit": 498400000, "grossProfitRatio": 0.1550950626, "researchAndDevelopmentExpenses": 0, "generalAndAdministrativeExpenses": 0, "sellingAndMarketingExpenses": 0, "sellingGeneralAndAdministrativeExpenses": 222972000, "otherExpenses": 0, "operatingExpenses": 222972000, "costAndExpenses": 2938085000, "interestIncome": 917000, "interestExpense": 12748000, "depreciationAndAmortization": 21449000, "ebitda": 300150000, "ebitdaratio": 0.0934024539, "operatingIncome": 278701000, "operatingIncomeRatio": 0.0867278271, "totalOtherIncomeExpensesNet": -11831000, "incomeBeforeTax": 266870000, "incomeBeforeTaxRatio": 0.0830461865, "incomeTaxExpense": 34039000, "netIncome": 232810000, "netIncomeRatio": 0.0724471941, "eps": 4.31, "epsdiluted": 4.26, "weightedAverageShsOut": 54078000, "weightedAverageShsOutDil": 54675000, "link": "https://www.sec.gov/Archives/edgar/data/831641/000083164121000110/0000831641-21-000110-index.htm", "finalLink": "https://www.sec.gov/Archives/edgar/data/831641/000083164121000110/ttek-20211003.htm", "calculatedOtherExpenses": -3273000, "calculatedOperatingExpenses": 219699000, "calculatedNetInterest": -11831000, "calculatedOtherIncome": 0, "calculatedIncomeNonControlling": 21000, "calculatedEbitda": 300150000}, {"date": "2020-09-27", "symbol": "TTEK", "reportedCurrency": "USD", "cik": "0000831641", "fillingDate": "2020-11-23", "acceptedDate": "2020-11-23 12:21:32", "calendarYear": "2020", "period": "FY", "revenue": 2994891000, "costOfRevenue": 2548356000, "grossProfit": 446535000, "grossProfitRatio": 0.1490989155, "researchAndDevelopmentExpenses": 0, "generalAndAdministrativeExpenses": 0, "sellingAndMarketingExpenses": 0, "sellingGeneralAndAdministrativeExpenses": 204615000, "otherExpenses": 0, "operatingExpenses": 204615000, "costAndExpenses": 2752971000, "interestIncome": 1375000, "interestExpense": 14475000, "depreciationAndAmortization": 26815000, "ebitda": 267906000, "ebitdaratio": 0.0894543407, "operatingIncome": 241091000, "operatingIncomeRatio": 0.0805007595, "totalOtherIncomeExpensesNet": -13100000, "incomeBeforeTax": 227991000, "incomeBeforeTaxRatio": 0.0761266437, "incomeTaxExpense": 54101000, "netIncome": 173859000, "netIncomeRatio": 0.0580518623, "eps": 3.21, "epsdiluted": 3.16, "weightedAverageShsOut": 54235000, "weightedAverageShsOutDil": 55022000, "link": "https://www.sec.gov/Archives/edgar/data/831641/000083164120000154/0000831641-20-000154-index.htm", "finalLink": "https://www.sec.gov/Archives/edgar/data/831641/000083164120000154/ttek-20200927.htm", "calculatedOtherExpenses": 829000, "calculatedOperatingExpenses": 205444000, "calculatedNetInterest": -13100000, "calculatedOtherIncome": 0, "calculatedIncomeNonControlling": 31000, "calculatedEbitda": 267906000}, {"date": "2019-09-29", "symbol": "TTEK", "reportedCurrency": "USD", "cik": "0000831641", "fillingDate": "2019-11-29", "acceptedDate": "2019-11-27 17:56:44", "calendarYear": "2019", "period": "FY", "revenue": 3107348000, "costOfRevenue": 2699165000, "grossProfit": 408183000, "grossProfitRatio": 0.1313605686, "researchAndDevelopmentExpenses": 0, "generalAndAdministrativeExpenses": 0, "sellingAndMarketingExpenses": 0, "sellingGeneralAndAdministrativeExpenses": 200230000, "otherExpenses": 0, "operatingExpenses": 200230000, "costAndExpenses": 2899395000, "interestIncome": 1732000, "interestExpense": 13626000, "depreciationAndAmortization": 48035000, "ebitda": 236797000, "ebitdaratio": 0.0762054974, "operatingIncome": 188762000, "operatingIncomeRatio": 0.0607469778, "totalOtherIncomeExpensesNet": -13626000, "incomeBeforeTax": 175136000, "incomeBeforeTaxRatio": 0.056361888, "incomeTaxExpense": 16375000, "netIncome": 158668000, "netIncomeRatio": 0.0510621919, "eps": 2.89, "epsdiluted": 2.84, "weightedAverageShsOut": 54986000, "weightedAverageShsOutDil": 55936000, "link": "https://www.sec.gov/Archives/edgar/data/831641/000083164119000193/0000831641-19-000193-index.htm", "finalLink": "https://www.sec.gov/Archives/edgar/data/831641/000083164119000193/tt10-kfy19document.htm", "calculatedOtherExpenses": 19191000, "calculatedOperatingExpenses": 219421000, "calculatedNetInterest": -11894000, "calculatedOtherIncome": -1732000, "calculatedIncomeNonControlling": 93000, "calculatedEbitda": 236797000}, {"date": "2018-09-30", "symbol": "TTEK", "reportedCurrency": "USD", "cik": "0000831641", "fillingDate": "2018-11-16", "acceptedDate": "2018-11-16 15:30:07", "calendarYear": "2018", "period": "FY", "revenue": 2964148000, "costOfRevenue": 2579690000, "grossProfit": 384458000, "grossProfitRatio": 0.1297027004, "researchAndDevelopmentExpenses": 0, "generalAndAdministrativeExpenses": 0, "sellingAndMarketingExpenses": 0, "sellingGeneralAndAdministrativeExpenses": 190120000, "otherExpenses": 0, "operatingExpenses": 190120000, "costAndExpenses": 2769810000, "interestIncome": 1824000, "interestExpense": 15524000, "depreciationAndAmortization": 38636000, "ebitda": 232974000, "ebitdaratio": 0.07859729, "operatingIncome": 190086000, "operatingIncomeRatio": 0.0641283769, "totalOtherIncomeExpensesNet": -4252000, "incomeBeforeTax": 174562000, "incomeBeforeTaxRatio": 0.0588911215, "incomeTaxExpense": 37605000, "netIncome": 136883000, "netIncomeRatio": 0.046179543, "eps": 2.46, "epsdiluted": 2.42, "weightedAverageShsOut": 55670000, "weightedAverageShsOutDil": 56598000, "link": "https://www.sec.gov/Archives/edgar/data/831641/000083164118000097/0000831641-18-000097-index.htm", "finalLink": "https://www.sec.gov/Archives/edgar/data/831641/000083164118000097/tt10-kfy18document.htm", "calculatedOtherExpenses": 4252000, "calculatedOperatingExpenses": 194372000, "calculatedNetInterest": -13700000, "calculatedOtherIncome": -1824000, "calculatedIncomeNonControlling": 74000, "calculatedEbitda": 228722000}, {"date": "2017-10-01", "symbol": "TTEK", "reportedCurrency": "USD", "cik": "0000831641", "fillingDate": "2017-11-20", "acceptedDate": "2017-11-20 16:38:28", "calendarYear": "2017", "period": "FY", "revenue": 2753360000, "costOfRevenue": 2399722000, "grossProfit": 353638000, "grossProfitRatio": 0.1284387076, "researchAndDevelopmentExpenses": 0, "generalAndAdministrativeExpenses": 0, "sellingAndMarketingExpenses": 0, "sellingGeneralAndAdministrativeExpenses": 177219000, "otherExpenses": 0, "operatingExpenses": 177219000, "costAndExpenses": 2576941000, "interestIncome": 729000, "interestExpense": 11581000, "depreciationAndAmortization": 45756000, "ebitda": 222175000, "ebitdaratio": 0.0806923177, "operatingIncome": 183342000, "operatingIncomeRatio": 0.0665884592, "totalOtherIncomeExpensesNet": 6923000, "incomeBeforeTax": 171761000, "incomeBeforeTaxRatio": 0.0623823256, "incomeTaxExpense": 53844000, "netIncome": 117874000, "netIncomeRatio": 0.0428109655, "eps": 2.07, "epsdiluted": 2.04, "weightedAverageShsOut": 56911000, "weightedAverageShsOutDil": 57913000, "link": "https://www.sec.gov/Archives/edgar/data/831641/000083164117000022/0000831641-17-000022-index.htm", "finalLink": "https://www.sec.gov/Archives/edgar/data/831641/000083164117000022/ttek-10012017x10k.htm", "calculatedOtherExpenses": -6923000, "calculatedOperatingExpenses": 170296000, "calculatedNetInterest": -10852000, "calculatedOtherIncome": -729000, "calculatedIncomeNonControlling": 43000, "calculatedEbitda": 229098000}, {"date": "2016-10-02", "symbol": "TTEK", "reportedCurrency": "USD", "cik": "0000831641", "fillingDate": "2016-11-22", "acceptedDate": "2016-11-22 12:53:45", "calendarYear": "2016", "period": "FY", "revenue": 2583469000, "costOfRevenue": 2253258000, "grossProfit": 330211000, "grossProfitRatio": 0.1278169005, "researchAndDevelopmentExpenses": 0, "generalAndAdministrativeExpenses": 0, "sellingAndMarketingExpenses": 0, "sellingGeneralAndAdministrativeExpenses": 171985000, "otherExpenses": 0, "operatingExpenses": 171985000, "costAndExpenses": 2425243000, "interestIncome": 996000, "interestExpense": 11389000, "depreciationAndAmortization": 45588000, "ebitda": 203814000, "ebitdaratio": 0.0788915989, "operatingIncome": 135855000, "operatingIncomeRatio": 0.0525862706, "totalOtherIncomeExpensesNet": -22371000, "incomeBeforeTax": 124466000, "incomeBeforeTaxRatio": 0.048177857, "incomeTaxExpense": 40613000, "netIncome": 83783000, "netIncomeRatio": 0.0324304259, "eps": 1.44, "epsdiluted": 1.42, "weightedAverageShsOut": 58186000, "weightedAverageShsOutDil": 58966000, "link": "https://www.sec.gov/Archives/edgar/data/831641/000104746916016906/0001047469-16-016906-index.htm", "finalLink": "https://www.sec.gov/Archives/edgar/data/831641/000104746916016906/a2230290z10-k.htm", "calculatedOtherExpenses": 22371000, "calculatedOperatingExpenses": 194356000, "calculatedNetInterest": -10393000, "calculatedOtherIncome": -996000, "calculatedIncomeNonControlling": 70000, "calculatedEbitda": 181443000}, {"date": "2015-09-27", "symbol": "TTEK", "reportedCurrency": "USD", "cik": "0000831641", "fillingDate": "2015-11-20", "acceptedDate": "2015-11-20 16:23:10", "calendarYear": "2015", "period": "FY", "revenue": 2299321000, "costOfRevenue": 1983531000, "grossProfit": 315790000, "grossProfitRatio": 0.1373405453, "researchAndDevelopmentExpenses": 0, "generalAndAdministrativeExpenses": 0, "sellingAndMarketingExpenses": 0, "sellingGeneralAndAdministrativeExpenses": 170456000, "otherExpenses": 0, "operatingExpenses": 170456000, "costAndExpenses": 2153987000, "interestIncome": 680000, "interestExpense": 7363000, "depreciationAndAmortization": 44201000, "ebitda": 189535000, "ebitdaratio": 0.0824308568, "operatingIncome": 87684000, "operatingIncomeRatio": 0.0381347363, "totalOtherIncomeExpensesNet": -57650000, "incomeBeforeTax": 80321000, "incomeBeforeTaxRatio": 0.0349324866, "incomeTaxExpense": 41093000, "netIncome": 39074000, "netIncomeRatio": 0.0169937125, "eps": 0.64, "epsdiluted": 0.64, "weightedAverageShsOut": 60913000, "weightedAverageShsOutDil": 61532000, "link": "https://www.sec.gov/Archives/edgar/data/831641/000104746915008864/0001047469-15-008864-index.htm", "finalLink": "https://www.sec.gov/Archives/edgar/data/831641/000104746915008864/a2226599z10-k.htm", "calculatedOtherExpenses": 57650000, "calculatedOperatingExpenses": 228106000, "calculatedNetInterest": -6683000, "calculatedOtherIncome": -680000, "calculatedIncomeNonControlling": 154000, "calculatedEbitda": 131885000}, {"date": "2014-09-28", "symbol": "TTEK", "reportedCurrency": "USD", "cik": "0000831641", "fillingDate": "2014-11-19", "acceptedDate": "2014-11-19 16:36:17", "calendarYear": "2014", "period": "FY", "revenue": 2483814000, "costOfRevenue": 2201377000, "grossProfit": 282437000, "grossProfitRatio": 0.1137110106, "researchAndDevelopmentExpenses": 0, "generalAndAdministrativeExpenses": 0, "sellingAndMarketingExpenses": 0, "sellingGeneralAndAdministrativeExpenses": 187298000, "otherExpenses": 0, "operatingExpenses": 187298000, "costAndExpenses": 2388675000, "interestIncome": 804000, "interestExpense": 10294000, "depreciationAndAmortization": 54540000, "ebitda": 150483000, "ebitdaratio": 0.0605854545, "operatingIncome": 153833000, "operatingIncomeRatio": 0.0619341867, "totalOtherIncomeExpensesNet": 58694000, "incomeBeforeTax": 144343000, "incomeBeforeTaxRatio": 0.0581134497, "incomeTaxExpense": 35668000, "netIncome": 108266000, "netIncomeRatio": 0.0435886101, "eps": 1.68, "epsdiluted": 1.66, "weightedAverageShsOut": 64379000, "weightedAverageShsOutDil": 65146000, "link": "https://www.sec.gov/Archives/edgar/data/831641/000104746914009389/0001047469-14-009389-index.htm", "finalLink": "https://www.sec.gov/Archives/edgar/data/831641/000104746914009389/a2222159z10-k.htm", "calculatedOtherExpenses": -58694000, "calculatedOperatingExpenses": 128604000, "calculatedNetInterest": -9490000, "calculatedOtherIncome": 0, "calculatedIncomeNonControlling": 409000, "calculatedEbitda": 208373000}, {"date": "2013-09-29", "symbol": "TTEK", "reportedCurrency": "USD", "cik": "0000831641", "fillingDate": "2013-11-20", "acceptedDate": "2013-11-20 14:29:49", "calendarYear": "2013", "period": "FY", "revenue": 2613755000, "costOfRevenue": 2346765000, "grossProfit": 266990000, "grossProfitRatio": 0.102148059, "researchAndDevelopmentExpenses": 0, "generalAndAdministrativeExpenses": 0, "sellingAndMarketingExpenses": 0, "sellingGeneralAndAdministrativeExpenses": 199732000, "otherExpenses": 0, "operatingExpenses": 199732000, "costAndExpenses": 2546497000, "interestIncome": 1003000, "interestExpense": 7686000, "depreciationAndAmortization": 62605000, "ebitda": 129863000, "ebitdaratio": 0.0496844578, "operatingIncome": 20218000, "operatingIncomeRatio": 0.0077352315, "totalOtherIncomeExpensesNet": -47040000, "incomeBeforeTax": 12532000, "incomeBeforeTaxRatio": 0.0047946345, "incomeTaxExpense": 14038000, "netIncome": -2141000, "netIncomeRatio": -0.000819128, "eps": -0.0332, "epsdiluted": -0.0332, "weightedAverageShsOut": 64544000, "weightedAverageShsOutDil": 64544000, "link": "https://www.sec.gov/Archives/edgar/data/831641/000104746913010692/0001047469-13-010692-index.htm", "finalLink": "https://www.sec.gov/Archives/edgar/data/831641/000104746913010692/a2217397z10-k.htm", "calculatedOtherExpenses": 47040000, "calculatedOperatingExpenses": 246772000, "calculatedNetInterest": -6683000, "calculatedOtherIncome": -1003000, "calculatedIncomeNonControlling": 635000, "calculatedEbitda": 82823000}, {"date": "2012-09-30", "symbol": "TTEK", "reportedCurrency": "USD", "cik": "0000831641", "fillingDate": "2012-11-15", "acceptedDate": "2012-11-15 14:45:29", "calendarYear": "2012", "period": "FY", "revenue": 2711075000, "costOfRevenue": 2352070000, "grossProfit": 359005000, "grossProfitRatio": 0.1324216409, "researchAndDevelopmentExpenses": 0, "generalAndAdministrativeExpenses": 0, "sellingAndMarketingExpenses": 0, "sellingGeneralAndAdministrativeExpenses": 211884000, "otherExpenses": -19246000, "operatingExpenses": 211884000, "costAndExpenses": 2563954000, "interestIncome": 873000, "interestExpense": 5571000, "depreciationAndAmortization": 56902000, "ebitda": 204023000, "ebitdaratio": 0.0752553876, "operatingIncome": 166367000, "operatingIncomeRatio": 0.0613656944, "totalOtherIncomeExpensesNet": 19246000, "incomeBeforeTax": 160796000, "incomeBeforeTaxRatio": 0.05931079, "incomeTaxExpense": 56064000, "netIncome": 104380000, "netIncomeRatio": 0.0385013325, "eps": 1.65, "epsdiluted": 1.63, "weightedAverageShsOut": 63217000, "weightedAverageShsOutDil": 63934000, "link": "https://www.sec.gov/Archives/edgar/data/831641/000104746912010616/0001047469-12-010616-index.htm", "finalLink": "https://www.sec.gov/Archives/edgar/data/831641/000104746912010616/a2211677z10-k.htm", "calculatedOtherExpenses": -19246000, "calculatedOperatingExpenses": 192638000, "calculatedNetInterest": -4698000, "calculatedOtherIncome": -873000, "calculatedIncomeNonControlling": 352000, "calculatedEbitda": 223269000}, {"date": "2011-10-02", "symbol": "TTEK", "reportedCurrency": "USD", "cik": "0000831641", "fillingDate": "2011-11-17", "acceptedDate": "2011-11-16 20:42:49", "calendarYear": "2011", "period": "FY", "revenue": 2573144000, "costOfRevenue": 2242989000, "grossProfit": 330155000, "grossProfitRatio": 0.1283080154, "researchAndDevelopmentExpenses": 0, "generalAndAdministrativeExpenses": 0, "sellingAndMarketingExpenses": 0, "sellingGeneralAndAdministrativeExpenses": 183733000, "otherExpenses": 0, "operatingExpenses": 183733000, "costAndExpenses": 2426722000, "interestIncome": 879000, "interestExpense": 5930000, "depreciationAndAmortization": 55684000, "ebitda": 202106000, "ebitdaratio": 0.0785443799, "operatingIncome": 146422000, "operatingIncomeRatio": 0.0569039276, "totalOtherIncomeExpensesNet": -5930000, "incomeBeforeTax": 140492000, "incomeBeforeTaxRatio": 0.0545993539, "incomeTaxExpense": 47510000, "netIncome": 90039000, "netIncomeRatio": 0.0349918232, "eps": 1.45, "epsdiluted": 1.43, "weightedAverageShsOut": 62053000, "weightedAverageShsOutDil": 62775000, "link": "https://www.sec.gov/Archives/edgar/data/831641/000104746911009637/0001047469-11-009637-index.htm", "finalLink": "https://www.sec.gov/Archives/edgar/data/831641/000104746911009637/a2206275z10-k.htm", "calculatedOtherExpenses": 0, "calculatedOperatingExpenses": 183733000, "calculatedNetInterest": -5051000, "calculatedOtherIncome": -879000, "calculatedIncomeNonControlling": 2943000, "calculatedEbitda": 202106000}, {"date": "2010-10-03", "symbol": "TTEK", "reportedCurrency": "USD", "cik": "0000831641", "fillingDate": "2010-11-16", "acceptedDate": "2010-11-15 21:54:33", "calendarYear": "2010", "period": "FY", "revenue": 2201232000, "costOfRevenue": 1913544000, "grossProfit": 287688000, "grossProfitRatio": 0.130694084, "researchAndDevelopmentExpenses": 0, "generalAndAdministrativeExpenses": 0, "sellingAndMarketingExpenses": 0, "sellingGeneralAndAdministrativeExpenses": 163214000, "otherExpenses": 0, "operatingExpenses": 163214000, "costAndExpenses": 2076758000, "interestIncome": 801000, "interestExpense": 1387000, "depreciationAndAmortization": 33491000, "ebitda": 157965000, "ebitdaratio": 0.071762086, "operatingIncome": 124474000, "operatingIncomeRatio": 0.0565474244, "totalOtherIncomeExpensesNet": -1387000, "incomeBeforeTax": 123087000, "incomeBeforeTaxRatio": 0.0559173227, "incomeTaxExpense": 46268000, "netIncome": 76819000, "netIncomeRatio": 0.0348981843, "eps": 1.25, "epsdiluted": 1.24, "weightedAverageShsOut": 61430000, "weightedAverageShsOutDil": 62087000, "link": "https://www.sec.gov/Archives/edgar/data/831641/000104746910009822/0001047469-10-009822-index.htm", "finalLink": "https://www.sec.gov/Archives/edgar/data/831641/000104746910009822/a2200961z10-k.htm", "calculatedOtherExpenses": 0, "calculatedOperatingExpenses": 163214000, "calculatedNetInterest": -586000, "calculatedOtherIncome": -801000, "calculatedIncomeNonControlling": 0, "calculatedEbitda": 157965000}, {"date": "2009-09-27", "symbol": "TTEK", "reportedCurrency": "USD", "cik": "0000831641", "fillingDate": "2009-11-16", "acceptedDate": "2009-11-13 19:16:32", "calendarYear": "2009", "period": "FY", "revenue": 2287484000, "costOfRevenue": 2009859000, "grossProfit": 277625000, "grossProfitRatio": 0.1213669691, "researchAndDevelopmentExpenses": 0, "generalAndAdministrativeExpenses": 0, "sellingAndMarketingExpenses": 0, "sellingGeneralAndAdministrativeExpenses": 155736000, "otherExpenses": 0, "operatingExpenses": 155736000, "costAndExpenses": 2165595000, "interestIncome": 554000, "interestExpense": 2684000, "depreciationAndAmortization": 27256000, "ebitda": 149145000, "ebitdaratio": 0.065200456, "operatingIncome": 121889000, "operatingIncomeRatio": 0.0532851814, "totalOtherIncomeExpensesNet": -2684000, "incomeBeforeTax": 119205000, "incomeBeforeTaxRatio": 0.0521118399, "incomeTaxExpense": 32177000, "netIncome": 87028000, "netIncomeRatio": 0.0380452934, "eps": 1.45, "epsdiluted": 1.43, "weightedAverageShsOut": 60135000, "weightedAverageShsOutDil": 60994000, "link": "https://www.sec.gov/Archives/edgar/data/831641/000104746909010148/0001047469-09-010148-index.htm", "finalLink": "https://www.sec.gov/Archives/edgar/data/831641/000104746909010148/a2195448z10-k.htm", "calculatedOtherExpenses": 0, "calculatedOperatingExpenses": 155736000, "calculatedNetInterest": -2130000, "calculatedOtherIncome": -554000, "calculatedIncomeNonControlling": 0, "calculatedEbitda": 149145000}, {"date": "2008-09-28", "symbol": "TTEK", "reportedCurrency": "USD", "cik": "0000831641", "fillingDate": "2008-11-19", "acceptedDate": "2008-11-18 20:46:43", "calendarYear": "2008", "period": "FY", "revenue": 2145254000, "costOfRevenue": 1891067000, "grossProfit": 254187000, "grossProfitRatio": 0.1184880671, "researchAndDevelopmentExpenses": 0, "generalAndAdministrativeExpenses": 0, "sellingAndMarketingExpenses": 0, "sellingGeneralAndAdministrativeExpenses": 147787000, "otherExpenses": 0, "operatingExpenses": 147787000, "costAndExpenses": 2038854000, "interestIncome": 2029000, "interestExpense": -5016000, "depreciationAndAmortization": 18639000, "ebitda": 125039000, "ebitdaratio": 0.0582863381, "operatingIncome": 106400000, "operatingIncomeRatio": 0.0495978565, "totalOtherIncomeExpensesNet": -2987000, "incomeBeforeTax": 103413000, "incomeBeforeTaxRatio": 0.0482054806, "incomeTaxExpense": 42507000, "netIncome": 60906000, "netIncomeRatio": 0.0283910437, "eps": 1.04, "epsdiluted": 1.02, "weightedAverageShsOut": 58813000, "weightedAverageShsOutDil": 59632000, "link": "https://www.sec.gov/Archives/edgar/data/831641/000104746908012390/0001047469-08-012390-index.htm", "finalLink": "https://www.sec.gov/Archives/edgar/data/831641/000104746908012390/a2189134z10-k.htm", "calculatedOtherExpenses": 0, "calculatedOperatingExpenses": 147787000, "calculatedNetInterest": 7045000, "calculatedOtherIncome": -10032000, "calculatedIncomeNonControlling": 0, "calculatedEbitda": 125039000}, {"date": "2007-09-30", "symbol": "TTEK", "reportedCurrency": "USD", "cik": "0000831641", "fillingDate": "2007-11-27", "acceptedDate": "2007-11-27 16:18:28", "calendarYear": "2007", "period": "FY", "revenue": 1553888000, "costOfRevenue": 1353243000, "grossProfit": 200645000, "grossProfitRatio": 0.1291244929, "researchAndDevelopmentExpenses": 0, "generalAndAdministrativeExpenses": 0, "sellingAndMarketingExpenses": 0, "sellingGeneralAndAdministrativeExpenses": 114348000, "otherExpenses": 0, "operatingExpenses": 114348000, "costAndExpenses": 1467591000, "interestIncome": 2984000, "interestExpense": -5274000, "depreciationAndAmortization": 13723000, "ebitda": 104246000, "ebitdaratio": 0.0670872032, "operatingIncome": 86297000, "operatingIncomeRatio": 0.0555361776, "totalOtherIncomeExpensesNet": -4226000, "incomeBeforeTax": 79781000, "incomeBeforeTaxRatio": 0.0513428252, "incomeTaxExpense": 33437000, "netIncome": 46353000, "netIncomeRatio": 0.0298303353, "eps": 0.8, "epsdiluted": 0.79, "weightedAverageShsOut": 57948000, "weightedAverageShsOutDil": 58553000, "link": "https://www.sec.gov/Archives/edgar/data/831641/000104746907009543/0001047469-07-009543-index.htm", "finalLink": "https://www.sec.gov/Archives/edgar/data/831641/000104746907009543/a2181290z10-k.htm", "calculatedOtherExpenses": 0, "calculatedOperatingExpenses": 114348000, "calculatedNetInterest": 8258000, "calculatedOtherIncome": -14774000, "calculatedIncomeNonControlling": -9000, "calculatedEbitda": 100020000}, {"date": "2006-10-01", "symbol": "TTEK", "reportedCurrency": "USD", "cik": "0000831641", "fillingDate": "2006-12-28", "acceptedDate": "2006-12-28 14:29:18", "calendarYear": "2006", "period": "FY", "revenue": 1414704000, "costOfRevenue": 1232831000, "grossProfit": 181873000, "grossProfitRatio": 0.1285590484, "researchAndDevelopmentExpenses": 0, "generalAndAdministrativeExpenses": 0, "sellingAndMarketingExpenses": 0, "sellingGeneralAndAdministrativeExpenses": 112378000, "otherExpenses": 0, "operatingExpenses": 112378000, "costAndExpenses": 1345209000, "interestIncome": 0, "interestExpense": 0, "depreciationAndAmortization": 12696000, "ebitda": 82191000, "ebitdaratio": 0.0580976657, "operatingIncome": 69495000, "operatingIncomeRatio": 0.0491233502, "totalOtherIncomeExpensesNet": -5098000, "incomeBeforeTax": 64397000, "incomeBeforeTaxRatio": 0.0455197695, "incomeTaxExpense": 27933000, "netIncome": 36604000, "netIncomeRatio": 0.0258739637, "eps": 0.64, "epsdiluted": 0.63, "weightedAverageShsOut": 57376000, "weightedAverageShsOutDil": 57892000, "link": "https://www.sec.gov/Archives/edgar/data/831641/000110465906084204/0001104659-06-084204-index.htm", "finalLink": "https://www.sec.gov/Archives/edgar/data/831641/000110465906084204/a06-25650_110k.htm", "calculatedOtherExpenses": 0, "calculatedOperatingExpenses": 112378000, "calculatedNetInterest": 0, "calculatedOtherIncome": -5098000, "calculatedIncomeNonControlling": -140000, "calculatedEbitda": 82191000}, {"date": "2005-10-02", "symbol": "TTEK", "reportedCurrency": "USD", "cik": "0000831641", "fillingDate": "2005-12-16", "acceptedDate": "2005-12-16 15:54:53", "calendarYear": "2005", "period": "FY", "revenue": 1286031000, "costOfRevenue": 1171440000, "grossProfit": 114591000, "grossProfitRatio": 0.089104384, "researchAndDevelopmentExpenses": 0, "generalAndAdministrativeExpenses": 0, "sellingAndMarketingExpenses": 0, "sellingGeneralAndAdministrativeExpenses": 122646000, "otherExpenses": 105612000, "operatingExpenses": 228258000, "costAndExpenses": 1399698000, "interestIncome": 0, "interestExpense": 0, "depreciationAndAmortization": 16321000, "ebitda": 8266000, "ebitdaratio": 0.0064275278, "operatingIncome": -113667000, "operatingIncomeRatio": -0.0883858943, "totalOtherIncomeExpensesNet": -105612000, "incomeBeforeTax": -124830000, "incomeBeforeTaxRatio": -0.0970660894, "incomeTaxExpense": -26152000, "netIncome": -99469000, "netIncomeRatio": -0.0773457249, "eps": -1.75, "epsdiluted": -1.75, "weightedAverageShsOut": 56736000, "weightedAverageShsOutDil": 56736000, "link": "https://www.sec.gov/Archives/edgar/data/831641/000110465905061302/0001104659-05-061302-index.htm", "finalLink": "https://www.sec.gov/Archives/edgar/data/831641/000110465905061302/a05-21654_110k.htm", "calculatedOtherExpenses": 105612000, "calculatedOperatingExpenses": 228258000, "calculatedNetInterest": 0, "calculatedOtherIncome": -11163000, "calculatedIncomeNonControlling": 791000, "calculatedEbitda": -97346000}, {"date": "2004-10-03", "symbol": "TTEK", "reportedCurrency": "USD", "cik": "0000831641", "fillingDate": "2005-01-03", "acceptedDate": "2005-01-03 17:21:33", "calendarYear": "2004", "period": "FY", "revenue": 1437556000, "costOfRevenue": 1281793000, "grossProfit": 155763000, "grossProfitRatio": 0.1083526485, "researchAndDevelopmentExpenses": 0, "generalAndAdministrativeExpenses": 0, "sellingAndMarketingExpenses": 0, "sellingGeneralAndAdministrativeExpenses": 105581000, "otherExpenses": 0, "operatingExpenses": 105581000, "costAndExpenses": 1387374000, "interestIncome": 0, "interestExpense": 0, "depreciationAndAmortization": 18500000, "ebitda": 68682000, "ebitdaratio": 0.0477769214, "operatingIncome": 50182000, "operatingIncomeRatio": 0.0349078575, "totalOtherIncomeExpensesNet": -9718000, "incomeBeforeTax": 40464000, "incomeBeforeTaxRatio": 0.028147773, "incomeTaxExpense": 16722000, "netIncome": 23742000, "netIncomeRatio": 0.0165155305, "eps": 0.42, "epsdiluted": 0.41, "weightedAverageShsOut": 55969000, "weightedAverageShsOutDil": 57288000, "link": "https://www.sec.gov/Archives/edgar/data/831641/000104746905000037/0001047469-05-000037-index.htm", "finalLink": "https://www.sec.gov/Archives/edgar/data/831641/000104746905000037/a2149127z10-k.htm", "calculatedOtherExpenses": 0, "calculatedOperatingExpenses": 105581000, "calculatedNetInterest": 0, "calculatedOtherIncome": -9718000, "calculatedIncomeNonControlling": 0, "calculatedEbitda": 68682000}, {"date": "2003-09-28", "symbol": "TTEK", "reportedCurrency": "USD", "cik": "0000831641", "fillingDate": "2003-12-16", "acceptedDate": "2003-12-15 21:55:06", "calendarYear": "2003", "period": "FY", "revenue": 860772000, "costOfRevenue": 680158000, "grossProfit": 180614000, "grossProfitRatio": 0.2098279219, "researchAndDevelopmentExpenses": 0, "generalAndAdministrativeExpenses": 0, "sellingAndMarketingExpenses": 0, "sellingGeneralAndAdministrativeExpenses": 87462000, "otherExpenses": 0, "operatingExpenses": 87462000, "costAndExpenses": 767620000, "interestIncome": 0, "interestExpense": 0, "depreciationAndAmortization": 16727000, "ebitda": 109879000, "ebitdaratio": 0.1276516894, "operatingIncome": 93152000, "operatingIncomeRatio": 0.1082191335, "totalOtherIncomeExpensesNet": -9274000, "incomeBeforeTax": 83878000, "incomeBeforeTaxRatio": 0.0974450842, "incomeTaxExpense": 33769000, "netIncome": -64560000, "netIncomeRatio": -0.0750024397, "eps": -1.18, "epsdiluted": -1.16, "weightedAverageShsOut": 54766000, "weightedAverageShsOutDil": 55782000, "link": "https://www.sec.gov/Archives/edgar/data/831641/000104746903041045/0001047469-03-041045-index.htm", "finalLink": "https://www.sec.gov/Archives/edgar/data/831641/000104746903041045/a2124434z10-k.htm", "calculatedOtherExpenses": 0, "calculatedOperatingExpenses": 87462000, "calculatedNetInterest": 0, "calculatedOtherIncome": -9274000, "calculatedIncomeNonControlling": 114669000, "calculatedEbitda": 109879000}, {"date": "2002-09-29", "symbol": "TTEK", "reportedCurrency": "USD", "cik": "0000831641", "fillingDate": "2002-12-30", "acceptedDate": "2002-12-30 16:07:10", "calendarYear": "2002", "period": "FY", "revenue": 740715000, "costOfRevenue": 582153000, "grossProfit": 158562000, "grossProfitRatio": 0.2140661388, "researchAndDevelopmentExpenses": 0, "generalAndAdministrativeExpenses": 0, "sellingAndMarketingExpenses": 0, "sellingGeneralAndAdministrativeExpenses": 98141000, "otherExpenses": 0, "operatingExpenses": 98141000, "costAndExpenses": 680294000, "interestIncome": 0, "interestExpense": 0, "depreciationAndAmortization": 23354000, "ebitda": 83775000, "ebitdaratio": 0.1131001802, "operatingIncome": 60421000, "operatingIncomeRatio": 0.0815711846, "totalOtherIncomeExpensesNet": -5452000, "incomeBeforeTax": 54969000, "incomeBeforeTaxRatio": 0.0742107288, "incomeTaxExpense": 23059000, "netIncome": 31910000, "netIncomeRatio": 0.043079997, "eps": 0.54, "epsdiluted": 0.53, "weightedAverageShsOut": 53995000, "weightedAverageShsOutDil": 55086000, "link": "https://www.sec.gov/Archives/edgar/data/831641/000104746902008614/0001047469-02-008614-index.htm", "finalLink": "https://www.sec.gov/Archives/edgar/data/831641/000104746902008614/a2096805z10-k.htm", "calculatedOtherExpenses": 0, "calculatedOperatingExpenses": 98141000, "calculatedNetInterest": 0, "calculatedOtherIncome": -5452000, "calculatedIncomeNonControlling": 0, "calculatedEbitda": 83775000}, {"date": "2001-09-30", "symbol": "TTEK", "reportedCurrency": "USD", "cik": "0000831641", "fillingDate": "2001-12-31", "acceptedDate": "2001-12-31 00:00:00", "calendarYear": "2001", "period": "FY", "revenue": 730064000, "costOfRevenue": 559474000, "grossProfit": 170590000, "grossProfitRatio": 0.2336644459, "researchAndDevelopmentExpenses": 0, "generalAndAdministrativeExpenses": 0, "sellingAndMarketingExpenses": 0, "sellingGeneralAndAdministrativeExpenses": 121348000, "otherExpenses": 0, "operatingExpenses": 121348000, "costAndExpenses": 680822000, "interestIncome": 0, "interestExpense": 0, "depreciationAndAmortization": 21362000, "ebitda": 70604000, "ebitdaratio": 0.0967093296, "operatingIncome": 49242000, "operatingIncomeRatio": 0.0674488812, "totalOtherIncomeExpensesNet": -8543000, "incomeBeforeTax": 40699000, "incomeBeforeTaxRatio": 0.0557471674, "incomeTaxExpense": 9874000, "netIncome": 30825000, "netIncomeRatio": 0.0422223257, "eps": 0.81, "epsdiluted": 0.78, "weightedAverageShsOut": 50002000, "weightedAverageShsOutDil": 52003000, "link": "https://www.sec.gov/Archives/edgar/data/831641/000091205701544914/0000912057-01-544914-index.htm", "finalLink": "https://www.sec.gov/Archives/edgar/data/831641/000091205701544914/a2066423z10-k.htm", "calculatedOtherExpenses": 0, "calculatedOperatingExpenses": 121348000, "calculatedNetInterest": 0, "calculatedOtherIncome": -8543000, "calculatedIncomeNonControlling": 0, "calculatedEbitda": 70604000}, {"date": "2000-10-01", "symbol": "TTEK", "reportedCurrency": "USD", "cik": "0000831641", "fillingDate": "2000-12-29", "acceptedDate": "2000-12-29 00:00:00", "calendarYear": "2000", "period": "FY", "revenue": 794578000, "costOfRevenue": 635620000, "grossProfit": 158958000, "grossProfitRatio": 0.2000533617, "researchAndDevelopmentExpenses": 0, "generalAndAdministrativeExpenses": 0, "sellingAndMarketingExpenses": 0, "sellingGeneralAndAdministrativeExpenses": 71004000, "otherExpenses": 13709000, "operatingExpenses": 84713000, "costAndExpenses": 720333000, "interestIncome": 0, "interestExpense": 0, "depreciationAndAmortization": 13709000, "ebitda": 87954000, "ebitdaratio": 0.1106927199, "operatingIncome": 74245000, "operatingIncomeRatio": 0.0934395365, "totalOtherIncomeExpensesNet": -7026000, "incomeBeforeTax": 67219000, "incomeBeforeTaxRatio": 0.0845971069, "incomeTaxExpense": 26777000, "netIncome": 40442000, "netIncomeRatio": 0.0508974575, "eps": 0.83, "epsdiluted": 0.78, "weightedAverageShsOut": 48754000, "weightedAverageShsOutDil": 52003000, "link": "https://www.sec.gov/Archives/edgar/data/831641/000091205700055237/0000912057-00-055237-index.htm", "finalLink": "https://www.sec.gov/Archives/edgar/data/831641/000091205700055237/a2034071z10-k.txt", "calculatedOtherExpenses": 13709000, "calculatedOperatingExpenses": 84713000, "calculatedNetInterest": 0, "calculatedOtherIncome": -7026000, "calculatedIncomeNonControlling": 0, "calculatedEbitda": 87954000}, {"date": "1999-10-03", "symbol": "TTEK", "reportedCurrency": "USD", "cik": "0000831641", "fillingDate": "1999-12-30", "acceptedDate": "1999-12-30 00:00:00", "calendarYear": "1999", "period": "FY", "revenue": 432100000, "costOfRevenue": 314600000, "grossProfit": 117500000, "grossProfitRatio": 0.2719277945, "researchAndDevelopmentExpenses": 0, "generalAndAdministrativeExpenses": 0, "sellingAndMarketingExpenses": 0, "sellingGeneralAndAdministrativeExpenses": 49300000, "otherExpenses": 12700000, "operatingExpenses": 62000000, "costAndExpenses": 376600000, "interestIncome": 0, "interestExpense": 0, "depreciationAndAmortization": 12700000, "ebitda": 68200000, "ebitdaratio": 0.1578338348, "operatingIncome": 55500000, "operatingIncomeRatio": 0.1284424902, "totalOtherIncomeExpensesNet": -3200000, "incomeBeforeTax": 52300000, "incomeBeforeTaxRatio": 0.121036797, "incomeTaxExpense": 23200000, "netIncome": 29100000, "netIncomeRatio": 0.0673455219, "eps": 0.62, "epsdiluted": 0.59, "weightedAverageShsOut": 46448750, "weightedAverageShsOutDil": 49437500, "link": "https://www.sec.gov/Archives/edgar/data/831641/000091205799011010/0000912057-99-011010-index.html", "finalLink": "https://www.sec.gov/Archives/edgar/data/831641/000091205799011010/", "calculatedOtherExpenses": 12700000, "calculatedOperatingExpenses": 62000000, "calculatedNetInterest": 0, "calculatedOtherIncome": -3200000, "calculatedIncomeNonControlling": 0, "calculatedEbitda": 68200000}, {"date": "1998-10-04", "symbol": "TTEK", "reportedCurrency": "USD", "cik": "0000831641", "fillingDate": "1998-12-31", "acceptedDate": "1998-12-31 00:00:00", "calendarYear": "1998", "period": "FY", "revenue": 382900000, "costOfRevenue": 302600000, "grossProfit": 80300000, "grossProfitRatio": 0.2097153304, "researchAndDevelopmentExpenses": 0, "generalAndAdministrativeExpenses": 0, "sellingAndMarketingExpenses": 0, "sellingGeneralAndAdministrativeExpenses": 33900000, "otherExpenses": 6600000, "operatingExpenses": 40500000, "costAndExpenses": 343100000, "interestIncome": 0, "interestExpense": 0, "depreciationAndAmortization": 6600000, "ebitda": 46000000, "ebitdaratio": 0.1201358057, "operatingIncome": 39800000, "operatingIncomeRatio": 0.1039435884, "totalOtherIncomeExpensesNet": 400000, "incomeBeforeTax": 36500000, "incomeBeforeTaxRatio": 0.0953251502, "incomeTaxExpense": 15900000, "netIncome": 20600000, "netIncomeRatio": 0.0537999478, "eps": 0.47, "epsdiluted": 0.45, "weightedAverageShsOut": 43702500, "weightedAverageShsOutDil": 45610000, "link": "https://www.sec.gov/Archives/edgar/data/831641/000104746998045681/0001047469-98-045681-index.html", "finalLink": "https://www.sec.gov/Archives/edgar/data/831641/", "calculatedOtherExpenses": 6600000, "calculatedOperatingExpenses": 40500000, "calculatedNetInterest": 0, "calculatedOtherIncome": -3300000, "calculatedIncomeNonControlling": 0, "calculatedEbitda": 46400000}, {"date": "1997-09-28", "symbol": "TTEK", "reportedCurrency": "USD", "cik": "0000831641", "fillingDate": "1997-12-29", "acceptedDate": "1997-12-24 18:14:29", "calendarYear": "1997", "period": "FY", "revenue": 246800000, "costOfRevenue": 192500000, "grossProfit": 54300000, "grossProfitRatio": 0.2200162075, "researchAndDevelopmentExpenses": 0, "generalAndAdministrativeExpenses": 0, "sellingAndMarketingExpenses": 0, "sellingGeneralAndAdministrativeExpenses": 25200000, "otherExpenses": 4500000, "operatingExpenses": 29700000, "costAndExpenses": 222200000, "interestIncome": 0, "interestExpense": 0, "depreciationAndAmortization": 4500000, "ebitda": 28800000, "ebitdaratio": 0.1166936791, "operatingIncome": 24600000, "operatingIncomeRatio": 0.0996758509, "totalOtherIncomeExpensesNet": 300000, "incomeBeforeTax": 24600000, "incomeBeforeTaxRatio": 0.0996758509, "incomeTaxExpense": 10300000, "netIncome": 14300000, "netIncomeRatio": 0.0579416532, "eps": 0.39, "epsdiluted": 0.37, "weightedAverageShsOut": 36479592, "weightedAverageShsOutDil": 38858696, "link": "https://www.sec.gov/Archives/edgar/data/831641/000104746997008889/0001047469-97-008889-index.htm", "finalLink": "https://www.sec.gov/Archives/edgar/data/831641/000104746997008889/", "calculatedOtherExpenses": 4500000, "calculatedOperatingExpenses": 29700000, "calculatedNetInterest": 0, "calculatedOtherIncome": 0, "calculatedIncomeNonControlling": 0, "calculatedEbitda": 29100000}, {"date": "1996-09-29", "symbol": "TTEK", "reportedCurrency": "USD", "cik": "0000831641", "fillingDate": "1996-12-30", "acceptedDate": "1996-12-30 00:00:00", "calendarYear": "1996", "period": "FY", "revenue": 220100000, "costOfRevenue": 177600000, "grossProfit": 42500000, "grossProfitRatio": 0.1930940482, "researchAndDevelopmentExpenses": 0, "generalAndAdministrativeExpenses": 0, "sellingAndMarketingExpenses": 0, "sellingGeneralAndAdministrativeExpenses": 21200000, "otherExpenses": 3600000, "operatingExpenses": 24800000, "costAndExpenses": 202400000, "interestIncome": 0, "interestExpense": 0, "depreciationAndAmortization": 3600000, "ebitda": 21000000, "ebitdaratio": 0.0954111767, "operatingIncome": 17700000, "operatingIncomeRatio": 0.0804179918, "totalOtherIncomeExpensesNet": 300000, "incomeBeforeTax": 17000000, "incomeBeforeTaxRatio": 0.0772376193, "incomeTaxExpense": 6900000, "netIncome": 10100000, "netIncomeRatio": 0.0458882326, "eps": 0.23, "epsdiluted": 0.23, "weightedAverageShsOut": 44102832, "weightedAverageShsOutDil": 44102832, "link": "https://www.sec.gov/Archives/edgar/data/831641/000089843096005943/0000898430-96-005943-index.html", "finalLink": "https://www.sec.gov/Archives/edgar/data/831641/", "calculatedOtherExpenses": 3600000, "calculatedOperatingExpenses": 24800000, "calculatedNetInterest": 0, "calculatedOtherIncome": -700000, "calculatedIncomeNonControlling": 0, "calculatedEbitda": 21300000}, {"date": "1995-09-30", "symbol": "TTEK", "reportedCurrency": "USD", "cik": "0000831641", "fillingDate": "1995-09-30", "acceptedDate": "1995-09-29 20:00:00", "calendarYear": "1995", "period": "FY", "revenue": 120000000, "costOfRevenue": 95800000, "grossProfit": 24200000, "grossProfitRatio": 0.2016666667, "researchAndDevelopmentExpenses": 0, "generalAndAdministrativeExpenses": 0, "sellingAndMarketingExpenses": 0, "sellingGeneralAndAdministrativeExpenses": 10600000, "otherExpenses": 1900000, "operatingExpenses": 12500000, "costAndExpenses": 108300000, "interestIncome": 0, "interestExpense": 0, "depreciationAndAmortization": 1900000, "ebitda": 12700000, "ebitdaratio": 0.1058333333, "operatingIncome": 11700000, "operatingIncomeRatio": 0.0975, "totalOtherIncomeExpensesNet": 900000, "incomeBeforeTax": 12600000, "incomeBeforeTaxRatio": 0.105, "incomeTaxExpense": 5000000, "netIncome": 7600000, "netIncomeRatio": 0.0633333333, "eps": 0.24, "epsdiluted": 0.23, "weightedAverageShsOut": 31666667, "weightedAverageShsOutDil": 32758621, "link": "", "finalLink": "", "calculatedOtherExpenses": 1900000, "calculatedOperatingExpenses": 12500000, "calculatedNetInterest": 0, "calculatedOtherIncome": 900000, "calculatedIncomeNonControlling": 0, "calculatedEbitda": 13600000}, {"date": "1994-09-30", "symbol": "TTEK", "reportedCurrency": "USD", "cik": "0000831641", "fillingDate": "1994-09-30", "acceptedDate": "1994-09-29 20:00:00", "calendarYear": "1994", "period": "FY", "revenue": 96500000, "costOfRevenue": 78400000, "grossProfit": 18100000, "grossProfitRatio": 0.1875647668, "researchAndDevelopmentExpenses": 0, "generalAndAdministrativeExpenses": 0, "sellingAndMarketingExpenses": 0, "sellingGeneralAndAdministrativeExpenses": 7600000, "otherExpenses": 1400000, "operatingExpenses": 9000000, "costAndExpenses": 87400000, "interestIncome": 0, "interestExpense": 0, "depreciationAndAmortization": 1400000, "ebitda": 10100000, "ebitdaratio": 0.1046632124, "operatingIncome": 9100000, "operatingIncomeRatio": 0.0943005181, "totalOtherIncomeExpensesNet": 400000, "incomeBeforeTax": 9500000, "incomeBeforeTaxRatio": 0.0984455959, "incomeTaxExpense": 3800000, "netIncome": 5700000, "netIncomeRatio": 0.0590673575, "eps": 0.18, "epsdiluted": 0.18, "weightedAverageShsOut": 32386364, "weightedAverageShsOutDil": 32386364, "link": "", "finalLink": "", "calculatedOtherExpenses": 1400000, "calculatedOperatingExpenses": 9000000, "calculatedNetInterest": 0, "calculatedOtherIncome": 400000, "calculatedIncomeNonControlling": 0, "calculatedEbitda": 10500000}, {"date": "1993-09-30", "symbol": "TTEK", "reportedCurrency": "USD", "cik": "0000831641", "fillingDate": "1993-09-30", "acceptedDate": "1993-09-29 20:00:00", "calendarYear": "1993", "period": "FY", "revenue": 74500000, "costOfRevenue": 60900000, "grossProfit": 13600000, "grossProfitRatio": 0.1825503356, "researchAndDevelopmentExpenses": 0, "generalAndAdministrativeExpenses": 0, "sellingAndMarketingExpenses": 0, "sellingGeneralAndAdministrativeExpenses": 5700000, "otherExpenses": 1100000, "operatingExpenses": 6800000, "costAndExpenses": 67700000, "interestIncome": 0, "interestExpense": 0, "depreciationAndAmortization": 1100000, "ebitda": 7600000, "ebitdaratio": 0.1020134228, "operatingIncome": 6800000, "operatingIncomeRatio": 0.0912751678, "totalOtherIncomeExpensesNet": 300000, "incomeBeforeTax": 7200000, "incomeBeforeTaxRatio": 0.0966442953, "incomeTaxExpense": 2900000, "netIncome": 4300000, "netIncomeRatio": 0.0577181208, "eps": 0.14, "epsdiluted": 0.14, "weightedAverageShsOut": 31617647, "weightedAverageShsOutDil": 31617647, "link": "", "finalLink": "", "calculatedOtherExpenses": 1100000, "calculatedOperatingExpenses": 6800000, "calculatedNetInterest": 0, "calculatedOtherIncome": 400000, "calculatedIncomeNonControlling": 0, "calculatedEbitda": 7900000}, {"date": "1992-09-30", "symbol": "TTEK", "reportedCurrency": "USD", "cik": "0000831641", "fillingDate": "1992-09-30", "acceptedDate": "1992-09-29 20:00:00", "calendarYear": "1992", "period": "FY", "revenue": 65600000, "costOfRevenue": 55000000, "grossProfit": 10600000, "grossProfitRatio": 0.1615853659, "researchAndDevelopmentExpenses": 0, "generalAndAdministrativeExpenses": 0, "sellingAndMarketingExpenses": 0, "sellingGeneralAndAdministrativeExpenses": 4600000, "otherExpenses": 800000, "operatingExpenses": 5400000, "costAndExpenses": 60400000, "interestIncome": 0, "interestExpense": 0, "depreciationAndAmortization": 800000, "ebitda": 5800000, "ebitdaratio": 0.0884146341, "operatingIncome": 5200000, "operatingIncomeRatio": 0.0792682927, "totalOtherIncomeExpensesNet": 200000, "incomeBeforeTax": 5000000, "incomeBeforeTaxRatio": 0.0762195122, "incomeTaxExpense": 2000000, "netIncome": 3000000, "netIncomeRatio": 0.0457317073, "eps": 0.11, "epsdiluted": 0.11, "weightedAverageShsOut": 26785714, "weightedAverageShsOutDil": 26785714, "link": "", "finalLink": "", "calculatedOtherExpenses": 800000, "calculatedOperatingExpenses": 5400000, "calculatedNetInterest": 0, "calculatedOtherIncome": -200000, "calculatedIncomeNonControlling": 0, "calculatedEbitda": 6000000}, {"date": "1991-09-30", "symbol": "TTEK", "reportedCurrency": "USD", "cik": "0000831641", "fillingDate": "1991-09-30", "acceptedDate": "1991-09-29 20:00:00", "calendarYear": "1991", "period": "FY", "revenue": 51500000, "costOfRevenue": 42800000, "grossProfit": 8700000, "grossProfitRatio": 0.1689320388, "researchAndDevelopmentExpenses": 0, "generalAndAdministrativeExpenses": 0, "sellingAndMarketingExpenses": 0, "sellingGeneralAndAdministrativeExpenses": 4300000, "otherExpenses": 900000, "operatingExpenses": 5200000, "costAndExpenses": 48000000, "interestIncome": 0, "interestExpense": 0, "depreciationAndAmortization": 900000, "ebitda": 4300000, "ebitdaratio": 0.0834951456, "operatingIncome": 3500000, "operatingIncomeRatio": 0.067961165, "totalOtherIncomeExpensesNet": 100000, "incomeBeforeTax": 2600000, "incomeBeforeTaxRatio": 0.0504854369, "incomeTaxExpense": 300000, "netIncome": 2300000, "netIncomeRatio": 0.0446601942, "eps": 0.11, "epsdiluted": 0.11, "weightedAverageShsOut": 21250000, "weightedAverageShsOutDil": 21250000, "link": "", "finalLink": "", "calculatedOtherExpenses": 900000, "calculatedOperatingExpenses": 5200000, "calculatedNetInterest": 0, "calculatedOtherIncome": -900000, "calculatedIncomeNonControlling": 0, "calculatedEbitda": 4400000}]}