{"originalCurrency": "CAD", "convertedCurrency": "CAD", "report": [{"date": "2023-12-31", "symbol": "TU", "reportedCurrency": "CAD", "cik": "0000868675", "fillingDate": "2023-12-31", "acceptedDate": "2023-12-30 19:00:00", "calendarYear": "2023", "period": "FY", "revenue": 20005000000, "costOfRevenue": 7537000000, "grossProfit": 12468000000, "grossProfitRatio": 0.623244189, "researchAndDevelopmentExpenses": 0, "generalAndAdministrativeExpenses": 6148000000, "sellingAndMarketingExpenses": 0, "sellingGeneralAndAdministrativeExpenses": 6148000000, "otherExpenses": 5000000, "operatingExpenses": 10204000000, "costAndExpenses": 17741000000, "interestIncome": 29000000, "interestExpense": 1293000000, "depreciationAndAmortization": 4069000000, "ebitda": 6367000000, "ebitdaratio": 0.3182704324, "operatingIncome": 2362000000, "operatingIncomeRatio": 0.1180704824, "totalOtherIncomeExpensesNet": 89000000, "incomeBeforeTax": 1089000000, "incomeBeforeTaxRatio": 0.0544363909, "incomeTaxExpense": 222000000, "netIncome": 841000000, "netIncomeRatio": 0.0420394901, "eps": 0.58, "epsdiluted": 0.58, "weightedAverageShsOut": 1451000000, "weightedAverageShsOutDil": 1457000000, "link": null, "finalLink": null, "calculatedOtherExpenses": 3958000000, "calculatedOperatingExpenses": 10106000000, "calculatedNetInterest": -1264000000, "calculatedOtherIncome": -9000000, "calculatedIncomeNonControlling": 26000000, "calculatedEbitda": 6431000000}, {"date": "2022-12-31", "symbol": "TU", "reportedCurrency": "CAD", "cik": "0000868675", "fillingDate": "2022-12-31", "acceptedDate": "2022-12-30 19:00:00", "calendarYear": "2022", "period": "FY", "revenue": 18292000000, "costOfRevenue": 7107000000, "grossProfit": 11185000000, "grossProfitRatio": 0.6114694949, "researchAndDevelopmentExpenses": 0, "generalAndAdministrativeExpenses": 4899000000, "sellingAndMarketingExpenses": 0, "sellingGeneralAndAdministrativeExpenses": 4899000000, "otherExpenses": 3446000000, "operatingExpenses": 8345000000, "costAndExpenses": 15452000000, "interestIncome": 21000000, "interestExpense": 867000000, "depreciationAndAmortization": 3364000000, "ebitda": 6318000000, "ebitdaratio": 0.3453968948, "operatingIncome": 2954000000, "operatingIncomeRatio": 0.1614913623, "totalOtherIncomeExpensesNet": -632000000, "incomeBeforeTax": 2322000000, "incomeBeforeTaxRatio": 0.1269407391, "incomeTaxExpense": 604000000, "netIncome": 1615000000, "netIncomeRatio": 0.0882899628, "eps": 1.16, "epsdiluted": 1.15, "weightedAverageShsOut": 1396000000, "weightedAverageShsOutDil": 1403000000, "link": "", "finalLink": "", "calculatedOtherExpenses": 3332000000, "calculatedOperatingExpenses": 8231000000, "calculatedNetInterest": -846000000, "calculatedOtherIncome": 214000000, "calculatedIncomeNonControlling": 103000000, "calculatedEbitda": 6318000000}, {"date": "2021-12-31", "symbol": "TU", "reportedCurrency": "CAD", "cik": "0000868675", "fillingDate": "2021-12-31", "acceptedDate": "2021-12-31 00:00:00", "calendarYear": "2021", "period": "FY", "revenue": 16838000000, "costOfRevenue": 6699000000, "grossProfit": 10139000000, "grossProfitRatio": 0.602149899, "researchAndDevelopmentExpenses": 0, "generalAndAdministrativeExpenses": 4269000000, "sellingAndMarketingExpenses": 0, "sellingGeneralAndAdministrativeExpenses": 4269000000, "otherExpenses": 3208000000, "operatingExpenses": 7477000000, "costAndExpenses": 14176000000, "interestIncome": 20000000, "interestExpense": 805000000, "depreciationAndAmortization": 2828000000, "ebitda": 5902000000, "ebitdaratio": 0.3505166884, "operatingIncome": 3074000000, "operatingIncomeRatio": 0.1825632498, "totalOtherIncomeExpensesNet": -796000000, "incomeBeforeTax": 2278000000, "incomeBeforeTaxRatio": 0.1352892267, "incomeTaxExpense": 580000000, "netIncome": 1655000000, "netIncomeRatio": 0.0982895831, "eps": 1.23, "epsdiluted": 1.23, "weightedAverageShsOut": 1346000000, "weightedAverageShsOutDil": 1351000000, "link": null, "finalLink": null, "calculatedOtherExpenses": 2796000000, "calculatedOperatingExpenses": 7065000000, "calculatedNetInterest": -785000000, "calculatedOtherIncome": -11000000, "calculatedIncomeNonControlling": 43000000, "calculatedEbitda": 5902000000}, {"date": "2020-12-31", "symbol": "TU", "reportedCurrency": "CAD", "cik": "0000868675", "fillingDate": "2020-12-31", "acceptedDate": "2020-12-31 00:00:00", "calendarYear": "2020", "period": "FY", "revenue": 15341000000, "costOfRevenue": 6268000000, "grossProfit": 9073000000, "grossProfitRatio": 0.5914216805, "researchAndDevelopmentExpenses": 0, "generalAndAdministrativeExpenses": 3701000000, "sellingAndMarketingExpenses": 0, "sellingGeneralAndAdministrativeExpenses": 3701000000, "otherExpenses": 3000000000, "operatingExpenses": 6701000000, "costAndExpenses": 12969000000, "interestIncome": 11000000, "interestExpense": 746000000, "depreciationAndAmortization": 2918000000, "ebitda": 5400000000, "ebitdaratio": 0.3519979141, "operatingIncome": 2482000000, "operatingIncomeRatio": 0.1617886709, "totalOtherIncomeExpensesNet": -771000000, "incomeBeforeTax": 1711000000, "incomeBeforeTaxRatio": 0.1115311909, "incomeTaxExpense": 451000000, "netIncome": 1207000000, "netIncomeRatio": 0.0786780523, "eps": 0.95, "epsdiluted": 0.94, "weightedAverageShsOut": 1275000000, "weightedAverageShsOutDil": 1278000000, "link": null, "finalLink": null, "calculatedOtherExpenses": 2890000000, "calculatedOperatingExpenses": 6591000000, "calculatedNetInterest": -735000000, "calculatedOtherIncome": -36000000, "calculatedIncomeNonControlling": 53000000, "calculatedEbitda": 5400000000}, {"date": "2019-12-31", "symbol": "TU", "reportedCurrency": "CAD", "cik": "0000868675", "fillingDate": "2019-12-31", "acceptedDate": "2019-12-31 00:00:00", "calendarYear": "2019", "period": "FY", "revenue": 14589000000, "costOfRevenue": 6070000000, "grossProfit": 8519000000, "grossProfitRatio": 0.5839331003, "researchAndDevelopmentExpenses": 0, "generalAndAdministrativeExpenses": 3034000000, "sellingAndMarketingExpenses": 0, "sellingGeneralAndAdministrativeExpenses": 3034000000, "otherExpenses": 2555000000, "operatingExpenses": 5589000000, "costAndExpenses": 11659000000, "interestIncome": 11000000, "interestExpense": 709000000, "depreciationAndAmortization": 2543000000, "ebitda": 5520000000, "ebitdaratio": 0.378367263, "operatingIncome": 2977000000, "operatingIncomeRatio": 0.2040578518, "totalOtherIncomeExpensesNet": -733000000, "incomeBeforeTax": 2244000000, "incomeBeforeTaxRatio": 0.1538145178, "incomeTaxExpense": 468000000, "netIncome": 1746000000, "netIncomeRatio": 0.1196792104, "eps": 1.45, "epsdiluted": 1.45, "weightedAverageShsOut": 1204000000, "weightedAverageShsOutDil": 1204000000, "link": null, "finalLink": null, "calculatedOtherExpenses": 2508000000, "calculatedOperatingExpenses": 5542000000, "calculatedNetInterest": -698000000, "calculatedOtherIncome": -35000000, "calculatedIncomeNonControlling": 30000000, "calculatedEbitda": 5520000000}, {"date": "2018-12-31", "symbol": "TU", "reportedCurrency": "CAD", "cik": "0000868675", "fillingDate": "2019-02-14", "acceptedDate": "2019-02-14 08:08:06", "calendarYear": "2018", "period": "FY", "revenue": 14095000000, "costOfRevenue": 6368000000, "grossProfit": 7727000000, "grossProfitRatio": 0.5482085846, "researchAndDevelopmentExpenses": 0, "generalAndAdministrativeExpenses": 2896000000, "sellingAndMarketingExpenses": 0, "sellingGeneralAndAdministrativeExpenses": 2896000000, "otherExpenses": 2265000000, "operatingExpenses": 5140000000, "costAndExpenses": 11508000000, "interestIncome": 12000000, "interestExpense": 642000000, "depreciationAndAmortization": 2267000000, "ebitda": 4866000000, "ebitdaratio": 0.3452288045, "operatingIncome": 2837000000, "operatingIncomeRatio": 0.2012770486, "totalOtherIncomeExpensesNet": 219000000, "incomeBeforeTax": 2176000000, "incomeBeforeTaxRatio": 0.1543809862, "incomeTaxExpense": 552000000, "netIncome": 1600000000, "netIncomeRatio": 0.113515431, "eps": 1.34, "epsdiluted": 1.34, "weightedAverageShsOut": 1194000000, "weightedAverageShsOutDil": 1194000000, "link": "https://www.sec.gov/Archives/edgar/data/868675/000110465919008382/0001104659-19-008382-index.html", "finalLink": "https://www.sec.gov/Archives/edgar/data/868675/000110465919008382/a18-41513_140f.htm", "calculatedOtherExpenses": 1994000000, "calculatedOperatingExpenses": 4890000000, "calculatedNetInterest": -630000000, "calculatedOtherIncome": -31000000, "calculatedIncomeNonControlling": 24000000, "calculatedEbitda": 5104000000}, {"date": "2017-12-31", "symbol": "TU", "reportedCurrency": "CAD", "cik": "0000868675", "fillingDate": "2018-02-08", "acceptedDate": "2018-02-08 16:57:35", "calendarYear": "2017", "period": "FY", "revenue": 13202000000, "costOfRevenue": 5935000000, "grossProfit": 7267000000, "grossProfitRatio": 0.550446902, "researchAndDevelopmentExpenses": 0, "generalAndAdministrativeExpenses": 2595000000, "sellingAndMarketingExpenses": 0, "sellingGeneralAndAdministrativeExpenses": 2595000000, "otherExpenses": 2150000000, "operatingExpenses": 4662000000, "costAndExpenses": 10597000000, "interestIncome": 7000000, "interestExpense": 585000000, "depreciationAndAmortization": 2169000000, "ebitda": 4781000000, "ebitdaratio": 0.3621420997, "operatingIncome": 2605000000, "operatingIncomeRatio": 0.1973185881, "totalOtherIncomeExpensesNet": 5000000, "incomeBeforeTax": 2032000000, "incomeBeforeTaxRatio": 0.1539160733, "incomeTaxExpense": 553000000, "netIncome": 1460000000, "netIncomeRatio": 0.1105893047, "eps": 1.32, "epsdiluted": 1.32, "weightedAverageShsOut": 1186000000, "weightedAverageShsOutDil": 1186000000, "link": "https://www.sec.gov/Archives/edgar/data/868675/000110465918007662/0001104659-18-007662-index.html", "finalLink": "https://www.sec.gov/Archives/edgar/data/868675/000110465918007662/a17-28125_140f.htm", "calculatedOtherExpenses": 2067000000, "calculatedOperatingExpenses": 4662000000, "calculatedNetInterest": -578000000, "calculatedOtherIncome": 5000000, "calculatedIncomeNonControlling": 19000000, "calculatedEbitda": 4774000000}, {"date": "2016-12-31", "symbol": "TU", "reportedCurrency": "CAD", "cik": "0000868675", "fillingDate": "2017-03-16", "acceptedDate": "2017-03-16 15:13:51", "calendarYear": "2016", "period": "FY", "revenue": 12725000000, "costOfRevenue": 5631000000, "grossProfit": 7094000000, "grossProfitRatio": 0.5574852652, "researchAndDevelopmentExpenses": 0, "generalAndAdministrativeExpenses": 2939000000, "sellingAndMarketingExpenses": 0, "sellingGeneralAndAdministrativeExpenses": 2939000000, "otherExpenses": 2023000000, "operatingExpenses": 4950000000, "costAndExpenses": 10581000000, "interestIncome": 2000000, "interestExpense": 508000000, "depreciationAndAmortization": 2047000000, "ebitda": 4195000000, "ebitdaratio": 0.3296660118, "operatingIncome": 2182000000, "operatingIncomeRatio": 0.1714734774, "totalOtherIncomeExpensesNet": 22000000, "incomeBeforeTax": 1662000000, "incomeBeforeTaxRatio": 0.1306090373, "incomeTaxExpense": 426000000, "netIncome": 1223000000, "netIncomeRatio": 0.0961100196, "eps": 1.03, "epsdiluted": 1.03, "weightedAverageShsOut": 1184000000, "weightedAverageShsOutDil": 1186000000, "link": "https://www.sec.gov/Archives/edgar/data/868675/000110465917017116/0001104659-17-017116-index.html", "finalLink": "https://www.sec.gov/Archives/edgar/data/868675/000110465917017116/a17-3573_140f.htm", "calculatedOtherExpenses": 1973000000, "calculatedOperatingExpenses": 4912000000, "calculatedNetInterest": -506000000, "calculatedOtherIncome": -14000000, "calculatedIncomeNonControlling": 13000000, "calculatedEbitda": 4229000000}, {"date": "2015-12-31", "symbol": "TU", "reportedCurrency": "CAD", "cik": "0000868675", "fillingDate": "2016-03-11", "acceptedDate": "2016-03-10 19:57:07", "calendarYear": "2015", "period": "FY", "revenue": 12430000000, "costOfRevenue": 5532000000, "grossProfit": 6898000000, "grossProfitRatio": 0.5549477072, "researchAndDevelopmentExpenses": 0, "generalAndAdministrativeExpenses": 2708000000, "sellingAndMarketingExpenses": 0, "sellingGeneralAndAdministrativeExpenses": 2708000000, "otherExpenses": 1873000000, "operatingExpenses": 4569000000, "costAndExpenses": 10101000000, "interestIncome": 26000000, "interestExpense": 497000000, "depreciationAndAmortization": 1909000000, "ebitda": 4266000000, "ebitdaratio": 0.3432019308, "operatingIncome": 2353000000, "operatingIncomeRatio": 0.1893000805, "totalOtherIncomeExpensesNet": 46000000, "incomeBeforeTax": 1906000000, "incomeBeforeTaxRatio": 0.1533386967, "incomeTaxExpense": 524000000, "netIncome": 1382000000, "netIncomeRatio": 0.1111826227, "eps": 1.15, "epsdiluted": 1.15, "weightedAverageShsOut": 1206000000, "weightedAverageShsOutDil": 1208000000, "link": "https://www.sec.gov/Archives/edgar/data/868675/000110465916104290/0001104659-16-104290-index.html", "finalLink": "https://www.sec.gov/Archives/edgar/data/868675/000110465916104290/a16-6178_140f.htm", "calculatedOtherExpenses": 1837000000, "calculatedOperatingExpenses": 4545000000, "calculatedNetInterest": -471000000, "calculatedOtherIncome": 24000000, "calculatedIncomeNonControlling": 0, "calculatedEbitda": 4262000000}, {"date": "2014-12-31", "symbol": "TU", "reportedCurrency": "CAD", "cik": "0000868675", "fillingDate": "2015-03-20", "acceptedDate": "2015-03-19 20:00:00", "calendarYear": "2014", "period": "FY", "revenue": 11927000000, "costOfRevenue": 5299000000, "grossProfit": 6628000000, "grossProfitRatio": 0.5557139264, "researchAndDevelopmentExpenses": 0, "generalAndAdministrativeExpenses": 2487000000, "sellingAndMarketingExpenses": 0, "sellingGeneralAndAdministrativeExpenses": 2487000000, "otherExpenses": 1787000000, "operatingExpenses": 4246000000, "costAndExpenses": 9545000000, "interestIncome": 6000000, "interestExpense": 449000000, "depreciationAndAmortization": 1834000000, "ebitda": 4222000000, "ebitdaratio": 0.3539867527, "operatingIncome": 2382000000, "operatingIncomeRatio": 0.1997149325, "totalOtherIncomeExpensesNet": -13000000, "incomeBeforeTax": 1926000000, "incomeBeforeTaxRatio": 0.161482351, "incomeTaxExpense": 501000000, "netIncome": 1425000000, "netIncomeRatio": 0.1194768173, "eps": 1.16, "epsdiluted": 1.16, "weightedAverageShsOut": 1232000000, "weightedAverageShsOutDil": 1236000000, "link": "", "finalLink": "", "calculatedOtherExpenses": 1759000000, "calculatedOperatingExpenses": 4246000000, "calculatedNetInterest": -443000000, "calculatedOtherIncome": -13000000, "calculatedIncomeNonControlling": 0, "calculatedEbitda": 4216000000}, {"date": "2013-12-31", "symbol": "TU", "reportedCurrency": "CAD", "cik": "0000868675", "fillingDate": "2014-03-14", "acceptedDate": "2014-03-13 20:00:00", "calendarYear": "2013", "period": "FY", "revenue": 11336000000, "costOfRevenue": 4962000000, "grossProfit": 6374000000, "grossProfitRatio": 0.5622794637, "researchAndDevelopmentExpenses": 0, "generalAndAdministrativeExpenses": 2424000000, "sellingAndMarketingExpenses": 0, "sellingGeneralAndAdministrativeExpenses": 2424000000, "otherExpenses": 1756000000, "operatingExpenses": 4159000000, "costAndExpenses": 9121000000, "interestIncome": 10000000, "interestExpense": 434000000, "depreciationAndAmortization": 1803000000, "ebitda": 4028000000, "ebitdaratio": 0.3553281581, "operatingIncome": 2215000000, "operatingIncomeRatio": 0.1953952011, "totalOtherIncomeExpensesNet": -23000000, "incomeBeforeTax": 1768000000, "incomeBeforeTaxRatio": 0.1559633028, "incomeTaxExpense": 474000000, "netIncome": 1294000000, "netIncomeRatio": 0.1141496119, "eps": 1.01, "epsdiluted": 1, "weightedAverageShsOut": 1280000000, "weightedAverageShsOutDil": 1286000000, "link": "", "finalLink": "", "calculatedOtherExpenses": 1735000000, "calculatedOperatingExpenses": 4159000000, "calculatedNetInterest": -424000000, "calculatedOtherIncome": -23000000, "calculatedIncomeNonControlling": 0, "calculatedEbitda": 4018000000}, {"date": "2012-12-31", "symbol": "TU", "reportedCurrency": "CAD", "cik": "0000868675", "fillingDate": "2013-03-15", "acceptedDate": "2013-03-15 14:45:20", "calendarYear": "2012", "period": "FY", "revenue": 10852000000, "costOfRevenue": 4820000000, "grossProfit": 6032000000, "grossProfitRatio": 0.5558422411, "researchAndDevelopmentExpenses": 0, "generalAndAdministrativeExpenses": 2129000000, "sellingAndMarketingExpenses": 0, "sellingGeneralAndAdministrativeExpenses": 2129000000, "otherExpenses": 1812000000, "operatingExpenses": 3936000000, "costAndExpenses": 8756000000, "interestIncome": 15000000, "interestExpense": 355000000, "depreciationAndAmortization": 1865000000, "ebitda": 3977000000, "ebitdaratio": 0.3664762256, "operatingIncome": 2107000000, "operatingIncomeRatio": 0.1941577589, "totalOtherIncomeExpensesNet": 18000000, "incomeBeforeTax": 1775000000, "incomeBeforeTaxRatio": 0.1635643199, "incomeTaxExpense": 457000000, "netIncome": 1318000000, "netIncomeRatio": 0.1214522669, "eps": 0.93, "epsdiluted": 0.92, "weightedAverageShsOut": 1302000000, "weightedAverageShsOutDil": 1310000000, "link": "https://www.sec.gov/Archives/edgar/data/868675/000110465913021158/0001104659-13-021158-index.html", "finalLink": "https://www.sec.gov/Archives/edgar/data/868675/000110465913021158/a13-7113_140f.htm", "calculatedOtherExpenses": 1796000000, "calculatedOperatingExpenses": 3925000000, "calculatedNetInterest": -340000000, "calculatedOtherIncome": 8000000, "calculatedIncomeNonControlling": 0, "calculatedEbitda": 3972000000}, {"date": "2011-12-31", "symbol": "TU", "reportedCurrency": "CAD", "cik": "0000868675", "fillingDate": "2012-03-16", "acceptedDate": "2012-03-16 16:07:37", "calendarYear": "2011", "period": "FY", "revenue": 10397000000, "costOfRevenue": 4726000000, "grossProfit": 5671000000, "grossProfitRatio": 0.5454458017, "researchAndDevelopmentExpenses": 0, "generalAndAdministrativeExpenses": 1893000000, "sellingAndMarketingExpenses": 0, "sellingGeneralAndAdministrativeExpenses": 1893000000, "otherExpenses": 1738000000, "operatingExpenses": 3703000000, "costAndExpenses": 8429000000, "interestIncome": 3000000, "interestExpense": 377000000, "depreciationAndAmortization": 1810000000, "ebitda": 3778000000, "ebitdaratio": 0.3633740502, "operatingIncome": 1968000000, "operatingIncomeRatio": 0.1892853708, "totalOtherIncomeExpensesNet": 9000000, "incomeBeforeTax": 1591000000, "incomeBeforeTaxRatio": 0.153024911, "incomeTaxExpense": 376000000, "netIncome": 1219000000, "netIncomeRatio": 0.1172453592, "eps": 0.94, "epsdiluted": 0.94, "weightedAverageShsOut": 1296000000, "weightedAverageShsOutDil": 1304000000, "link": "https://www.sec.gov/Archives/edgar/data/868675/000110465912018936/0001104659-12-018936-index.html", "finalLink": "https://www.sec.gov/Archives/edgar/data/868675/000110465912018936/a12-6997_140f.htm", "calculatedOtherExpenses": 1810000000, "calculatedOperatingExpenses": 3703000000, "calculatedNetInterest": -374000000, "calculatedOtherIncome": -3000000, "calculatedIncomeNonControlling": -4000000, "calculatedEbitda": 3778000000}, {"date": "2010-12-31", "symbol": "TU", "reportedCurrency": "CAD", "cik": "0000868675", "fillingDate": "2011-03-18", "acceptedDate": "2011-03-17 20:00:00", "calendarYear": "2010", "period": "FY", "revenue": 9779000000, "costOfRevenue": 6062000000, "grossProfit": 3717000000, "grossProfitRatio": 0.3801002147, "researchAndDevelopmentExpenses": 0, "generalAndAdministrativeExpenses": 0, "sellingAndMarketingExpenses": 0, "sellingGeneralAndAdministrativeExpenses": 2682000000, "otherExpenses": 4417000000, "operatingExpenses": 1735000000, "costAndExpenses": 7797000000, "interestIncome": 4000000, "interestExpense": 510000000, "depreciationAndAmortization": 1735000000, "ebitda": 3717000000, "ebitdaratio": 0.3801002147, "operatingIncome": 1908000000, "operatingIncomeRatio": 0.1951119746, "totalOtherIncomeExpensesNet": -106000000, "incomeBeforeTax": 1366000000, "incomeBeforeTaxRatio": 0.1396870846, "incomeTaxExpense": 328000000, "netIncome": 1034000000, "netIncomeRatio": 0.1057367829, "eps": 0.82, "epsdiluted": 0.82, "weightedAverageShsOut": 1280000000, "weightedAverageShsOutDil": 1284000000, "link": "", "finalLink": "", "calculatedOtherExpenses": -873000000, "calculatedOperatingExpenses": 1809000000, "calculatedNetInterest": -506000000, "calculatedOtherIncome": -36000000, "calculatedIncomeNonControlling": 4000000, "calculatedEbitda": 3643000000}, {"date": "2009-12-31", "symbol": "TU", "reportedCurrency": "CAD", "cik": "0000868675", "fillingDate": "2010-03-12", "acceptedDate": "2010-03-12 15:19:07", "calendarYear": "2009", "period": "FY", "revenue": 10058442600, "costOfRevenue": 6204067500, "grossProfit": 3854375100, "grossProfitRatio": 0.3831980012, "researchAndDevelopmentExpenses": 0, "generalAndAdministrativeExpenses": 0, "sellingAndMarketingExpenses": 0, "sellingGeneralAndAdministrativeExpenses": 2647000000, "otherExpenses": 4369000000, "operatingExpenses": 1803106200, "costAndExpenses": 8007173700, "interestIncome": 49213700, "interestExpense": 505749300, "depreciationAndAmortization": 1811483000, "ebitda": 3911965600, "ebitdaratio": 0.3889235894, "operatingIncome": 1852319900, "operatingIncomeRatio": 0.184155736, "totalOtherIncomeExpensesNet": -332977800, "incomeBeforeTax": 1261755500, "incomeBeforeTaxRatio": 0.1254424318, "incomeTaxExpense": 212561300, "netIncome": 1045005800, "netIncomeRatio": 0.1038934, "eps": 0.79, "epsdiluted": 0.79, "weightedAverageShsOut": 1272000000, "weightedAverageShsOutDil": 1272000000, "link": "https://www.sec.gov/Archives/edgar/data/868675/000110465910013969/0001104659-10-013969-index.html", "finalLink": "https://www.sec.gov/Archives/edgar/data/868675/000110465910013969/a10-5184_140f.htm", "calculatedOtherExpenses": -644944800, "calculatedOperatingExpenses": 2002055200, "calculatedNetInterest": -456535600, "calculatedOtherIncome": -134028800, "calculatedIncomeNonControlling": 4188400, "calculatedEbitda": 3663802900}, {"date": "2008-12-31", "symbol": "TU", "reportedCurrency": "CAD", "cik": "0000868675", "fillingDate": "2009-03-13", "acceptedDate": "2009-03-13 14:57:52", "calendarYear": "2008", "period": "FY", "revenue": 11747701000, "costOfRevenue": 7076855000, "grossProfit": 4670846000, "grossProfitRatio": 0.3975966021, "researchAndDevelopmentExpenses": 0, "generalAndAdministrativeExpenses": 0, "sellingAndMarketingExpenses": 0, "sellingGeneralAndAdministrativeExpenses": 2580000000, "otherExpenses": 4293000000, "operatingExpenses": 1521250000, "costAndExpenses": 8598105000, "interestIncome": 14000000, "interestExpense": 563471000, "depreciationAndAmortization": 2088372000, "ebitda": 4662327000, "ebitdaratio": 0.3968714389, "operatingIncome": 2514322000, "operatingIncomeRatio": 0.2140267274, "totalOtherIncomeExpensesNet": -103445000, "incomeBeforeTax": 1907039000, "incomeBeforeTaxRatio": 0.1623329535, "incomeTaxExpense": 530612000, "netIncome": 1372776000, "netIncomeRatio": 0.1168548638, "eps": 0.88, "epsdiluted": 0.88, "weightedAverageShsOut": 1280000000, "weightedAverageShsOutDil": 1288000000, "link": "https://www.sec.gov/Archives/edgar/data/868675/000110465909017585/0001104659-09-017585-index.html", "finalLink": "https://www.sec.gov/Archives/edgar/data/868675/000110465909017585/a09-6978_140f.htm", "calculatedOtherExpenses": -423476000, "calculatedOperatingExpenses": 2156524000, "calculatedNetInterest": -549471000, "calculatedOtherIncome": -57812000, "calculatedIncomeNonControlling": 3651000, "calculatedEbitda": 4602694000}, {"date": "2007-12-31", "symbol": "TU", "reportedCurrency": "CAD", "cik": "0000868675", "fillingDate": "2007-12-31", "acceptedDate": "2007-12-30 19:00:00", "calendarYear": "2007", "period": "FY", "revenue": 9074400000, "costOfRevenue": 3048500000, "grossProfit": 6025900000, "grossProfitRatio": 0.6640549237, "researchAndDevelopmentExpenses": 0, "generalAndAdministrativeExpenses": 0, "sellingAndMarketingExpenses": 0, "sellingGeneralAndAdministrativeExpenses": 2416200000, "otherExpenses": 4031200000, "operatingExpenses": 4031200000, "costAndExpenses": 7079700000, "interestIncome": 37400000, "interestExpense": 464500000, "depreciationAndAmortization": 1615000000, "ebitda": 3647100000, "ebitdaratio": 0.4019108701, "operatingIncome": 1974300000, "operatingIncomeRatio": 0.2175681037, "totalOtherIncomeExpensesNet": -69500000, "incomeBeforeTax": 1498100000, "incomeBeforeTaxRatio": 0.1650908049, "incomeTaxExpense": 233600000, "netIncome": 1257900000, "netIncomeRatio": 0.1386207353, "eps": 0.95, "epsdiluted": 0.94, "weightedAverageShsOut": 1328000000, "weightedAverageShsOutDil": 1336000000, "link": "", "finalLink": "", "calculatedOtherExpenses": 1635400000, "calculatedOperatingExpenses": 4051600000, "calculatedNetInterest": -427100000, "calculatedOtherIncome": -49100000, "calculatedIncomeNonControlling": 6600000, "calculatedEbitda": 3589300000}, {"date": "2006-12-31", "symbol": "TU", "reportedCurrency": "CAD", "cik": "0000868675", "fillingDate": "2006-12-31", "acceptedDate": "2006-12-30 19:00:00", "calendarYear": "2006", "period": "FY", "revenue": 8681000000, "costOfRevenue": 2742000000, "grossProfit": 5939000000, "grossProfitRatio": 0.6841377721, "researchAndDevelopmentExpenses": 0, "generalAndAdministrativeExpenses": 0, "sellingAndMarketingExpenses": 0, "sellingGeneralAndAdministrativeExpenses": 2280900000, "otherExpenses": 3856500000, "operatingExpenses": 3856500000, "costAndExpenses": 6598500000, "interestIncome": 12300000, "interestExpense": 510600000, "depreciationAndAmortization": 1575600000, "ebitda": 3670400000, "ebitdaratio": 0.4228084322, "operatingIncome": 2014700000, "operatingIncomeRatio": 0.2320815574, "totalOtherIncomeExpensesNet": -102200000, "incomeBeforeTax": 1482000000, "incomeBeforeTaxRatio": 0.1707176593, "incomeTaxExpense": 351000000, "netIncome": 1122500000, "netIncomeRatio": 0.1293053796, "eps": 0.83, "epsdiluted": 0.83, "weightedAverageShsOut": 1375200000, "weightedAverageShsOutDil": 1389600000, "link": "", "finalLink": "", "calculatedOtherExpenses": 1643400000, "calculatedOperatingExpenses": 3924300000, "calculatedNetInterest": -498300000, "calculatedOtherIncome": -34400000, "calculatedIncomeNonControlling": 8500000, "calculatedEbitda": 3590300000}, {"date": "2005-12-31", "symbol": "TU", "reportedCurrency": "CAD", "cik": "0000868675", "fillingDate": "2005-12-31", "acceptedDate": "2005-12-30 19:00:00", "calendarYear": "2005", "period": "FY", "revenue": 8142700000, "costOfRevenue": 2652900000, "grossProfit": 5489800000, "grossProfitRatio": 0.6741989758, "researchAndDevelopmentExpenses": 0, "generalAndAdministrativeExpenses": 0, "sellingAndMarketingExpenses": 0, "sellingGeneralAndAdministrativeExpenses": 2140600000, "otherExpenses": 3764300000, "operatingExpenses": 3764300000, "costAndExpenses": 6417200000, "interestIncome": 58700000, "interestExpense": 643700000, "depreciationAndAmortization": 1623700000, "ebitda": 3407900000, "ebitdaratio": 0.4185221118, "operatingIncome": 1671600000, "operatingIncomeRatio": 0.2052881722, "totalOtherIncomeExpensesNet": -110400000, "incomeBeforeTax": 1030100000, "incomeBeforeTaxRatio": 0.1265059501, "incomeTaxExpense": 322000000, "netIncome": 700300000, "netIncomeRatio": 0.0860034141, "eps": 0.49, "epsdiluted": 0.49, "weightedAverageShsOut": 1428400000, "weightedAverageShsOutDil": 1444000000, "link": "", "finalLink": "", "calculatedOtherExpenses": 1677600000, "calculatedOperatingExpenses": 3818200000, "calculatedNetInterest": -585000000, "calculatedOtherIncome": -56500000, "calculatedIncomeNonControlling": 7800000, "calculatedEbitda": 3295300000}, {"date": "2004-12-31", "symbol": "TU", "reportedCurrency": "CAD", "cik": "0000868675", "fillingDate": "2004-12-31", "acceptedDate": "2004-12-30 19:00:00", "calendarYear": "2004", "period": "FY", "revenue": 7581200000, "costOfRevenue": 2407200000, "grossProfit": 5174000000, "grossProfitRatio": 0.682477708, "researchAndDevelopmentExpenses": 0, "generalAndAdministrativeExpenses": 0, "sellingAndMarketingExpenses": 0, "sellingGeneralAndAdministrativeExpenses": 2030800000, "otherExpenses": 3673900000, "operatingExpenses": 3673900000, "costAndExpenses": 6081100000, "interestIncome": 39100000, "interestExpense": 655500000, "depreciationAndAmortization": 1643100000, "ebitda": 3182300000, "ebitdaratio": 0.4197620429, "operatingIncome": 1447500000, "operatingIncomeRatio": 0.1909328339, "totalOtherIncomeExpensesNet": -58200000, "incomeBeforeTax": 825500000, "incomeBeforeTaxRatio": 0.108887775, "incomeTaxExpense": 255100000, "netIncome": 565800000, "netIncomeRatio": 0.0746319844, "eps": 0.4, "epsdiluted": 0.39, "weightedAverageShsOut": 1421200000, "weightedAverageShsOutDil": 1430400000, "link": "", "finalLink": "", "calculatedOtherExpenses": 1695700000, "calculatedOperatingExpenses": 3726500000, "calculatedNetInterest": -616400000, "calculatedOtherIncome": -5600000, "calculatedIncomeNonControlling": 4600000, "calculatedEbitda": 3090600000}, {"date": "2003-12-31", "symbol": "TU", "reportedCurrency": "CAD", "cik": "0000868675", "fillingDate": "2003-12-31", "acceptedDate": "2003-12-30 19:00:00", "calendarYear": "2003", "period": "FY", "revenue": 7146000000, "costOfRevenue": 4301900000, "grossProfit": 2844100000, "grossProfitRatio": 0.3979988805, "researchAndDevelopmentExpenses": 0, "generalAndAdministrativeExpenses": 0, "sellingAndMarketingExpenses": 0, "sellingGeneralAndAdministrativeExpenses": 0, "otherExpenses": 1652800000, "operatingExpenses": 1652800000, "costAndExpenses": 5954700000, "interestIncome": 43300000, "interestExpense": 671700000, "depreciationAndAmortization": 1652800000, "ebitda": 2888200000, "ebitdaratio": 0.4041701651, "operatingIncome": 1163000000, "operatingIncomeRatio": 0.1627483907, "totalOtherIncomeExpensesNet": -52000000, "incomeBeforeTax": 511700000, "incomeBeforeTaxRatio": 0.0716064931, "incomeTaxExpense": 176900000, "netIncome": 331500000, "netIncomeRatio": 0.0463895886, "eps": 0.23, "epsdiluted": 0.23, "weightedAverageShsOut": 1397200000, "weightedAverageShsOutDil": 1407200000, "link": "", "finalLink": "", "calculatedOtherExpenses": 1681100000, "calculatedOperatingExpenses": 1681100000, "calculatedNetInterest": -628400000, "calculatedOtherIncome": -22900000, "calculatedIncomeNonControlling": 3300000, "calculatedEbitda": 2815800000}, {"date": "2002-12-31", "symbol": "TU", "reportedCurrency": "CAD", "cik": "0000868675", "fillingDate": "2002-12-31", "acceptedDate": "2002-12-30 19:00:00", "calendarYear": "2002", "period": "FY", "revenue": 7006700000, "costOfRevenue": 4488100000, "grossProfit": 2518600000, "grossProfitRatio": 0.3594559493, "researchAndDevelopmentExpenses": 0, "generalAndAdministrativeExpenses": 0, "sellingAndMarketingExpenses": 0, "sellingGeneralAndAdministrativeExpenses": 0, "otherExpenses": 1570300000, "operatingExpenses": 1570300000, "costAndExpenses": 6058400000, "interestIncome": 25900000, "interestExpense": 715600000, "depreciationAndAmortization": 1570300000, "ebitda": 2545900000, "ebitdaratio": 0.36335222, "operatingIncome": 378400000, "operatingIncomeRatio": 0.0540054519, "totalOtherIncomeExpensesNet": -526500000, "incomeBeforeTax": -266500000, "incomeBeforeTaxRatio": -0.0380350236, "incomeTaxExpense": -42500000, "netIncome": -229000000, "netIncomeRatio": -0.0326830034, "eps": -0.18, "epsdiluted": -0.18, "weightedAverageShsOut": 1271600000, "weightedAverageShsOutDil": 1271600000, "link": "", "finalLink": "", "calculatedOtherExpenses": 2140200000, "calculatedOperatingExpenses": 2140200000, "calculatedNetInterest": -689700000, "calculatedOtherIncome": 44800000, "calculatedIncomeNonControlling": 5000000, "calculatedEbitda": 1948700000}, {"date": "2001-12-31", "symbol": "TU", "reportedCurrency": "CAD", "cik": "0000868675", "fillingDate": "2001-12-31", "acceptedDate": "2001-12-30 19:00:00", "calendarYear": "2001", "period": "FY", "revenue": 7202599491, "costOfRevenue": 4673000637, "grossProfit": 2529598854, "grossProfitRatio": 0.3512063745, "researchAndDevelopmentExpenses": 0, "generalAndAdministrativeExpenses": 0, "sellingAndMarketingExpenses": 0, "sellingGeneralAndAdministrativeExpenses": 0, "otherExpenses": 1494199300, "operatingExpenses": 1494199300, "costAndExpenses": 6167199937, "interestIncome": 0, "interestExpense": 0, "depreciationAndAmortization": 1668998727, "ebitda": 2982300222, "ebitdaratio": 0.4140588722, "operatingIncome": 836999363, "operatingIncomeRatio": 0.1162079558, "totalOtherIncomeExpensesNet": -277900350, "incomeBeforeTax": -45399554, "incomeBeforeTaxRatio": -0.0063032179, "incomeTaxExpense": 93400191, "netIncome": 453500478, "netIncomeRatio": 0.0629634452, "eps": 0.38, "epsdiluted": 0.38, "weightedAverageShsOut": 1176800000, "weightedAverageShsOutDil": 1176800000, "link": "", "finalLink": "", "calculatedOtherExpenses": 1692599491, "calculatedOperatingExpenses": 1692599491, "calculatedNetInterest": 0, "calculatedOtherIncome": -882398917, "calculatedIncomeNonControlling": -592300223, "calculatedEbitda": 2505998090}, {"date": "2000-12-31", "symbol": "TU", "reportedCurrency": "CAD", "cik": "0000868675", "fillingDate": "2000-12-31", "acceptedDate": "2000-12-30 19:00:00", "calendarYear": "2000", "period": "FY", "revenue": 6433200360, "costOfRevenue": 3968399820, "grossProfit": 2464800540, "grossProfitRatio": 0.3831375369, "researchAndDevelopmentExpenses": 0, "generalAndAdministrativeExpenses": 0, "sellingAndMarketingExpenses": 0, "sellingGeneralAndAdministrativeExpenses": 0, "otherExpenses": 1212200060, "operatingExpenses": 1212200060, "costAndExpenses": 5180599880, "interestIncome": 0, "interestExpense": 0, "depreciationAndAmortization": 1212200060, "ebitda": 2434700060, "ebitdaratio": 0.3784586091, "operatingIncome": 1252600480, "operatingIncomeRatio": 0.1947087623, "totalOtherIncomeExpensesNet": 30100480, "incomeBeforeTax": 957099580, "incomeBeforeTaxRatio": 0.1487750305, "incomeTaxExpense": 496099280, "netIncome": 461000300, "netIncomeRatio": 0.0716595589, "eps": 0.46, "epsdiluted": 0.46, "weightedAverageShsOut": 989189189, "weightedAverageShsOutDil": 994565217, "link": "", "finalLink": "", "calculatedOtherExpenses": 1212200060, "calculatedOperatingExpenses": 1212200060, "calculatedNetInterest": 0, "calculatedOtherIncome": -295500900, "calculatedIncomeNonControlling": 0, "calculatedEbitda": 2464800540}, {"date": "1999-12-31", "symbol": "TU", "reportedCurrency": "CAD", "cik": "0000868675", "fillingDate": "1999-12-31", "acceptedDate": "1999-12-30 19:00:00", "calendarYear": "1999", "period": "FY", "revenue": 5761800000, "costOfRevenue": 3544900000, "grossProfit": 2216900000, "grossProfitRatio": 0.3847582353, "researchAndDevelopmentExpenses": 0, "generalAndAdministrativeExpenses": 0, "sellingAndMarketingExpenses": 0, "sellingGeneralAndAdministrativeExpenses": 0, "otherExpenses": 1062100000, "operatingExpenses": 1062100000, "costAndExpenses": 4607000000, "interestIncome": 0, "interestExpense": 0, "depreciationAndAmortization": 1062100000, "ebitda": 2532500000, "ebitdaratio": 0.4395327849, "operatingIncome": 1154800000, "operatingIncomeRatio": 0.2004234788, "totalOtherIncomeExpensesNet": -315600000, "incomeBeforeTax": 646600000, "incomeBeforeTaxRatio": 0.1122218751, "incomeTaxExpense": 296900000, "netIncome": 349700000, "netIncomeRatio": 0.060692839, "eps": 0.37, "epsdiluted": 0.37, "weightedAverageShsOut": 948493151, "weightedAverageShsOutDil": 948493151, "link": "", "finalLink": "", "calculatedOtherExpenses": 1062100000, "calculatedOperatingExpenses": 1062100000, "calculatedNetInterest": 0, "calculatedOtherIncome": -508200000, "calculatedIncomeNonControlling": 0, "calculatedEbitda": 2216900000}, {"date": "1998-12-31", "symbol": "TU", "reportedCurrency": "CAD", "cik": "0000868675", "fillingDate": "1998-12-31", "acceptedDate": "1998-12-30 19:00:00", "calendarYear": "1998", "period": "FY", "revenue": 4842700000, "costOfRevenue": 3451600000, "grossProfit": 1391100000, "grossProfitRatio": 0.2872571086, "researchAndDevelopmentExpenses": 0, "generalAndAdministrativeExpenses": 0, "sellingAndMarketingExpenses": 0, "sellingGeneralAndAdministrativeExpenses": 0, "otherExpenses": 1021800000, "operatingExpenses": 1021800000, "costAndExpenses": 4473400000, "interestIncome": 0, "interestExpense": 0, "depreciationAndAmortization": 1021800000, "ebitda": 419800000, "ebitdaratio": 0.0866871786, "operatingIncome": 369300000, "operatingIncomeRatio": 0.0762591117, "totalOtherIncomeExpensesNet": 971300000, "incomeBeforeTax": 1127000000, "incomeBeforeTaxRatio": 0.2327214157, "incomeTaxExpense": 524000000, "netIncome": 72400000, "netIncomeRatio": 0.0149503376, "eps": 0.0675, "epsdiluted": 0.0675, "weightedAverageShsOut": 939259259, "weightedAverageShsOutDil": 939259259, "link": "", "finalLink": "", "calculatedOtherExpenses": 1021800000, "calculatedOperatingExpenses": 1021800000, "calculatedNetInterest": 0, "calculatedOtherIncome": 757700000, "calculatedIncomeNonControlling": 530600000, "calculatedEbitda": 1391100000}]}