{"originalCurrency": "USD", "convertedCurrency": "USD", "report": [{"date": "2023-09-30", "symbol": "TVE", "reportedCurrency": "USD", "cik": "0001376986", "fillingDate": "2023-11-14", "acceptedDate": "2023-11-13 18:04:00", "calendarYear": "2023", "period": "FY", "revenue": 12054000000, "costOfRevenue": 7540000000, "grossProfit": 4514000000, "grossProfitRatio": 0.3744814999, "researchAndDevelopmentExpenses": 0, "generalAndAdministrativeExpenses": 0, "sellingAndMarketingExpenses": 0, "sellingGeneralAndAdministrativeExpenses": 199000000, "otherExpenses": 10360000000, "operatingExpenses": 2992000000, "costAndExpenses": 10532000000, "interestIncome": 0, "interestExpense": 1056000000, "depreciationAndAmortization": 2606000000, "ebitda": 4292000000, "ebitdaratio": 0.356064377, "operatingIncome": 1686000000, "operatingIncomeRatio": 0.1398705824, "totalOtherIncomeExpensesNet": -1186000000, "incomeBeforeTax": 500000000, "incomeBeforeTaxRatio": 0.0414800066, "incomeTaxExpense": 0, "netIncome": 500000000, "netIncomeRatio": 0.0414800066, "eps": 952.38, "epsdiluted": 952.38, "weightedAverageShsOut": 525000, "weightedAverageShsOutDil": 525000, "link": "https://www.sec.gov/Archives/edgar/data/1376986/000137698623000022/0001376986-23-000022-index.htm", "finalLink": "https://www.sec.gov/Archives/edgar/data/1376986/000137698623000022/tve-20230930.htm", "calculatedOtherExpenses": 2629000000, "calculatedOperatingExpenses": 2828000000, "calculatedNetInterest": -1056000000, "calculatedOtherIncome": -130000000, "calculatedIncomeNonControlling": 0, "calculatedEbitda": 4292000000}, {"date": "2022-09-30", "symbol": "TVE", "reportedCurrency": "USD", "cik": "0001376986", "fillingDate": "2022-11-15", "acceptedDate": "2022-11-14 19:15:48", "calendarYear": "2022", "period": "FY", "revenue": 12540000000, "costOfRevenue": 7452000000, "grossProfit": 5088000000, "grossProfitRatio": 0.4057416268, "researchAndDevelopmentExpenses": 0, "generalAndAdministrativeExpenses": 0, "sellingAndMarketingExpenses": 0, "sellingGeneralAndAdministrativeExpenses": 258000000, "otherExpenses": 10129000000, "operatingExpenses": 2943000000, "costAndExpenses": 10395000000, "interestIncome": 1037000000, "interestExpense": 1052000000, "depreciationAndAmortization": 2423000000, "ebitda": 4738000000, "ebitdaratio": 0.377830941, "operatingIncome": 2315000000, "operatingIncomeRatio": 0.1846092504, "totalOtherIncomeExpensesNet": -1207000000, "incomeBeforeTax": 1108000000, "incomeBeforeTaxRatio": 0.0883572568, "incomeTaxExpense": 1052000000, "netIncome": 1108000000, "netIncomeRatio": 0.0883572568, "eps": 2110.48, "epsdiluted": 2110.48, "weightedAverageShsOut": 525000, "weightedAverageShsOutDil": 525000, "link": "https://www.sec.gov/Archives/edgar/data/1376986/000137698622000023/0001376986-22-000023-index.htm", "finalLink": "https://www.sec.gov/Archives/edgar/data/1376986/000137698622000023/tve-20220930.htm", "calculatedOtherExpenses": 2515000000, "calculatedOperatingExpenses": 2773000000, "calculatedNetInterest": -15000000, "calculatedOtherIncome": -1192000000, "calculatedIncomeNonControlling": -1052000000, "calculatedEbitda": 4738000000}, {"date": "2021-09-30", "symbol": "TVE", "reportedCurrency": "USD", "cik": "0001376986", "fillingDate": "2021-11-15", "acceptedDate": "2021-11-12 17:37:35", "calendarYear": "2021", "period": "FY", "revenue": 10503000000, "costOfRevenue": 5607000000, "grossProfit": 4896000000, "grossProfitRatio": 0.4661525278, "researchAndDevelopmentExpenses": 0, "generalAndAdministrativeExpenses": 0, "sellingAndMarketingExpenses": 0, "sellingGeneralAndAdministrativeExpenses": 258000000, "otherExpenses": 5921000000, "operatingExpenses": 2308000000, "costAndExpenses": 7915000000, "interestIncome": 1076000000, "interestExpense": 1088000000, "depreciationAndAmortization": 1938000000, "ebitda": 4665000000, "ebitdaratio": 0.4441588118, "operatingIncome": 2727000000, "operatingIncomeRatio": 0.2596401028, "totalOtherIncomeExpensesNet": -1215000000, "incomeBeforeTax": 1512000000, "incomeBeforeTaxRatio": 0.1439588689, "incomeTaxExpense": -245000000, "netIncome": 1512000000, "netIncomeRatio": 0.1439588689, "eps": 2880, "epsdiluted": 2880, "weightedAverageShsOut": 525000, "weightedAverageShsOutDil": 525000, "link": "https://www.sec.gov/Archives/edgar/data/1376986/000137698621000028/0001376986-21-000028-index.htm", "finalLink": "https://www.sec.gov/Archives/edgar/data/1376986/000137698621000028/tve-20210930.htm", "calculatedOtherExpenses": 1911000000, "calculatedOperatingExpenses": 2169000000, "calculatedNetInterest": -12000000, "calculatedOtherIncome": -1203000000, "calculatedIncomeNonControlling": 245000000, "calculatedEbitda": 4665000000}, {"date": "2020-09-30", "symbol": "TVE", "reportedCurrency": "USD", "cik": "0001376986", "fillingDate": "2020-11-17", "acceptedDate": "2020-11-16 17:40:51", "calendarYear": "2020", "period": "FY", "revenue": 10249000000, "costOfRevenue": 5171000000, "grossProfit": 5078000000, "grossProfitRatio": 0.495462972, "researchAndDevelopmentExpenses": 0, "generalAndAdministrativeExpenses": 0, "sellingAndMarketingExpenses": 0, "sellingGeneralAndAdministrativeExpenses": 253000000, "otherExpenses": 7538000000, "operatingExpenses": 2602000000, "costAndExpenses": 7773000000, "interestIncome": 1124000000, "interestExpense": -1142000000, "depreciationAndAmortization": 2236000000, "ebitda": 4832000000, "ebitdaratio": 0.4714606303, "operatingIncome": 2596000000, "operatingIncomeRatio": 0.2532930042, "totalOtherIncomeExpensesNet": -1244000000, "incomeBeforeTax": 1352000000, "incomeBeforeTaxRatio": 0.1319153088, "incomeTaxExpense": -2501000000, "netIncome": 1352000000, "netIncomeRatio": 0.1319153088, "eps": 2575.24, "epsdiluted": 2575.24, "weightedAverageShsOut": 525000, "weightedAverageShsOutDil": 525000, "link": "https://www.sec.gov/Archives/edgar/data/1376986/000137698620000030/0001376986-20-000030-index.htm", "finalLink": "https://www.sec.gov/Archives/edgar/data/1376986/000137698620000030/tve-20200930.htm", "calculatedOtherExpenses": 2229000000, "calculatedOperatingExpenses": 2482000000, "calculatedNetInterest": 2266000000, "calculatedOtherIncome": -3510000000, "calculatedIncomeNonControlling": 2501000000, "calculatedEbitda": 4832000000}, {"date": "2019-09-30", "symbol": "TVE", "reportedCurrency": "USD", "cik": "0001376986", "fillingDate": "2019-11-15", "acceptedDate": "2019-11-14 17:38:02", "calendarYear": "2019", "period": "FY", "revenue": 11318000000, "costOfRevenue": 5823000000, "grossProfit": 5495000000, "grossProfitRatio": 0.4855098074, "researchAndDevelopmentExpenses": 0, "generalAndAdministrativeExpenses": 0, "sellingAndMarketingExpenses": 0, "sellingGeneralAndAdministrativeExpenses": 258000000, "otherExpenses": 8507000000, "operatingExpenses": 2905000000, "costAndExpenses": 8728000000, "interestIncome": 1173000000, "interestExpense": 1198000000, "depreciationAndAmortization": 1748000000, "ebitda": 5037000000, "ebitdaratio": 0.4450432939, "operatingIncome": 3289000000, "operatingIncomeRatio": 0.2905990458, "totalOtherIncomeExpensesNet": -1872000000, "incomeBeforeTax": 1417000000, "incomeBeforeTaxRatio": 0.1251987984, "incomeTaxExpense": -196000000, "netIncome": 1417000000, "netIncomeRatio": 0.1251987984, "eps": 2699.05, "epsdiluted": 2699.05, "weightedAverageShsOut": 525000, "weightedAverageShsOutDil": 525000, "link": "https://www.sec.gov/Archives/edgar/data/1376986/000137698619000037/0001376986-19-000037-index.htm", "finalLink": "https://www.sec.gov/Archives/edgar/data/1376986/000137698619000037/tve-10xk09302019.htm", "calculatedOtherExpenses": 1948000000, "calculatedOperatingExpenses": 2206000000, "calculatedNetInterest": -25000000, "calculatedOtherIncome": -1847000000, "calculatedIncomeNonControlling": 196000000, "calculatedEbitda": 5037000000}, {"date": "2018-09-30", "symbol": "TVE", "reportedCurrency": "USD", "cik": "0001376986", "fillingDate": "2018-11-15", "acceptedDate": "2018-11-14 17:47:08", "calendarYear": "2018", "period": "FY", "revenue": 11233000000, "costOfRevenue": 2049000000, "grossProfit": 9184000000, "grossProfitRatio": 0.8175910264, "researchAndDevelopmentExpenses": 0, "generalAndAdministrativeExpenses": 0, "sellingAndMarketingExpenses": 0, "sellingGeneralAndAdministrativeExpenses": 0, "otherExpenses": 8921000000, "operatingExpenses": 8921000000, "costAndExpenses": 10970000000, "interestIncome": 0, "interestExpense": 1243000000, "depreciationAndAmortization": 2936000000, "ebitda": 5298000000, "ebitdaratio": 0.4716460429, "operatingIncome": 2312000000, "operatingIncomeRatio": 0.2058221312, "totalOtherIncomeExpensesNet": -1193000000, "incomeBeforeTax": 1119000000, "incomeBeforeTaxRatio": 0.0996171993, "incomeTaxExpense": 50000000, "netIncome": 1119000000, "netIncomeRatio": 0.0996171993, "eps": 2131.43, "epsdiluted": 2131.43, "weightedAverageShsOut": 525000, "weightedAverageShsOutDil": 525000, "link": "https://www.sec.gov/Archives/edgar/data/1376986/000137698618000046/0001376986-18-000046-index.htm", "finalLink": "https://www.sec.gov/Archives/edgar/data/1376986/000137698618000046/tve-10xk09302018.htm", "calculatedOtherExpenses": 6872000000, "calculatedOperatingExpenses": 6872000000, "calculatedNetInterest": -1243000000, "calculatedOtherIncome": 50000000, "calculatedIncomeNonControlling": -50000000, "calculatedEbitda": 5248000000}, {"date": "2017-09-30", "symbol": "TVE", "reportedCurrency": "USD", "cik": "0001376986", "fillingDate": "2017-11-15", "acceptedDate": "2017-11-14 17:41:35", "calendarYear": "2017", "period": "FY", "revenue": 10739000000, "costOfRevenue": 2169000000, "grossProfit": 8570000000, "grossProfitRatio": 0.798025887, "researchAndDevelopmentExpenses": 0, "generalAndAdministrativeExpenses": 0, "sellingAndMarketingExpenses": 0, "sellingGeneralAndAdministrativeExpenses": 0, "otherExpenses": 8764000000, "operatingExpenses": 8764000000, "costAndExpenses": 10933000000, "interestIncome": 0, "interestExpense": 1346000000, "depreciationAndAmortization": 2104000000, "ebitda": 4135000000, "ebitdaratio": 0.3850451625, "operatingIncome": 1975000000, "operatingIncomeRatio": 0.1839091163, "totalOtherIncomeExpensesNet": -1290000000, "incomeBeforeTax": 685000000, "incomeBeforeTaxRatio": 0.0637861998, "incomeTaxExpense": 56000000, "netIncome": 685000000, "netIncomeRatio": 0.0637861998, "eps": 1304.76, "epsdiluted": 1304.76, "weightedAverageShsOut": 525000, "weightedAverageShsOutDil": 525000, "link": "https://www.sec.gov/Archives/edgar/data/1376986/000137698617000031/0001376986-17-000031-index.htm", "finalLink": "https://www.sec.gov/Archives/edgar/data/1376986/000137698617000031/tve-09302017x10k.htm", "calculatedOtherExpenses": 6595000000, "calculatedOperatingExpenses": 6595000000, "calculatedNetInterest": -1346000000, "calculatedOtherIncome": 56000000, "calculatedIncomeNonControlling": -56000000, "calculatedEbitda": 4079000000}, {"date": "2016-09-30", "symbol": "TVE", "reportedCurrency": "USD", "cik": "0001376986", "fillingDate": "2016-11-15", "acceptedDate": "2016-11-14 17:57:34", "calendarYear": "2016", "period": "FY", "revenue": 10616000000, "costOfRevenue": 2126000000, "grossProfit": 8490000000, "grossProfitRatio": 0.7997362472, "researchAndDevelopmentExpenses": 0, "generalAndAdministrativeExpenses": 0, "sellingAndMarketingExpenses": 0, "sellingGeneralAndAdministrativeExpenses": 0, "otherExpenses": 8290000000, "operatingExpenses": 8290000000, "costAndExpenses": 10416000000, "interestIncome": 0, "interestExpense": 1136000000, "depreciationAndAmortization": 2169000000, "ebitda": 4538000000, "ebitdaratio": 0.4274679729, "operatingIncome": 2326000000, "operatingIncomeRatio": 0.2191032404, "totalOtherIncomeExpensesNet": -1093000000, "incomeBeforeTax": 1233000000, "incomeBeforeTaxRatio": 0.1161454408, "incomeTaxExpense": 43000000, "netIncome": 1233000000, "netIncomeRatio": 0.1161454408, "eps": 2348.57, "epsdiluted": 2348.57, "weightedAverageShsOut": 525000, "weightedAverageShsOutDil": 525000, "link": "https://www.sec.gov/Archives/edgar/data/1376986/000137698616000080/0001376986-16-000080-index.htm", "finalLink": "https://www.sec.gov/Archives/edgar/data/1376986/000137698616000080/tve-09302016x10k.htm", "calculatedOtherExpenses": 6164000000, "calculatedOperatingExpenses": 6164000000, "calculatedNetInterest": -1136000000, "calculatedOtherIncome": 43000000, "calculatedIncomeNonControlling": -43000000, "calculatedEbitda": 4495000000}, {"date": "2015-09-30", "symbol": "TVE", "reportedCurrency": "USD", "cik": "0001376986", "fillingDate": "2015-11-20", "acceptedDate": "2015-11-20 13:11:46", "calendarYear": "2015", "period": "FY", "revenue": 11003000000, "costOfRevenue": 2444000000, "grossProfit": 8559000000, "grossProfitRatio": 0.7778787603, "researchAndDevelopmentExpenses": 0, "generalAndAdministrativeExpenses": 0, "sellingAndMarketingExpenses": 0, "sellingGeneralAndAdministrativeExpenses": 0, "otherExpenses": 8788000000, "operatingExpenses": 8788000000, "costAndExpenses": 11232000000, "interestIncome": 0, "interestExpense": 1133000000, "depreciationAndAmortization": 2354000000, "ebitda": 4598000000, "ebitdaratio": 0.4178860311, "operatingIncome": 2215000000, "operatingIncomeRatio": 0.201308734, "totalOtherIncomeExpensesNet": -1104000000, "incomeBeforeTax": 1111000000, "incomeBeforeTaxRatio": 0.1009724621, "incomeTaxExpense": 29000000, "netIncome": 1111000000, "netIncomeRatio": 0.1009724621, "eps": 2116.19, "epsdiluted": 2116.19, "weightedAverageShsOut": 525000, "weightedAverageShsOutDil": 525000, "link": "https://www.sec.gov/Archives/edgar/data/1376986/000137698615000047/0001376986-15-000047-index.htm", "finalLink": "https://www.sec.gov/Archives/edgar/data/1376986/000137698615000047/tve-09302015x10k.htm", "calculatedOtherExpenses": 6344000000, "calculatedOperatingExpenses": 6344000000, "calculatedNetInterest": -1133000000, "calculatedOtherIncome": 29000000, "calculatedIncomeNonControlling": -29000000, "calculatedEbitda": 4569000000}, {"date": "2014-09-30", "symbol": "TVE", "reportedCurrency": "USD", "cik": "0001376986", "fillingDate": "2014-11-17", "acceptedDate": "2014-11-14 17:47:06", "calendarYear": "2014", "period": "FY", "revenue": 11137000000, "costOfRevenue": 2555000000, "grossProfit": 8582000000, "grossProfitRatio": 0.770584538, "researchAndDevelopmentExpenses": 0, "generalAndAdministrativeExpenses": 0, "sellingAndMarketingExpenses": 0, "sellingGeneralAndAdministrativeExpenses": 0, "otherExpenses": 9548000000, "operatingExpenses": 9548000000, "costAndExpenses": 12103000000, "interestIncome": 0, "interestExpense": 1169000000, "depreciationAndAmortization": 2167000000, "ebitda": 3805000000, "ebitdaratio": 0.3416539463, "operatingIncome": 1589000000, "operatingIncomeRatio": 0.1426775613, "totalOtherIncomeExpensesNet": -1120000000, "incomeBeforeTax": 469000000, "incomeBeforeTaxRatio": 0.0421118793, "incomeTaxExpense": 49000000, "netIncome": 469000000, "netIncomeRatio": 0.0421118793, "eps": 893.33, "epsdiluted": 893.33, "weightedAverageShsOut": 525000, "weightedAverageShsOutDil": 525000, "link": "https://www.sec.gov/Archives/edgar/data/1376986/000137698614000041/0001376986-14-000041-index.htm", "finalLink": "https://www.sec.gov/Archives/edgar/data/1376986/000137698614000041/tve-09302014x10k.htm", "calculatedOtherExpenses": 6993000000, "calculatedOperatingExpenses": 6993000000, "calculatedNetInterest": -1169000000, "calculatedOtherIncome": 49000000, "calculatedIncomeNonControlling": -49000000, "calculatedEbitda": 3756000000}, {"date": "2013-09-30", "symbol": "TVE", "reportedCurrency": "USD", "cik": "0001376986", "fillingDate": "2013-11-18", "acceptedDate": "2013-11-15 17:54:05", "calendarYear": "2013", "period": "FY", "revenue": 10956000000, "costOfRevenue": 2652000000, "grossProfit": 8304000000, "grossProfitRatio": 0.7579408543, "researchAndDevelopmentExpenses": 0, "generalAndAdministrativeExpenses": 0, "sellingAndMarketingExpenses": 0, "sellingGeneralAndAdministrativeExpenses": 0, "otherExpenses": 9503000000, "operatingExpenses": 9503000000, "costAndExpenses": 12155000000, "interestIncome": 0, "interestExpense": 1226000000, "depreciationAndAmortization": 1991000000, "ebitda": 3488000000, "ebitdaratio": 0.3183643666, "operatingIncome": 1453000000, "operatingIncomeRatio": 0.1326213947, "totalOtherIncomeExpensesNet": -1182000000, "incomeBeforeTax": 271000000, "incomeBeforeTaxRatio": 0.0247353049, "incomeTaxExpense": 44000000, "netIncome": 271000000, "netIncomeRatio": 0.0247353049, "eps": 516.19, "epsdiluted": 516.19, "weightedAverageShsOut": 525000, "weightedAverageShsOutDil": 525000, "link": "https://www.sec.gov/Archives/edgar/data/1376986/000137698613000056/0001376986-13-000056-index.htm", "finalLink": "https://www.sec.gov/Archives/edgar/data/1376986/000137698613000056/tve-09302013x10k.htm", "calculatedOtherExpenses": 6851000000, "calculatedOperatingExpenses": 6851000000, "calculatedNetInterest": -1226000000, "calculatedOtherIncome": 44000000, "calculatedIncomeNonControlling": -44000000, "calculatedEbitda": 3444000000}, {"date": "2012-09-30", "symbol": "TVE", "reportedCurrency": "USD", "cik": "0001376986", "fillingDate": "2012-11-16", "acceptedDate": "2012-11-15 18:05:29", "calendarYear": "2012", "period": "FY", "revenue": 11220000000, "costOfRevenue": 2509000000, "grossProfit": 8711000000, "grossProfitRatio": 0.7763814617, "researchAndDevelopmentExpenses": 0, "generalAndAdministrativeExpenses": 0, "sellingAndMarketingExpenses": 0, "sellingGeneralAndAdministrativeExpenses": 0, "otherExpenses": 9920000000, "operatingExpenses": 9920000000, "costAndExpenses": 12429000000, "interestIncome": 0, "interestExpense": 1273000000, "depreciationAndAmortization": 2211000000, "ebitda": 3544000000, "ebitdaratio": 0.3158645276, "operatingIncome": 1300000000, "operatingIncomeRatio": 0.1158645276, "totalOtherIncomeExpensesNet": -1240000000, "incomeBeforeTax": 60000000, "incomeBeforeTaxRatio": 0.0053475936, "incomeTaxExpense": 33000000, "netIncome": 60000000, "netIncomeRatio": 0.0053475936, "eps": 114.29, "epsdiluted": 114.29, "weightedAverageShsOut": 525000, "weightedAverageShsOutDil": 525000, "link": "https://www.sec.gov/Archives/edgar/data/1376986/000137698612000043/0001376986-12-000043-index.htm", "finalLink": "https://www.sec.gov/Archives/edgar/data/1376986/000137698612000043/tve-09302012x10k.htm", "calculatedOtherExpenses": 7411000000, "calculatedOperatingExpenses": 7411000000, "calculatedNetInterest": -1273000000, "calculatedOtherIncome": 33000000, "calculatedIncomeNonControlling": -33000000, "calculatedEbitda": 3511000000}, {"date": "2011-09-30", "symbol": "TVE", "reportedCurrency": "USD", "cik": "0001376986", "fillingDate": "2011-11-18", "acceptedDate": "2011-11-17 18:34:35", "calendarYear": "2011", "period": "FY", "revenue": 11841000000, "costOfRevenue": 2800000000, "grossProfit": 9041000000, "grossProfitRatio": 0.7635334853, "researchAndDevelopmentExpenses": 0, "generalAndAdministrativeExpenses": 0, "sellingAndMarketingExpenses": 0, "sellingGeneralAndAdministrativeExpenses": 0, "otherExpenses": 10404000000, "operatingExpenses": 10404000000, "costAndExpenses": 13204000000, "interestIncome": 0, "interestExpense": 1305000000, "depreciationAndAmortization": 2059000000, "ebitda": 3526000000, "ebitdaratio": 0.2977789038, "operatingIncome": 1437000000, "operatingIncomeRatio": 0.1213579934, "totalOtherIncomeExpensesNet": -1275000000, "incomeBeforeTax": 162000000, "incomeBeforeTaxRatio": 0.0136812769, "incomeTaxExpense": 30000000, "netIncome": 162000000, "netIncomeRatio": 0.0136812769, "eps": 308.57, "epsdiluted": 308.57, "weightedAverageShsOut": 525000, "weightedAverageShsOutDil": 525000, "link": "https://www.sec.gov/Archives/edgar/data/1376986/000137698611000074/0001376986-11-000074-index.htm", "finalLink": "https://www.sec.gov/Archives/edgar/data/1376986/000137698611000074/tve-9302011x10k.htm", "calculatedOtherExpenses": 7604000000, "calculatedOperatingExpenses": 7604000000, "calculatedNetInterest": -1305000000, "calculatedOtherIncome": 30000000, "calculatedIncomeNonControlling": -30000000, "calculatedEbitda": 3496000000}, {"date": "2010-09-30", "symbol": "TVE", "reportedCurrency": "USD", "cik": "0001376986", "fillingDate": "2010-11-19", "acceptedDate": "2010-11-19 13:00:59", "calendarYear": "2010", "period": "FY", "revenue": 10874000000, "costOfRevenue": 3140000000, "grossProfit": 7734000000, "grossProfitRatio": 0.711237815, "researchAndDevelopmentExpenses": 0, "generalAndAdministrativeExpenses": 0, "sellingAndMarketingExpenses": 0, "sellingGeneralAndAdministrativeExpenses": 0, "otherExpenses": 8632000000, "operatingExpenses": 8632000000, "costAndExpenses": 11772000000, "interestIncome": 0, "interestExpense": -1294000000, "depreciationAndAmortization": 1743000000, "ebitda": 1421000000, "ebitdaratio": 0.1306786831, "operatingIncome": 2242000000, "operatingIncomeRatio": 0.2061798786, "totalOtherIncomeExpensesNet": -1270000000, "incomeBeforeTax": 972000000, "incomeBeforeTaxRatio": 0.0893875299, "incomeTaxExpense": -2564000000, "netIncome": 972000000, "netIncomeRatio": 0.0893875299, "eps": 1851.43, "epsdiluted": 1851.43, "weightedAverageShsOut": 525000, "weightedAverageShsOutDil": 525000, "link": "https://www.sec.gov/Archives/edgar/data/1376986/000137698610000089/0001376986-10-000089-index.htm", "finalLink": "https://www.sec.gov/Archives/edgar/data/1376986/000137698610000089/tva10k-93010.htm", "calculatedOtherExpenses": 5492000000, "calculatedOperatingExpenses": 5492000000, "calculatedNetInterest": 1294000000, "calculatedOtherIncome": -2564000000, "calculatedIncomeNonControlling": 2564000000, "calculatedEbitda": 3985000000}, {"date": "2009-09-30", "symbol": "TVE", "reportedCurrency": "USD", "cik": "0001376986", "fillingDate": "2009-11-25", "acceptedDate": "2009-11-25 13:47:54", "calendarYear": "2009", "period": "FY", "revenue": 11255000000, "costOfRevenue": 4705000000, "grossProfit": 6550000000, "grossProfitRatio": 0.5819635717, "researchAndDevelopmentExpenses": 0, "generalAndAdministrativeExpenses": 0, "sellingAndMarketingExpenses": 0, "sellingGeneralAndAdministrativeExpenses": 0, "otherExpenses": 9282000000, "operatingExpenses": 9282000000, "costAndExpenses": 13987000000, "interestIncome": 0, "interestExpense": -1272000000, "depreciationAndAmortization": 1618000000, "ebitda": 1072000000, "ebitdaratio": 0.0952465571, "operatingIncome": 1973000000, "operatingIncomeRatio": 0.1752998667, "totalOtherIncomeExpensesNet": -1247000000, "incomeBeforeTax": 726000000, "incomeBeforeTaxRatio": 0.0645046646, "incomeTaxExpense": -2519000000, "netIncome": 726000000, "netIncomeRatio": 0.0645046646, "eps": 1382.86, "epsdiluted": 1382.86, "weightedAverageShsOut": 525000, "weightedAverageShsOutDil": 525000, "link": "https://www.sec.gov/Archives/edgar/data/1376986/000137698609000113/0001376986-09-000113-index.htm", "finalLink": "https://www.sec.gov/Archives/edgar/data/1376986/000137698609000113/tva_10-k2009.htm", "calculatedOtherExpenses": 4577000000, "calculatedOperatingExpenses": 4577000000, "calculatedNetInterest": 1272000000, "calculatedOtherIncome": -2519000000, "calculatedIncomeNonControlling": 2519000000, "calculatedEbitda": 3591000000}, {"date": "2008-09-30", "symbol": "TVE", "reportedCurrency": "USD", "cik": "0001376986", "fillingDate": "2008-12-16", "acceptedDate": "2008-12-16 16:11:43", "calendarYear": "2008", "period": "FY", "revenue": 10382000000, "costOfRevenue": 4159000000, "grossProfit": 6223000000, "grossProfitRatio": 0.5994028126, "researchAndDevelopmentExpenses": 0, "generalAndAdministrativeExpenses": 0, "sellingAndMarketingExpenses": 0, "sellingGeneralAndAdministrativeExpenses": 0, "otherExpenses": 8198000000, "operatingExpenses": 8198000000, "costAndExpenses": 12357000000, "interestIncome": 0, "interestExpense": -1376000000, "depreciationAndAmortization": 1244000000, "ebitda": 685000000, "ebitdaratio": 0.06597958, "operatingIncome": 2184000000, "operatingIncomeRatio": 0.2103640917, "totalOtherIncomeExpensesNet": -1367000000, "incomeBeforeTax": 817000000, "incomeBeforeTaxRatio": 0.0786938933, "incomeTaxExpense": -2743000000, "netIncome": 817000000, "netIncomeRatio": 0.0786938933, "eps": 1556.19, "epsdiluted": 1556.19, "weightedAverageShsOut": 525000, "weightedAverageShsOutDil": 525000, "link": "https://www.sec.gov/Archives/edgar/data/1376986/000137698608000067/0001376986-08-000067-index.htm", "finalLink": "https://www.sec.gov/Archives/edgar/data/1376986/000137698608000067/form10-k.htm", "calculatedOtherExpenses": 4039000000, "calculatedOperatingExpenses": 4039000000, "calculatedNetInterest": 1376000000, "calculatedOtherIncome": -2743000000, "calculatedIncomeNonControlling": 2743000000, "calculatedEbitda": 3428000000}]}