{"originalCurrency": "USD", "convertedCurrency": "USD", "report": [{"date": "2023-12-31", "symbol": "TW", "reportedCurrency": "USD", "cik": "0001758730", "fillingDate": "2024-02-09", "acceptedDate": "2024-02-09 16:03:29", "calendarYear": "2023", "period": "FY", "revenue": 1338219000, "costOfRevenue": 460305000, "grossProfit": 877914000, "grossProfitRatio": 0.6560316361, "researchAndDevelopmentExpenses": 55810000, "generalAndAdministrativeExpenses": 187295000, "sellingAndMarketingExpenses": 0, "sellingGeneralAndAdministrativeExpenses": 187295000, "otherExpenses": -13122000, "operatingExpenses": 382162000, "costAndExpenses": 842467000, "interestIncome": 65349999, "interestExpense": 65350000, "depreciationAndAmortization": 185350000, "ebitda": 681102000, "ebitdaratio": 0.5089615377, "operatingIncome": 505269000, "operatingIncomeRatio": 0.3775682456, "totalOtherIncomeExpensesNet": -13122000, "incomeBeforeTax": 547980000, "incomeBeforeTaxRatio": 0.4094845463, "incomeTaxExpense": 128477000, "netIncome": 364866000, "netIncomeRatio": 0.2726504406, "eps": 1.73, "epsdiluted": 1.71, "weightedAverageShsOut": 210796802, "weightedAverageShsOutDil": 212668808, "link": "https://www.sec.gov/Archives/edgar/data/1758730/000175873024000025/0001758730-24-000025-index.htm", "finalLink": "https://www.sec.gov/Archives/edgar/data/1758730/000175873024000025/tw-20231231.htm", "calculatedOtherExpenses": 129540000, "calculatedOperatingExpenses": 372645000, "calculatedNetInterest": -1, "calculatedOtherIncome": 42711001, "calculatedIncomeNonControlling": 54637000, "calculatedEbitda": 690619000}, {"date": "2022-12-31", "symbol": "TW", "reportedCurrency": "USD", "cik": "0001758730", "fillingDate": "2023-02-24", "acceptedDate": "2023-02-24 16:02:27", "calendarYear": "2022", "period": "FY", "revenue": 1188781000, "costOfRevenue": 432421000, "grossProfit": 756360000, "grossProfitRatio": 0.6362483923, "researchAndDevelopmentExpenses": 52180000, "generalAndAdministrativeExpenses": 164908000, "sellingAndMarketingExpenses": 0, "sellingGeneralAndAdministrativeExpenses": 164908000, "otherExpenses": 165226000, "operatingExpenses": 330134000, "costAndExpenses": 762555000, "interestIncome": 11907000, "interestExpense": 11907000, "depreciationAndAmortization": 193532000, "ebitda": 606105000, "ebitdaratio": 0.509854212, "operatingIncome": 412573000, "operatingIncomeRatio": 0.3470555132, "totalOtherIncomeExpensesNet": 24560000, "incomeBeforeTax": 437133000, "incomeBeforeTaxRatio": 0.3677153319, "incomeTaxExpense": 77520000, "netIncome": 309338000, "netIncomeRatio": 0.260214455, "eps": 1.5, "epsdiluted": 1.48, "weightedAverageShsOut": 205576637, "weightedAverageShsOutDil": 208400040, "link": "https://www.sec.gov/Archives/edgar/data/1758730/000175873023000047/0001758730-23-000047-index.htm", "finalLink": "https://www.sec.gov/Archives/edgar/data/1758730/000175873023000047/tw-20221231.htm", "calculatedOtherExpenses": 126699000, "calculatedOperatingExpenses": 343787000, "calculatedNetInterest": 0, "calculatedOtherIncome": 24560000, "calculatedIncomeNonControlling": 50275000, "calculatedEbitda": 606105000}, {"date": "2021-12-31", "symbol": "TW", "reportedCurrency": "USD", "cik": "0001758730", "fillingDate": "2022-02-24", "acceptedDate": "2022-02-24 16:16:39", "calendarYear": "2021", "period": "FY", "revenue": 1076447000, "costOfRevenue": 407260000, "grossProfit": 669187000, "grossProfitRatio": 0.6216627479, "researchAndDevelopmentExpenses": 47116000, "generalAndAdministrativeExpenses": 139051000, "sellingAndMarketingExpenses": 0, "sellingGeneralAndAdministrativeExpenses": 139051000, "otherExpenses": 158563000, "operatingExpenses": 297614000, "costAndExpenses": 704874000, "interestIncome": 0, "interestExpense": -1590000, "depreciationAndAmortization": 184053000, "ebitda": 542881000, "ebitdaratio": 0.5043267342, "operatingIncome": 358828000, "operatingIncomeRatio": 0.3333447908, "totalOtherIncomeExpensesNet": 11155000, "incomeBeforeTax": 369983000, "incomeBeforeTaxRatio": 0.3437075862, "incomeTaxExpense": 96875000, "netIncome": 226828000, "netIncomeRatio": 0.2107191529, "eps": 1.13, "epsdiluted": 1.09, "weightedAverageShsOut": 201419081, "weightedAverageShsOutDil": 207254840, "link": "https://www.sec.gov/Archives/edgar/data/1758730/000175873022000006/0001758730-22-000006-index.htm", "finalLink": "https://www.sec.gov/Archives/edgar/data/1758730/000175873022000006/tw-20211231.htm", "calculatedOtherExpenses": 124192000, "calculatedOperatingExpenses": 310359000, "calculatedNetInterest": 1590000, "calculatedOtherIncome": 9565000, "calculatedIncomeNonControlling": 46280000, "calculatedEbitda": 542881000}, {"date": "2020-12-31", "symbol": "TW", "reportedCurrency": "USD", "cik": "0001758730", "fillingDate": "2021-02-25", "acceptedDate": "2021-02-24 18:31:56", "calendarYear": "2020", "period": "FY", "revenue": 892659000, "costOfRevenue": 349658000, "grossProfit": 543001000, "grossProfitRatio": 0.6082961131, "researchAndDevelopmentExpenses": 36102000, "generalAndAdministrativeExpenses": 125857000, "sellingAndMarketingExpenses": 0, "sellingGeneralAndAdministrativeExpenses": 125857000, "otherExpenses": 142364000, "operatingExpenses": 268221000, "costAndExpenses": 617879000, "interestIncome": -316000, "interestExpense": -316000, "depreciationAndAmortization": 165214000, "ebitda": 428569000, "ebitdaratio": 0.4801038246, "operatingIncome": 263355000, "operatingIncomeRatio": 0.2950230715, "totalOtherIncomeExpensesNet": 11109000, "incomeBeforeTax": 274464000, "incomeBeforeTaxRatio": 0.3074679133, "incomeTaxExpense": 56074000, "netIncome": 166296000, "netIncomeRatio": 0.1862928621, "eps": 0.92, "epsdiluted": 0.88, "weightedAverageShsOut": 180409462, "weightedAverageShsOutDil": 188223032, "link": "https://www.sec.gov/Archives/edgar/data/1758730/000175873021000007/0001758730-21-000007-index.htm", "finalLink": "https://www.sec.gov/Archives/edgar/data/1758730/000175873021000007/tw-20201231.htm", "calculatedOtherExpenses": 117687000, "calculatedOperatingExpenses": 279646000, "calculatedNetInterest": 0, "calculatedOtherIncome": 11109000, "calculatedIncomeNonControlling": 52094000, "calculatedEbitda": 428569000}, {"date": "2019-12-31", "symbol": "TW", "reportedCurrency": "USD", "cik": "0001758730", "fillingDate": "2020-02-21", "acceptedDate": "2020-02-21 17:18:07", "calendarYear": "2019", "period": "FY", "revenue": 775566000, "costOfRevenue": 329457000, "grossProfit": 446109000, "grossProfitRatio": 0.5752044313, "researchAndDevelopmentExpenses": 26176000, "generalAndAdministrativeExpenses": 116960000, "sellingAndMarketingExpenses": 0, "sellingGeneralAndAdministrativeExpenses": 116960000, "otherExpenses": 106196000, "operatingExpenses": 223156000, "costAndExpenses": 552613000, "interestIncome": 2373000, "interestExpense": 0, "depreciationAndAmortization": 172464000, "ebitda": 362283000, "ebitdaratio": 0.4671207866, "operatingIncome": 189819000, "operatingIncomeRatio": 0.2447489962, "totalOtherIncomeExpensesNet": 35507000, "incomeBeforeTax": 225326000, "incomeBeforeTaxRatio": 0.2905310444, "incomeTaxExpense": 52302000, "netIncome": 173024000, "netIncomeRatio": 0.2230938437, "eps": 1.17, "epsdiluted": 1.11, "weightedAverageShsOut": 148013274, "weightedAverageShsOutDil": 156540246, "link": "https://www.sec.gov/Archives/edgar/data/1758730/000155837020001170/0001558370-20-001170-index.htm", "finalLink": "https://www.sec.gov/Archives/edgar/data/1758730/000155837020001170/tw-20191231x10k.htm", "calculatedOtherExpenses": 113154000, "calculatedOperatingExpenses": 256290000, "calculatedNetInterest": 2373000, "calculatedOtherIncome": 33134000, "calculatedIncomeNonControlling": 0, "calculatedEbitda": 362283000}, {"date": "2018-12-31", "symbol": "TW", "reportedCurrency": "USD", "cik": "0001758730", "fillingDate": "2018-12-31", "acceptedDate": "2018-12-30 19:00:00", "calendarYear": "2018", "period": "FY", "revenue": 657578000, "costOfRevenue": 289489000, "grossProfit": 368089000, "grossProfitRatio": 0.5597647732, "researchAndDevelopmentExpenses": 0, "generalAndAdministrativeExpenses": 113992000, "sellingAndMarketingExpenses": 0, "sellingGeneralAndAdministrativeExpenses": 113992000, "otherExpenses": 81828000, "operatingExpenses": 195820000, "costAndExpenses": 485309000, "interestIncome": 2513000, "interestExpense": 0, "depreciationAndAmortization": 81828000, "ebitda": 254884000, "ebitdaratio": 0.3876102911, "operatingIncome": 172269000, "operatingIncomeRatio": 0.2619750052, "totalOtherIncomeExpensesNet": 2513000, "incomeBeforeTax": 174782000, "incomeBeforeTaxRatio": 0.2657966051, "incomeTaxExpense": 15315000, "netIncome": 159467000, "netIncomeRatio": 0.2425065924, "eps": 1.29, "epsdiluted": 1.29, "weightedAverageShsOut": 123383477, "weightedAverageShsOutDil": 123383477, "link": "", "finalLink": "", "calculatedOtherExpenses": 81828000, "calculatedOperatingExpenses": 195820000, "calculatedNetInterest": 2513000, "calculatedOtherIncome": 0, "calculatedIncomeNonControlling": 0, "calculatedEbitda": 254097000}, {"date": "2017-12-31", "symbol": "TW", "reportedCurrency": "USD", "cik": "0001758730", "fillingDate": "2017-12-31", "acceptedDate": "2017-12-30 19:00:00", "calendarYear": "2017", "period": "FY", "revenue": 504448000, "costOfRevenue": 248963000, "grossProfit": 255485000, "grossProfitRatio": 0.5064644919, "researchAndDevelopmentExpenses": 0, "generalAndAdministrativeExpenses": 97778000, "sellingAndMarketingExpenses": 0, "sellingGeneralAndAdministrativeExpenses": 97778000, "otherExpenses": -58520000, "operatingExpenses": 166393000, "costAndExpenses": 415356000, "interestIncome": 685000, "interestExpense": 455000, "depreciationAndAmortization": 68615000, "ebitda": 157707000, "ebitdaratio": 0.3126328184, "operatingIncome": 89092000, "operatingIncomeRatio": 0.1766128521, "totalOtherIncomeExpensesNet": 685000, "incomeBeforeTax": 89777000, "incomeBeforeTaxRatio": 0.177970772, "incomeTaxExpense": 6129000, "netIncome": 83648000, "netIncomeRatio": 0.1658208577, "eps": 0.37, "epsdiluted": 0.37, "weightedAverageShsOut": 227254927, "weightedAverageShsOutDil": 227276547, "link": "", "finalLink": "", "calculatedOtherExpenses": 68615000, "calculatedOperatingExpenses": 166393000, "calculatedNetInterest": 230000, "calculatedOtherIncome": 455000, "calculatedIncomeNonControlling": 0, "calculatedEbitda": 157707000}, {"date": "2016-12-31", "symbol": "TW", "reportedCurrency": "USD", "cik": "0001758730", "fillingDate": "2016-12-31", "acceptedDate": "2016-12-30 19:00:00", "calendarYear": "2016", "period": "FY", "revenue": 492180000, "costOfRevenue": 228584000, "grossProfit": 263596000, "grossProfitRatio": 0.535568288, "researchAndDevelopmentExpenses": 0, "generalAndAdministrativeExpenses": 89606000, "sellingAndMarketingExpenses": 0, "sellingGeneralAndAdministrativeExpenses": 89606000, "otherExpenses": -26224000, "operatingExpenses": 170465000, "costAndExpenses": 399049000, "interestIncome": 644000, "interestExpense": 1339000, "depreciationAndAmortization": 80859000, "ebitda": 174634000, "ebitdaratio": 0.3548173432, "operatingIncome": 93131000, "operatingIncomeRatio": 0.1892214231, "totalOtherIncomeExpensesNet": -695000, "incomeBeforeTax": 92436000, "incomeBeforeTaxRatio": 0.187809338, "incomeTaxExpense": -725000, "netIncome": 93161000, "netIncomeRatio": 0.1892823764, "eps": 0.41, "epsdiluted": 0.41, "weightedAverageShsOut": 227254927, "weightedAverageShsOutDil": 227276547, "link": "", "finalLink": "", "calculatedOtherExpenses": 80859000, "calculatedOperatingExpenses": 170465000, "calculatedNetInterest": -695000, "calculatedOtherIncome": 0, "calculatedIncomeNonControlling": 0, "calculatedEbitda": 173990000}]}