{"originalCurrency": "USD", "convertedCurrency": "USD", "report": [{"date": "2023-12-31", "symbol": "TWLO", "reportedCurrency": "USD", "cik": "0001447669", "fillingDate": "2024-02-27", "acceptedDate": "2024-02-27 16:21:51", "calendarYear": "2023", "period": "FY", "revenue": 4153945000, "costOfRevenue": 2110015000, "grossProfit": 2043930000, "grossProfitRatio": 0.4920455134, "researchAndDevelopmentExpenses": 942790000, "generalAndAdministrativeExpenses": 468459000, "sellingAndMarketingExpenses": 1022985000, "sellingGeneralAndAdministrativeExpenses": 1491444000, "otherExpenses": 47863000, "operatingExpenses": 2434234000, "costAndExpenses": 4544249000, "interestIncome": 77700000, "interestExpense": 0, "depreciationAndAmortization": 311384000, "ebitda": -876541000, "ebitdaratio": -0.2110141083, "operatingIncome": -876541000, "operatingIncomeRatio": -0.2110141083, "totalOtherIncomeExpensesNet": -120188000, "incomeBeforeTax": -996729000, "incomeBeforeTaxRatio": -0.2399475679, "incomeTaxExpense": -18712000, "netIncome": -1015441000, "netIncomeRatio": -0.2444522015, "eps": -5.54, "epsdiluted": -5.54, "weightedAverageShsOut": 183327844, "weightedAverageShsOutDil": 183327844, "link": "https://www.sec.gov/Archives/edgar/data/1447669/000144766924000034/0001447669-24-000034-index.htm", "finalLink": "https://www.sec.gov/Archives/edgar/data/1447669/000144766924000034/twlo-20231231.htm", "calculatedOtherExpenses": 486237000, "calculatedOperatingExpenses": 2920471000, "calculatedNetInterest": 77700000, "calculatedOtherIncome": -197888000, "calculatedIncomeNonControlling": 37424000, "calculatedEbitda": -565157000}, {"date": "2022-12-31", "symbol": "TWLO", "reportedCurrency": "USD", "cik": "0001447669", "fillingDate": "2023-02-27", "acceptedDate": "2023-02-24 19:51:29", "calendarYear": "2022", "period": "FY", "revenue": 3826321000, "costOfRevenue": 2012744000, "grossProfit": 1813577000, "grossProfitRatio": 0.4739740863, "researchAndDevelopmentExpenses": 1079081000, "generalAndAdministrativeExpenses": 517414000, "sellingAndMarketingExpenses": 1248032000, "sellingGeneralAndAdministrativeExpenses": 1765446000, "otherExpenses": -3009000, "operatingExpenses": 2844527000, "costAndExpenses": 4857271000, "interestIncome": 64599999, "interestExpense": 387040000, "depreciationAndAmortization": 453485000, "ebitda": -577465000, "ebitdaratio": -0.1509191205, "operatingIncome": -1030950000, "operatingIncomeRatio": -0.2694363594, "totalOtherIncomeExpensesNet": -212682000, "incomeBeforeTax": -1243632000, "incomeBeforeTaxRatio": -0.3250203002, "incomeTaxExpense": 12513000, "netIncome": -1256145000, "netIncomeRatio": -0.3282905433, "eps": -6.86, "epsdiluted": -6.86, "weightedAverageShsOut": 182994038, "weightedAverageShsOutDil": 182994038, "link": "https://www.sec.gov/Archives/edgar/data/1447669/000144766923000049/0001447669-23-000049-index.htm", "finalLink": "https://www.sec.gov/Archives/edgar/data/1447669/000144766923000049/twlo-20221231.htm", "calculatedOtherExpenses": 0, "calculatedOperatingExpenses": 2844527000, "calculatedNetInterest": -322440001, "calculatedOtherIncome": 109758001, "calculatedIncomeNonControlling": 0, "calculatedEbitda": -577465000}, {"date": "2021-12-31", "symbol": "TWLO", "reportedCurrency": "USD", "cik": "0001447669", "fillingDate": "2022-02-22", "acceptedDate": "2022-02-22 16:22:54", "calendarYear": "2021", "period": "FY", "revenue": 2841839000, "costOfRevenue": 1451126000, "grossProfit": 1390713000, "grossProfitRatio": 0.4893707912, "researchAndDevelopmentExpenses": 789219000, "generalAndAdministrativeExpenses": 472460000, "sellingAndMarketingExpenses": 1044618000, "sellingGeneralAndAdministrativeExpenses": 1517078000, "otherExpenses": -45345000, "operatingExpenses": 2306297000, "costAndExpenses": 3757423000, "interestIncome": 55700000, "interestExpense": 0, "depreciationAndAmortization": 258378000, "ebitda": -657206000, "ebitdaratio": -0.2312608139, "operatingIncome": -915584000, "operatingIncomeRatio": -0.3221801094, "totalOtherIncomeExpensesNet": -45345000, "incomeBeforeTax": -960929000, "incomeBeforeTaxRatio": -0.3381363265, "incomeTaxExpense": -11029000, "netIncome": -949900000, "netIncomeRatio": -0.3342553889, "eps": -5.45, "epsdiluted": -5.45, "weightedAverageShsOut": 174180465, "weightedAverageShsOutDil": 174180465, "link": "https://www.sec.gov/Archives/edgar/data/1447669/000144766922000049/0001447669-22-000049-index.htm", "finalLink": "https://www.sec.gov/Archives/edgar/data/1447669/000144766922000049/twlo-20211231.htm", "calculatedOtherExpenses": 0, "calculatedOperatingExpenses": 2306297000, "calculatedNetInterest": 55700000, "calculatedOtherIncome": -101045000, "calculatedIncomeNonControlling": 0, "calculatedEbitda": -657206000}, {"date": "2020-12-31", "symbol": "TWLO", "reportedCurrency": "USD", "cik": "0001447669", "fillingDate": "2021-02-26", "acceptedDate": "2021-02-25 20:36:39", "calendarYear": "2020", "period": "FY", "revenue": 1761776000, "costOfRevenue": 846115000, "grossProfit": 915661000, "grossProfitRatio": 0.5197374695, "researchAndDevelopmentExpenses": 530548000, "generalAndAdministrativeExpenses": 310607000, "sellingAndMarketingExpenses": 567407000, "sellingGeneralAndAdministrativeExpenses": 878014000, "otherExpenses": -11525000, "operatingExpenses": 1408562000, "costAndExpenses": 2254677000, "interestIncome": 32400000, "interestExpense": 24980000, "depreciationAndAmortization": 149660000, "ebitda": -343241000, "ebitdaratio": -0.1948266976, "operatingIncome": -492901000, "operatingIncomeRatio": -0.2797750679, "totalOtherIncomeExpensesNet": -11525000, "incomeBeforeTax": -504426000, "incomeBeforeTaxRatio": -0.2863167622, "incomeTaxExpense": -13447000, "netIncome": -490979000, "netIncomeRatio": -0.2786841233, "eps": -3.35, "epsdiluted": -3.35, "weightedAverageShsOut": 146708663, "weightedAverageShsOutDil": 146708663, "link": "https://www.sec.gov/Archives/edgar/data/1447669/000144766921000070/0001447669-21-000070-index.htm", "finalLink": "https://www.sec.gov/Archives/edgar/data/1447669/000144766921000070/twlo-20201231.htm", "calculatedOtherExpenses": 0, "calculatedOperatingExpenses": 1408562000, "calculatedNetInterest": 7420000, "calculatedOtherIncome": -18945000, "calculatedIncomeNonControlling": 0, "calculatedEbitda": -343241000}, {"date": "2019-12-31", "symbol": "TWLO", "reportedCurrency": "USD", "cik": "0001447669", "fillingDate": "2020-03-02", "acceptedDate": "2020-03-02 06:09:49", "calendarYear": "2019", "period": "FY", "revenue": 1134468000, "costOfRevenue": 525551000, "grossProfit": 608917000, "grossProfitRatio": 0.5367423321, "researchAndDevelopmentExpenses": 391355000, "generalAndAdministrativeExpenses": 218268000, "sellingAndMarketingExpenses": 369079000, "sellingGeneralAndAdministrativeExpenses": 587347000, "otherExpenses": 7569000, "operatingExpenses": 978702000, "costAndExpenses": 1504253000, "interestIncome": 20800000, "interestExpense": 25071000, "depreciationAndAmortization": 110430000, "ebitda": -259355000, "ebitdaratio": -0.2286137643, "operatingIncome": -369785000, "operatingIncomeRatio": -0.3259545443, "totalOtherIncomeExpensesNet": 7569000, "incomeBeforeTax": -362216000, "incomeBeforeTaxRatio": -0.3192826946, "incomeTaxExpense": -55153000, "netIncome": -307063000, "netIncomeRatio": -0.2706669558, "eps": -2.36, "epsdiluted": -2.36, "weightedAverageShsOut": 130083046, "weightedAverageShsOutDil": 130083046, "link": "https://www.sec.gov/Archives/edgar/data/1447669/000144766920000045/0001447669-20-000045-index.htm", "finalLink": "https://www.sec.gov/Archives/edgar/data/1447669/000144766920000045/twlo-20191231x10k.htm", "calculatedOtherExpenses": 0, "calculatedOperatingExpenses": 978702000, "calculatedNetInterest": -4271000, "calculatedOtherIncome": 11840000, "calculatedIncomeNonControlling": 0, "calculatedEbitda": -259355000}, {"date": "2018-12-31", "symbol": "TWLO", "reportedCurrency": "USD", "cik": "0001447669", "fillingDate": "2019-03-01", "acceptedDate": "2019-03-01 06:11:17", "calendarYear": "2018", "period": "FY", "revenue": 650067000, "costOfRevenue": 300841000, "grossProfit": 349226000, "grossProfitRatio": 0.5372153947, "researchAndDevelopmentExpenses": 171358000, "generalAndAdministrativeExpenses": 110427000, "sellingAndMarketingExpenses": 175555000, "sellingGeneralAndAdministrativeExpenses": 285982000, "otherExpenses": -5923000, "operatingExpenses": 457340000, "costAndExpenses": 758181000, "interestIncome": 0, "interestExpense": 0, "depreciationAndAmortization": 26095000, "ebitda": -74898000, "ebitdaratio": -0.1152158162, "operatingIncome": -115235000, "operatingIncomeRatio": -0.1772663433, "totalOtherIncomeExpensesNet": -13044000, "incomeBeforeTax": -121158000, "incomeBeforeTaxRatio": -0.1863777118, "incomeTaxExpense": 791000, "netIncome": -121949000, "netIncomeRatio": -0.1875945095, "eps": -1.26, "epsdiluted": -1.26, "weightedAverageShsOut": 97130339, "weightedAverageShsOutDil": 97130339, "link": "https://www.sec.gov/Archives/edgar/data/1447669/000104746919000807/0001047469-19-000807-index.htm", "finalLink": "https://www.sec.gov/Archives/edgar/data/1447669/000104746919000807/a2237834z10-k.htm", "calculatedOtherExpenses": 7121000, "calculatedOperatingExpenses": 464461000, "calculatedNetInterest": 0, "calculatedOtherIncome": -5923000, "calculatedIncomeNonControlling": 0, "calculatedEbitda": -89140000}, {"date": "2017-12-31", "symbol": "TWLO", "reportedCurrency": "USD", "cik": "0001447669", "fillingDate": "2018-03-01", "acceptedDate": "2018-03-01 16:09:51", "calendarYear": "2017", "period": "FY", "revenue": 399020000, "costOfRevenue": 182895000, "grossProfit": 216125000, "grossProfitRatio": 0.5416395168, "researchAndDevelopmentExpenses": 120739000, "generalAndAdministrativeExpenses": 59619000, "sellingAndMarketingExpenses": 100669000, "sellingGeneralAndAdministrativeExpenses": 160288000, "otherExpenses": 3071000, "operatingExpenses": 281027000, "costAndExpenses": 463922000, "interestIncome": 0, "interestExpense": 0, "depreciationAndAmortization": 18764000, "ebitda": -44966000, "ebitdaratio": -0.1126910932, "operatingIncome": -66074000, "operatingIncomeRatio": -0.1655906972, "totalOtherIncomeExpensesNet": 1899000, "incomeBeforeTax": -63003000, "incomeBeforeTaxRatio": -0.1578943411, "incomeTaxExpense": 705000, "netIncome": -63708000, "netIncomeRatio": -0.1596611699, "eps": -0.7, "epsdiluted": -0.7, "weightedAverageShsOut": 91224607, "weightedAverageShsOutDil": 91224607, "link": "https://www.sec.gov/Archives/edgar/data/1447669/000104746918001207/0001047469-18-001207-index.htm", "finalLink": "https://www.sec.gov/Archives/edgar/data/1447669/000104746918001207/a2234636z10-k.htm", "calculatedOtherExpenses": 1172000, "calculatedOperatingExpenses": 282199000, "calculatedNetInterest": 0, "calculatedOtherIncome": 3071000, "calculatedIncomeNonControlling": 0, "calculatedEbitda": -47310000}, {"date": "2016-12-31", "symbol": "TWLO", "reportedCurrency": "USD", "cik": "0001447669", "fillingDate": "2017-02-22", "acceptedDate": "2017-02-21 21:57:29", "calendarYear": "2016", "period": "FY", "revenue": 277335000, "costOfRevenue": 120520000, "grossProfit": 156815000, "grossProfitRatio": 0.5654353039, "researchAndDevelopmentExpenses": 77926000, "generalAndAdministrativeExpenses": 51077000, "sellingAndMarketingExpenses": 65267000, "sellingGeneralAndAdministrativeExpenses": 116344000, "otherExpenses": 317000, "operatingExpenses": 194270000, "costAndExpenses": 314790000, "interestIncome": 0, "interestExpense": 0, "depreciationAndAmortization": 8315000, "ebitda": -25280000, "ebitdaratio": -0.0911532984, "operatingIncome": -41315000, "operatingIncomeRatio": -0.1489714605, "totalOtherIncomeExpensesNet": -3543000, "incomeBeforeTax": -40998000, "incomeBeforeTaxRatio": -0.1478284385, "incomeTaxExpense": 326000, "netIncome": -41324000, "netIncomeRatio": -0.1490039122, "eps": -0.78, "epsdiluted": -0.78, "weightedAverageShsOut": 53116675, "weightedAverageShsOutDil": 53116675, "link": "https://www.sec.gov/Archives/edgar/data/1447669/000104746917000800/0001047469-17-000800-index.htm", "finalLink": "https://www.sec.gov/Archives/edgar/data/1447669/000104746917000800/a2230935z10-k.htm", "calculatedOtherExpenses": 3860000, "calculatedOperatingExpenses": 198130000, "calculatedNetInterest": 0, "calculatedOtherIncome": 317000, "calculatedIncomeNonControlling": 0, "calculatedEbitda": -33000000}, {"date": "2015-12-31", "symbol": "TWLO", "reportedCurrency": "USD", "cik": "0001447669", "fillingDate": "2015-12-31", "acceptedDate": "2015-12-30 19:00:00", "calendarYear": "2015", "period": "FY", "revenue": 166919000, "costOfRevenue": 74454000, "grossProfit": 92465000, "grossProfitRatio": 0.5539513177, "researchAndDevelopmentExpenses": 42559000, "generalAndAdministrativeExpenses": 35991000, "sellingAndMarketingExpenses": 49308000, "sellingGeneralAndAdministrativeExpenses": 85299000, "otherExpenses": 11000, "operatingExpenses": 127858000, "costAndExpenses": 202312000, "interestIncome": 0, "interestExpense": 0, "depreciationAndAmortization": 4226000, "ebitda": -31167000, "ebitdaratio": -0.186719307, "operatingIncome": -35393000, "operatingIncomeRatio": -0.212036976, "totalOtherIncomeExpensesNet": 11000, "incomeBeforeTax": -35382000, "incomeBeforeTaxRatio": -0.2119710758, "incomeTaxExpense": 122000, "netIncome": -35504000, "netIncomeRatio": -0.2127019692, "eps": -2, "epsdiluted": -2, "weightedAverageShsOut": 17746526, "weightedAverageShsOutDil": 17746526, "link": "", "finalLink": "", "calculatedOtherExpenses": 0, "calculatedOperatingExpenses": 127858000, "calculatedNetInterest": 0, "calculatedOtherIncome": 11000, "calculatedIncomeNonControlling": 0, "calculatedEbitda": -31167000}, {"date": "2014-12-31", "symbol": "TWLO", "reportedCurrency": "USD", "cik": "0001447669", "fillingDate": "2014-12-31", "acceptedDate": "2014-12-30 19:00:00", "calendarYear": "2014", "period": "FY", "revenue": 88846000, "costOfRevenue": 41423000, "grossProfit": 47423000, "grossProfitRatio": 0.5337662922, "researchAndDevelopmentExpenses": 21824000, "generalAndAdministrativeExpenses": 18960000, "sellingAndMarketingExpenses": 33322000, "sellingGeneralAndAdministrativeExpenses": 52282000, "otherExpenses": -62000, "operatingExpenses": 74106000, "costAndExpenses": 115529000, "interestIncome": 0, "interestExpense": 0, "depreciationAndAmortization": 1756000, "ebitda": -24927000, "ebitdaratio": -0.2805641222, "operatingIncome": -26683000, "operatingIncomeRatio": -0.3003286586, "totalOtherIncomeExpensesNet": -62000, "incomeBeforeTax": -26745000, "incomeBeforeTaxRatio": -0.3010264953, "incomeTaxExpense": 13000, "netIncome": -26758000, "netIncomeRatio": -0.3011728159, "eps": -0.37, "epsdiluted": -0.37, "weightedAverageShsOut": 71991639, "weightedAverageShsOutDil": 71991639, "link": "", "finalLink": "", "calculatedOtherExpenses": 0, "calculatedOperatingExpenses": 74106000, "calculatedNetInterest": 0, "calculatedOtherIncome": -62000, "calculatedIncomeNonControlling": 0, "calculatedEbitda": -24927000}, {"date": "2013-12-31", "symbol": "TWLO", "reportedCurrency": "USD", "cik": "0001447669", "fillingDate": "2013-12-31", "acceptedDate": "2013-12-30 19:00:00", "calendarYear": "2013", "period": "FY", "revenue": 49920000, "costOfRevenue": 25868000, "grossProfit": 24052000, "grossProfitRatio": 0.4818108974, "researchAndDevelopmentExpenses": 13959000, "generalAndAdministrativeExpenses": 15012000, "sellingAndMarketingExpenses": 21931000, "sellingGeneralAndAdministrativeExpenses": 36943000, "otherExpenses": -4000, "operatingExpenses": 50902000, "costAndExpenses": 76770000, "interestIncome": 0, "interestExpense": 0, "depreciationAndAmortization": 610000, "ebitda": -26240000, "ebitdaratio": -0.5256410256, "operatingIncome": -26850000, "operatingIncomeRatio": -0.5378605769, "totalOtherIncomeExpensesNet": -4000, "incomeBeforeTax": -26854000, "incomeBeforeTaxRatio": -0.5379407051, "incomeTaxExpense": 0, "netIncome": -26854000, "netIncomeRatio": -0.5379407051, "eps": -0.45, "epsdiluted": -0.45, "weightedAverageShsOut": 59398525, "weightedAverageShsOutDil": 59398525, "link": "", "finalLink": "", "calculatedOtherExpenses": 0, "calculatedOperatingExpenses": 50902000, "calculatedNetInterest": 0, "calculatedOtherIncome": -4000, "calculatedIncomeNonControlling": 0, "calculatedEbitda": -26240000}]}