{"originalCurrency": "USD", "convertedCurrency": "USD", "report": [{"date": "2023-09-30", "symbol": "TWST", "reportedCurrency": "USD", "cik": "0001581280", "fillingDate": "2023-11-21", "acceptedDate": "2023-11-21 16:03:32", "calendarYear": "2023", "period": "FY", "revenue": 245109000, "costOfRevenue": 155380000, "grossProfit": 89729000, "grossProfitRatio": 0.366077949, "researchAndDevelopmentExpenses": 106894000, "generalAndAdministrativeExpenses": 186838000, "sellingAndMarketingExpenses": 2900000, "sellingGeneralAndAdministrativeExpenses": 189738000, "otherExpenses": -667000, "operatingExpenses": 296632000, "costAndExpenses": 452012000, "interestIncome": 14365000, "interestExpense": 5000, "depreciationAndAmortization": 23954000, "ebitda": -193205000, "ebitdaratio": -0.7882411499, "operatingIncome": -217159000, "operatingIncomeRatio": -0.8859690995, "totalOtherIncomeExpensesNet": -10923000, "incomeBeforeTax": -203466000, "incomeBeforeTaxRatio": -0.8301041577, "incomeTaxExpense": 1152000, "netIncome": -204618000, "netIncomeRatio": -0.8348041076, "eps": -3.6, "epsdiluted": -3.6, "weightedAverageShsOut": 56885000, "weightedAverageShsOutDil": 56885000, "link": "https://www.sec.gov/Archives/edgar/data/1581280/000162828023039767/0001628280-23-039767-index.htm", "finalLink": "https://www.sec.gov/Archives/edgar/data/1581280/000162828023039767/twst-20230930.htm", "calculatedOtherExpenses": 10256000, "calculatedOperatingExpenses": 306888000, "calculatedNetInterest": 14360000, "calculatedOtherIncome": -667000, "calculatedIncomeNonControlling": 0, "calculatedEbitda": -193205000}, {"date": "2022-09-30", "symbol": "TWST", "reportedCurrency": "USD", "cik": "0001581280", "fillingDate": "2022-11-28", "acceptedDate": "2022-11-28 09:12:34", "calendarYear": "2022", "period": "FY", "revenue": 203565000, "costOfRevenue": 119330000, "grossProfit": 84235000, "grossProfitRatio": 0.4137990323, "researchAndDevelopmentExpenses": 120307000, "generalAndAdministrativeExpenses": 210549000, "sellingAndMarketingExpenses": 2400000, "sellingGeneralAndAdministrativeExpenses": 212949000, "otherExpenses": -1087000, "operatingExpenses": 333256000, "costAndExpenses": 452586000, "interestIncome": 3062000, "interestExpense": 80000, "depreciationAndAmortization": 1975000, "ebitda": -247046000, "ebitdaratio": -1.2135976224, "operatingIncome": -249021000, "operatingIncomeRatio": -1.2232996831, "totalOtherIncomeExpensesNet": 20747000, "incomeBeforeTax": -228274000, "incomeBeforeTaxRatio": -1.121381377, "incomeTaxExpense": -10411000, "netIncome": -217863000, "netIncomeRatio": -1.0702380075, "eps": -4.04, "epsdiluted": -4.04, "weightedAverageShsOut": 53885000, "weightedAverageShsOutDil": 53885000, "link": "https://www.sec.gov/Archives/edgar/data/1581280/000162828022030817/0001628280-22-030817-index.htm", "finalLink": "https://www.sec.gov/Archives/edgar/data/1581280/000162828022030817/twst-20220930.htm", "calculatedOtherExpenses": 0, "calculatedOperatingExpenses": 333256000, "calculatedNetInterest": 2982000, "calculatedOtherIncome": 17765000, "calculatedIncomeNonControlling": 0, "calculatedEbitda": -247046000}, {"date": "2021-09-30", "symbol": "TWST", "reportedCurrency": "USD", "cik": "0001581280", "fillingDate": "2021-11-23", "acceptedDate": "2021-11-22 20:45:40", "calendarYear": "2021", "period": "FY", "revenue": 132333000, "costOfRevenue": 80620000, "grossProfit": 51713000, "grossProfitRatio": 0.3907793219, "researchAndDevelopmentExpenses": 69072000, "generalAndAdministrativeExpenses": 133401000, "sellingAndMarketingExpenses": 2500000, "sellingGeneralAndAdministrativeExpenses": 135901000, "otherExpenses": -1370000, "operatingExpenses": 204973000, "costAndExpenses": 285593000, "interestIncome": 435000, "interestExpense": 367000, "depreciationAndAmortization": -935000, "ebitda": -154195000, "ebitdaratio": -1.1652044464, "operatingIncome": -153260000, "operatingIncomeRatio": -1.1581389374, "totalOtherIncomeExpensesNet": -768000, "incomeBeforeTax": -154028000, "incomeBeforeTaxRatio": -1.1639424784, "incomeTaxExpense": -1930000, "netIncome": -152098000, "netIncomeRatio": -1.1493580588, "eps": -3.15, "epsdiluted": -3.15, "weightedAverageShsOut": 48251000, "weightedAverageShsOutDil": 48251000, "link": "https://www.sec.gov/Archives/edgar/data/1581280/000110465921142700/0001104659-21-142700-index.htm", "finalLink": "https://www.sec.gov/Archives/edgar/data/1581280/000110465921142700/twst-20210930x10k.htm", "calculatedOtherExpenses": 0, "calculatedOperatingExpenses": 204973000, "calculatedNetInterest": 68000, "calculatedOtherIncome": -836000, "calculatedIncomeNonControlling": 0, "calculatedEbitda": -154195000}, {"date": "2020-09-30", "symbol": "TWST", "reportedCurrency": "USD", "cik": "0001581280", "fillingDate": "2020-11-27", "acceptedDate": "2020-11-25 20:53:26", "calendarYear": "2020", "period": "FY", "revenue": 90100000, "costOfRevenue": 61406000, "grossProfit": 28694000, "grossProfitRatio": 0.3184683685, "researchAndDevelopmentExpenses": 43006000, "generalAndAdministrativeExpenses": 102067000, "sellingAndMarketingExpenses": 1200000, "sellingGeneralAndAdministrativeExpenses": 103267000, "otherExpenses": -182000, "operatingExpenses": 146273000, "costAndExpenses": 207679000, "interestIncome": 1499000, "interestExpense": 787000, "depreciationAndAmortization": 1317000, "ebitda": -116262000, "ebitdaratio": -1.2903662597, "operatingIncome": -117579000, "operatingIncomeRatio": -1.3049833518, "totalOtherIncomeExpensesNet": -21970000, "incomeBeforeTax": -139549000, "incomeBeforeTaxRatio": -1.5488235294, "incomeTaxExpense": 382000, "netIncome": -139931000, "netIncomeRatio": -1.553063263, "eps": -3.57, "epsdiluted": -3.57, "weightedAverageShsOut": 39190000, "weightedAverageShsOutDil": 39190000, "link": "https://www.sec.gov/Archives/edgar/data/1581280/000119312520303904/0001193125-20-303904-index.htm", "finalLink": "https://www.sec.gov/Archives/edgar/data/1581280/000119312520303904/d92559d10k.htm", "calculatedOtherExpenses": 0, "calculatedOperatingExpenses": 146273000, "calculatedNetInterest": 712000, "calculatedOtherIncome": -22682000, "calculatedIncomeNonControlling": 0, "calculatedEbitda": -116262000}, {"date": "2019-09-30", "symbol": "TWST", "reportedCurrency": "USD", "cik": "0001581280", "fillingDate": "2019-12-13", "acceptedDate": "2019-12-13 06:03:36", "calendarYear": "2019", "period": "FY", "revenue": 54385000, "costOfRevenue": 47426000, "grossProfit": 6959000, "grossProfitRatio": 0.1279580767, "researchAndDevelopmentExpenses": 35683000, "generalAndAdministrativeExpenses": 78826000, "sellingAndMarketingExpenses": 1300000, "sellingGeneralAndAdministrativeExpenses": 80126000, "otherExpenses": -265000, "operatingExpenses": 115809000, "costAndExpenses": 163235000, "interestIncome": 3032000, "interestExpense": 1294000, "depreciationAndAmortization": 2767000, "ebitda": -106083000, "ebitdaratio": -1.9505929944, "operatingIncome": -108850000, "operatingIncomeRatio": -2.0014709938, "totalOtherIncomeExpensesNet": 1473000, "incomeBeforeTax": -107377000, "incomeBeforeTaxRatio": -1.9743863198, "incomeTaxExpense": 292000, "netIncome": -107669000, "netIncomeRatio": -1.9797554473, "eps": -3.92, "epsdiluted": -3.92, "weightedAverageShsOut": 27461844, "weightedAverageShsOutDil": 27462000, "link": "https://www.sec.gov/Archives/edgar/data/1581280/000119312519313115/0001193125-19-313115-index.htm", "finalLink": "https://www.sec.gov/Archives/edgar/data/1581280/000119312519313115/d65251d10k.htm", "calculatedOtherExpenses": 0, "calculatedOperatingExpenses": 115809000, "calculatedNetInterest": 1738000, "calculatedOtherIncome": -265000, "calculatedIncomeNonControlling": 0, "calculatedEbitda": -106083000}, {"date": "2018-09-30", "symbol": "TWST", "reportedCurrency": "USD", "cik": "0001581280", "fillingDate": "2018-12-20", "acceptedDate": "2018-12-20 16:20:59", "calendarYear": "2018", "period": "FY", "revenue": 25427000, "costOfRevenue": 32189000, "grossProfit": -6762000, "grossProfitRatio": -0.2659377827, "researchAndDevelopmentExpenses": 20347000, "generalAndAdministrativeExpenses": 0, "sellingAndMarketingExpenses": 0, "sellingGeneralAndAdministrativeExpenses": 43450000, "otherExpenses": -121000, "operatingExpenses": 63797000, "costAndExpenses": 95986000, "interestIncome": 999000, "interestExpense": 1313000, "depreciationAndAmortization": 5727000, "ebitda": -63954000, "ebitdaratio": -2.5152003776, "operatingIncome": -70559000, "operatingIncomeRatio": -2.7749636213, "totalOtherIncomeExpensesNet": -121000, "incomeBeforeTax": -70994000, "incomeBeforeTaxRatio": -2.7920714201, "incomeTaxExpense": 242000, "netIncome": -71236000, "netIncomeRatio": -2.8015888622, "eps": -2.68, "epsdiluted": -2.68, "weightedAverageShsOut": 26609991, "weightedAverageShsOutDil": 26609991, "link": "https://www.sec.gov/Archives/edgar/data/1581280/000119312518354577/0001193125-18-354577-index.htm", "finalLink": "https://www.sec.gov/Archives/edgar/data/1581280/000119312518354577/d665294d10k.htm", "calculatedOtherExpenses": 0, "calculatedOperatingExpenses": 63797000, "calculatedNetInterest": -314000, "calculatedOtherIncome": -121000, "calculatedIncomeNonControlling": 0, "calculatedEbitda": -64832000}, {"date": "2017-09-30", "symbol": "TWST", "reportedCurrency": "USD", "cik": "0001581280", "fillingDate": "2017-09-30", "acceptedDate": "2017-09-29 20:00:00", "calendarYear": "2017", "period": "FY", "revenue": 10767000, "costOfRevenue": 24020000, "grossProfit": -13253000, "grossProfitRatio": -1.2308906845, "researchAndDevelopmentExpenses": 19169000, "generalAndAdministrativeExpenses": 0, "sellingAndMarketingExpenses": 0, "sellingGeneralAndAdministrativeExpenses": 26060000, "otherExpenses": -55000, "operatingExpenses": 45229000, "costAndExpenses": 69249000, "interestIncome": 412000, "interestExpense": 905000, "depreciationAndAmortization": 5021000, "ebitda": -53104000, "ebitdaratio": -4.9321073651, "operatingIncome": -58482000, "operatingIncomeRatio": -5.431596545, "totalOtherIncomeExpensesNet": -55000, "incomeBeforeTax": -59030000, "incomeBeforeTaxRatio": -5.4824928021, "incomeTaxExpense": 280000, "netIncome": -59310000, "netIncomeRatio": -5.5084981889, "eps": -3.16, "epsdiluted": -3.16, "weightedAverageShsOut": 18780785, "weightedAverageShsOutDil": 18780785, "link": "", "finalLink": "", "calculatedOtherExpenses": 0, "calculatedOperatingExpenses": 45229000, "calculatedNetInterest": -493000, "calculatedOtherIncome": -55000, "calculatedIncomeNonControlling": 0, "calculatedEbitda": -53461000}, {"date": "2016-09-30", "symbol": "TWST", "reportedCurrency": "USD", "cik": "0001581280", "fillingDate": "2016-09-30", "acceptedDate": "2016-09-29 20:00:00", "calendarYear": "2016", "period": "FY", "revenue": 2269000, "costOfRevenue": 9421000, "grossProfit": -7152000, "grossProfitRatio": -3.152049361, "researchAndDevelopmentExpenses": 18230000, "generalAndAdministrativeExpenses": 0, "sellingAndMarketingExpenses": 0, "sellingGeneralAndAdministrativeExpenses": 18274000, "otherExpenses": 73000, "operatingExpenses": 36504000, "costAndExpenses": 45925000, "interestIncome": 241000, "interestExpense": 746000, "depreciationAndAmortization": 4229000, "ebitda": -39113000, "ebitdaratio": -17.2379903041, "operatingIncome": -43656000, "operatingIncomeRatio": -19.240193918, "totalOtherIncomeExpensesNet": 73000, "incomeBeforeTax": -44088000, "incomeBeforeTaxRatio": -19.4305861613, "incomeTaxExpense": 819000, "netIncome": -44088000, "netIncomeRatio": -19.4305861613, "eps": -2.35, "epsdiluted": -2.35, "weightedAverageShsOut": 18780785, "weightedAverageShsOutDil": 18780785, "link": "", "finalLink": "", "calculatedOtherExpenses": 0, "calculatedOperatingExpenses": 36504000, "calculatedNetInterest": -505000, "calculatedOtherIncome": 73000, "calculatedIncomeNonControlling": -819000, "calculatedEbitda": -39427000}]}