{"originalCurrency": "USD", "convertedCurrency": "USD", "report": [{"date": "2023-12-26", "symbol": "TXRH", "reportedCurrency": "USD", "cik": "0001289460", "fillingDate": "2024-02-23", "acceptedDate": "2024-02-23 11:25:35", "calendarYear": "2023", "period": "FY", "revenue": 4631672000, "costOfRevenue": 4051192000, "grossProfit": 580480000, "grossProfitRatio": 0.1253283911, "researchAndDevelopmentExpenses": 0, "generalAndAdministrativeExpenses": 198382000, "sellingAndMarketingExpenses": -1400000, "sellingGeneralAndAdministrativeExpenses": 196982000, "otherExpenses": 182711000, "operatingExpenses": 196982000, "costAndExpenses": 4248174000, "interestIncome": 2984000, "interestExpense": 500000, "depreciationAndAmortization": 154602000, "ebitda": 538100000, "ebitdaratio": 0.1161783477, "operatingIncome": 383498000, "operatingIncomeRatio": 0.082799041, "totalOtherIncomeExpensesNet": -25174000, "incomeBeforeTax": 358324000, "incomeBeforeTaxRatio": 0.0773638548, "incomeTaxExpense": 44649000, "netIncome": 304876000, "netIncomeRatio": 0.0658241775, "eps": 4.56, "epsdiluted": 4.54, "weightedAverageShsOut": 66893000, "weightedAverageShsOutDil": 67149000, "link": "https://www.sec.gov/Archives/edgar/data/1289460/000155837024001595/0001558370-24-001595-index.htm", "finalLink": "https://www.sec.gov/Archives/edgar/data/1289460/000155837024001595/txrh-20231226x10k.htm", "calculatedOtherExpenses": 0, "calculatedOperatingExpenses": 196982000, "calculatedNetInterest": 2484000, "calculatedOtherIncome": -27658000, "calculatedIncomeNonControlling": 8799000, "calculatedEbitda": 538100000}, {"date": "2022-12-27", "symbol": "TXRH", "reportedCurrency": "USD", "cik": "0001289460", "fillingDate": "2023-02-24", "acceptedDate": "2023-02-24 10:02:52", "calendarYear": "2022", "period": "FY", "revenue": 4014919000, "costOfRevenue": 3361290000, "grossProfit": 653629000, "grossProfitRatio": 0.1628000465, "researchAndDevelopmentExpenses": 0, "generalAndAdministrativeExpenses": 172712000, "sellingAndMarketingExpenses": 25000000, "sellingGeneralAndAdministrativeExpenses": 172712000, "otherExpenses": 159120000, "operatingExpenses": 331832000, "costAndExpenses": 3693122000, "interestIncome": 124000, "interestExpense": 124000, "depreciationAndAmortization": 140076000, "ebitda": 460273000, "ebitdaratio": 0.114640669, "operatingIncome": 320197000, "operatingIncomeRatio": 0.0797517957, "totalOtherIncomeExpensesNet": 1115000, "incomeBeforeTax": 321312000, "incomeBeforeTaxRatio": 0.0800295099, "incomeTaxExpense": 43715000, "netIncome": 269818000, "netIncomeRatio": 0.0672038465, "eps": 3.99, "epsdiluted": 3.97, "weightedAverageShsOut": 67643000, "weightedAverageShsOutDil": 67920000, "link": "https://www.sec.gov/Archives/edgar/data/1289460/000155837023001979/0001558370-23-001979-index.htm", "finalLink": "https://www.sec.gov/Archives/edgar/data/1289460/000155837023001979/txrh-20221227x10k.htm", "calculatedOtherExpenses": 160720000, "calculatedOperatingExpenses": 333432000, "calculatedNetInterest": 0, "calculatedOtherIncome": 1115000, "calculatedIncomeNonControlling": 7779000, "calculatedEbitda": 460273000}, {"date": "2021-12-28", "symbol": "TXRH", "reportedCurrency": "USD", "cik": "0001289460", "fillingDate": "2022-02-25", "acceptedDate": "2022-02-25 16:01:36", "calendarYear": "2021", "period": "FY", "revenue": 3463946000, "costOfRevenue": 2857444000, "grossProfit": 606502000, "grossProfitRatio": 0.1750899119, "researchAndDevelopmentExpenses": 0, "generalAndAdministrativeExpenses": 157480000, "sellingAndMarketingExpenses": 21100000, "sellingGeneralAndAdministrativeExpenses": 157480000, "otherExpenses": 151096000, "operatingExpenses": 308576000, "costAndExpenses": 3166020000, "interestIncome": 3663000, "interestExpense": 3663000, "depreciationAndAmortization": 126858000, "ebitda": 424050000, "ebitdaratio": 0.1224181901, "operatingIncome": 297192000, "operatingIncomeRatio": 0.0857957947, "totalOtherIncomeExpensesNet": -4300000, "incomeBeforeTax": 292892000, "incomeBeforeTaxRatio": 0.0845544359, "incomeTaxExpense": 39578000, "netIncome": 245294000, "netIncomeRatio": 0.0708134596, "eps": 3.52, "epsdiluted": 3.5, "weightedAverageShsOut": 69709000, "weightedAverageShsOutDil": 70098000, "link": "https://www.sec.gov/Archives/edgar/data/1289460/000155837022002141/0001558370-22-002141-index.htm", "finalLink": "https://www.sec.gov/Archives/edgar/data/1289460/000155837022002141/txrh-20211228x10k.htm", "calculatedOtherExpenses": 151830000, "calculatedOperatingExpenses": 309310000, "calculatedNetInterest": 0, "calculatedOtherIncome": -4300000, "calculatedIncomeNonControlling": 8020000, "calculatedEbitda": 424050000}, {"date": "2020-12-29", "symbol": "TXRH", "reportedCurrency": "USD", "cik": "0001289460", "fillingDate": "2021-02-26", "acceptedDate": "2021-02-26 13:52:49", "calendarYear": "2020", "period": "FY", "revenue": 2398123000, "costOfRevenue": 2114537000, "grossProfit": 283586000, "grossProfitRatio": 0.1182533173, "researchAndDevelopmentExpenses": 0, "generalAndAdministrativeExpenses": 119503000, "sellingAndMarketingExpenses": 13800000, "sellingGeneralAndAdministrativeExpenses": 119503000, "otherExpenses": 137976000, "operatingExpenses": 257479000, "costAndExpenses": 2372016000, "interestIncome": 4091000, "interestExpense": 4091000, "depreciationAndAmortization": 122403000, "ebitda": 146247000, "ebitdaratio": 0.0609839445, "operatingIncome": 23844000, "operatingIncomeRatio": 0.0099427761, "totalOtherIncomeExpensesNet": -4591000, "incomeBeforeTax": 19253000, "incomeBeforeTaxRatio": 0.0080283622, "incomeTaxExpense": -15672000, "netIncome": 31255000, "netIncomeRatio": 0.0130331096, "eps": 0.45, "epsdiluted": 0.45, "weightedAverageShsOut": 69438000, "weightedAverageShsOutDil": 69893000, "link": "https://www.sec.gov/Archives/edgar/data/1289460/000155837021001970/0001558370-21-001970-index.htm", "finalLink": "https://www.sec.gov/Archives/edgar/data/1289460/000155837021001970/txrh-20201229x10k.htm", "calculatedOtherExpenses": 140239000, "calculatedOperatingExpenses": 259742000, "calculatedNetInterest": 0, "calculatedOtherIncome": -4591000, "calculatedIncomeNonControlling": 3670000, "calculatedEbitda": 146247000}, {"date": "2019-12-31", "symbol": "TXRH", "reportedCurrency": "USD", "cik": "0001289460", "fillingDate": "2020-02-28", "acceptedDate": "2020-02-28 11:16:36", "calendarYear": "2019", "period": "FY", "revenue": 2756163000, "costOfRevenue": 2259950000, "grossProfit": 496213000, "grossProfitRatio": 0.1800376103, "researchAndDevelopmentExpenses": 0, "generalAndAdministrativeExpenses": 149389000, "sellingAndMarketingExpenses": 18300000, "sellingGeneralAndAdministrativeExpenses": 149389000, "otherExpenses": 135700000, "operatingExpenses": 285089000, "costAndExpenses": 2545039000, "interestIncome": 1514000, "interestExpense": -1514000, "depreciationAndAmortization": 113746000, "ebitda": 325769000, "ebitdaratio": 0.1181965653, "operatingIncome": 212023000, "operatingIncomeRatio": 0.0769268726, "totalOtherIncomeExpensesNet": 1892000, "incomeBeforeTax": 213915000, "incomeBeforeTaxRatio": 0.0776133342, "incomeTaxExpense": 32397000, "netIncome": 174452000, "netIncomeRatio": 0.0632952405, "eps": 2.47, "epsdiluted": 2.46, "weightedAverageShsOut": 70509000, "weightedAverageShsOutDil": 70916000, "link": "https://www.sec.gov/Archives/edgar/data/1289460/000155837020001734/0001558370-20-001734-index.htm", "finalLink": "https://www.sec.gov/Archives/edgar/data/1289460/000155837020001734/txrh-20191231x10k7d0b0f.htm", "calculatedOtherExpenses": 134801000, "calculatedOperatingExpenses": 284190000, "calculatedNetInterest": 3028000, "calculatedOtherIncome": -1136000, "calculatedIncomeNonControlling": 7066000, "calculatedEbitda": 325769000}, {"date": "2018-12-25", "symbol": "TXRH", "reportedCurrency": "USD", "cik": "0001289460", "fillingDate": "2019-02-22", "acceptedDate": "2019-02-22 14:03:09", "calendarYear": "2018", "period": "FY", "revenue": 2457449000, "costOfRevenue": 2012952000, "grossProfit": 444497000, "grossProfitRatio": 0.1808774058, "researchAndDevelopmentExpenses": 0, "generalAndAdministrativeExpenses": 136163000, "sellingAndMarketingExpenses": 0, "sellingGeneralAndAdministrativeExpenses": 136163000, "otherExpenses": 120267000, "operatingExpenses": 256430000, "costAndExpenses": 2269382000, "interestIncome": 0, "interestExpense": 591000, "depreciationAndAmortization": 101216000, "ebitda": 289561000, "ebitdaratio": 0.1178299122, "operatingIncome": 187789000, "operatingIncomeRatio": 0.0764162349, "totalOtherIncomeExpensesNet": 1075000, "incomeBeforeTax": 188551000, "incomeBeforeTaxRatio": 0.0767263125, "incomeTaxExpense": 24257000, "netIncome": 158225000, "netIncomeRatio": 0.0643858733, "eps": 2.21, "epsdiluted": 2.2, "weightedAverageShsOut": 71467000, "weightedAverageShsOutDil": 71964000, "link": "https://www.sec.gov/Archives/edgar/data/1289460/000155837019000899/0001558370-19-000899-index.htm", "finalLink": "https://www.sec.gov/Archives/edgar/data/1289460/000155837019000899/txrh-20181225x10k.htm", "calculatedOtherExpenses": 120545000, "calculatedOperatingExpenses": 256708000, "calculatedNetInterest": -591000, "calculatedOtherIncome": 1353000, "calculatedIncomeNonControlling": 6069000, "calculatedEbitda": 289005000}, {"date": "2017-12-26", "symbol": "TXRH", "reportedCurrency": "USD", "cik": "0001289460", "fillingDate": "2018-02-23", "acceptedDate": "2018-02-23 15:14:27", "calendarYear": "2017", "period": "FY", "revenue": 2219531000, "costOfRevenue": 1796604000, "grossProfit": 422927000, "grossProfitRatio": 0.1905479131, "researchAndDevelopmentExpenses": 0, "generalAndAdministrativeExpenses": 123294000, "sellingAndMarketingExpenses": 0, "sellingGeneralAndAdministrativeExpenses": 123294000, "otherExpenses": 112773000, "operatingExpenses": 236067000, "costAndExpenses": 2032671000, "interestIncome": 0, "interestExpense": 1577000, "depreciationAndAmortization": 93499000, "ebitda": 281013000, "ebitdaratio": 0.12660918, "operatingIncome": 186206000, "operatingIncomeRatio": 0.0838943002, "totalOtherIncomeExpensesNet": 834000, "incomeBeforeTax": 186117000, "incomeBeforeTaxRatio": 0.0838542016, "incomeTaxExpense": 48581000, "netIncome": 131526000, "netIncomeRatio": 0.059258465, "eps": 1.85, "epsdiluted": 1.84, "weightedAverageShsOut": 70989000, "weightedAverageShsOutDil": 71527000, "link": "https://www.sec.gov/Archives/edgar/data/1289460/000155837018001026/0001558370-18-001026-index.htm", "finalLink": "https://www.sec.gov/Archives/edgar/data/1289460/000155837018001026/txrh-20171226x10k.htm", "calculatedOtherExpenses": 113427000, "calculatedOperatingExpenses": 236721000, "calculatedNetInterest": -1577000, "calculatedOtherIncome": 1488000, "calculatedIncomeNonControlling": 6010000, "calculatedEbitda": 279705000}, {"date": "2016-12-27", "symbol": "TXRH", "reportedCurrency": "USD", "cik": "0001289460", "fillingDate": "2017-02-24", "acceptedDate": "2017-02-24 17:14:31", "calendarYear": "2016", "period": "FY", "revenue": 1990714000, "costOfRevenue": 1605329000, "grossProfit": 385385000, "grossProfitRatio": 0.1935913446, "researchAndDevelopmentExpenses": 0, "generalAndAdministrativeExpenses": 110795000, "sellingAndMarketingExpenses": 0, "sellingGeneralAndAdministrativeExpenses": 110795000, "otherExpenses": 102511000, "operatingExpenses": 213306000, "costAndExpenses": 1818635000, "interestIncome": 0, "interestExpense": 1255000, "depreciationAndAmortization": 82964000, "ebitda": 255222000, "ebitdaratio": 0.1282062617, "operatingIncome": 171900000, "operatingIncomeRatio": 0.0863509274, "totalOtherIncomeExpensesNet": 932000, "incomeBeforeTax": 171756000, "incomeBeforeTaxRatio": 0.0862785915, "incomeTaxExpense": 51183000, "netIncome": 115598000, "netIncomeRatio": 0.0580686126, "eps": 1.64, "epsdiluted": 1.63, "weightedAverageShsOut": 70396000, "weightedAverageShsOutDil": 71052000, "link": "https://www.sec.gov/Archives/edgar/data/1289460/000155837017001021/0001558370-17-001021-index.htm", "finalLink": "https://www.sec.gov/Archives/edgar/data/1289460/000155837017001021/txrh-20161227x10k.htm", "calculatedOtherExpenses": 102690000, "calculatedOperatingExpenses": 213485000, "calculatedNetInterest": -1255000, "calculatedOtherIncome": 1111000, "calculatedIncomeNonControlling": 4975000, "calculatedEbitda": 254864000}, {"date": "2015-12-29", "symbol": "TXRH", "reportedCurrency": "USD", "cik": "0001289460", "fillingDate": "2016-02-26", "acceptedDate": "2016-02-26 16:27:26", "calendarYear": "2015", "period": "FY", "revenue": 1807368000, "costOfRevenue": 1480683000, "grossProfit": 326685000, "grossProfitRatio": 0.1807517893, "researchAndDevelopmentExpenses": 0, "generalAndAdministrativeExpenses": 92336000, "sellingAndMarketingExpenses": 0, "sellingGeneralAndAdministrativeExpenses": 92336000, "otherExpenses": 88810000, "operatingExpenses": 181146000, "costAndExpenses": 1661829000, "interestIncome": 0, "interestExpense": 1959000, "depreciationAndAmortization": 69694000, "ebitda": 216207000, "ebitdaratio": 0.1196253336, "operatingIncome": 144565000, "operatingIncomeRatio": 0.0799864776, "totalOtherIncomeExpensesNet": 667000, "incomeBeforeTax": 144247000, "incomeBeforeTaxRatio": 0.0798105311, "incomeTaxExpense": 42986000, "netIncome": 96894000, "netIncomeRatio": 0.0536105541, "eps": 1.38, "epsdiluted": 1.37, "weightedAverageShsOut": 70032000, "weightedAverageShsOutDil": 70747000, "link": "https://www.sec.gov/Archives/edgar/data/1289460/000155837016003617/0001558370-16-003617-index.htm", "finalLink": "https://www.sec.gov/Archives/edgar/data/1289460/000155837016003617/txrh-20151229x10k.htm", "calculatedOtherExpenses": 89784000, "calculatedOperatingExpenses": 182120000, "calculatedNetInterest": -1959000, "calculatedOtherIncome": 1641000, "calculatedIncomeNonControlling": 4367000, "calculatedEbitda": 214259000}, {"date": "2014-12-30", "symbol": "TXRH", "reportedCurrency": "USD", "cik": "0001289460", "fillingDate": "2015-02-27", "acceptedDate": "2015-02-27 14:20:43", "calendarYear": "2014", "period": "FY", "revenue": 1582148000, "costOfRevenue": 1291776000, "grossProfit": 290372000, "grossProfitRatio": 0.1835302386, "researchAndDevelopmentExpenses": 0, "generalAndAdministrativeExpenses": 81656000, "sellingAndMarketingExpenses": 0, "sellingGeneralAndAdministrativeExpenses": 81656000, "otherExpenses": 77631000, "operatingExpenses": 159287000, "costAndExpenses": 1451063000, "interestIncome": 0, "interestExpense": 2084000, "depreciationAndAmortization": 59179000, "ebitda": 190900000, "ebitdaratio": 0.12065875, "operatingIncome": 130449000, "operatingIncomeRatio": 0.0824505672, "totalOtherIncomeExpensesNet": 966000, "incomeBeforeTax": 129967000, "incomeBeforeTaxRatio": 0.0821459181, "incomeTaxExpense": 38990000, "netIncome": 87022000, "netIncomeRatio": 0.0550024397, "eps": 1.25, "epsdiluted": 1.23, "weightedAverageShsOut": 69719000, "weightedAverageShsOutDil": 70608000, "link": "https://www.sec.gov/Archives/edgar/data/1289460/000104746915001392/0001047469-15-001392-index.htm", "finalLink": "https://www.sec.gov/Archives/edgar/data/1289460/000104746915001392/a2223000z10-k.htm", "calculatedOtherExpenses": 78267000, "calculatedOperatingExpenses": 159923000, "calculatedNetInterest": -2084000, "calculatedOtherIncome": 1602000, "calculatedIncomeNonControlling": 3955000, "calculatedEbitda": 189628000}, {"date": "2013-12-31", "symbol": "TXRH", "reportedCurrency": "USD", "cik": "0001289460", "fillingDate": "2014-02-28", "acceptedDate": "2014-02-28 14:10:49", "calendarYear": "2013", "period": "FY", "revenue": 1422585000, "costOfRevenue": 1157560000, "grossProfit": 265025000, "grossProfitRatio": 0.1862981825, "researchAndDevelopmentExpenses": 0, "generalAndAdministrativeExpenses": 77258000, "sellingAndMarketingExpenses": 0, "sellingGeneralAndAdministrativeExpenses": 77258000, "otherExpenses": 69453000, "operatingExpenses": 146711000, "costAndExpenses": 1304271000, "interestIncome": 0, "interestExpense": 2201000, "depreciationAndAmortization": 51562000, "ebitda": 168475000, "ebitdaratio": 0.1184287758, "operatingIncome": 119715000, "operatingIncomeRatio": 0.0841531437, "totalOtherIncomeExpensesNet": 2114000, "incomeBeforeTax": 118227000, "incomeBeforeTaxRatio": 0.0831071606, "incomeTaxExpense": 34140000, "netIncome": 80423000, "netIncomeRatio": 0.0565330015, "eps": 1.15, "epsdiluted": 1.13, "weightedAverageShsOut": 70089000, "weightedAverageShsOutDil": 71362000, "link": "https://www.sec.gov/Archives/edgar/data/1289460/000104746914001564/0001047469-14-001564-index.htm", "finalLink": "https://www.sec.gov/Archives/edgar/data/1289460/000104746914001564/a2218257z10-k.htm", "calculatedOtherExpenses": 68052000, "calculatedOperatingExpenses": 145310000, "calculatedNetInterest": -2201000, "calculatedOtherIncome": 713000, "calculatedIncomeNonControlling": 3664000, "calculatedEbitda": 171277000}, {"date": "2012-12-25", "symbol": "TXRH", "reportedCurrency": "USD", "cik": "0001289460", "fillingDate": "2013-02-22", "acceptedDate": "2013-02-22 15:03:25", "calendarYear": "2012", "period": "FY", "revenue": 1263331000, "costOfRevenue": 1021493000, "grossProfit": 241838000, "grossProfitRatio": 0.1914288496, "researchAndDevelopmentExpenses": 0, "generalAndAdministrativeExpenses": 70640000, "sellingAndMarketingExpenses": 0, "sellingGeneralAndAdministrativeExpenses": 70640000, "otherExpenses": 59116000, "operatingExpenses": 129756000, "costAndExpenses": 1151249000, "interestIncome": 0, "interestExpense": 2347000, "depreciationAndAmortization": 46717000, "ebitda": 160423000, "ebitdaratio": 0.1269841395, "operatingIncome": 110458000, "operatingIncomeRatio": 0.0874339346, "totalOtherIncomeExpensesNet": -1196000, "incomeBeforeTax": 108539000, "incomeBeforeTaxRatio": 0.0859149344, "incomeTaxExpense": 34738000, "netIncome": 71170000, "netIncomeRatio": 0.0563351964, "eps": 1.02, "epsdiluted": 1, "weightedAverageShsOut": 70026000, "weightedAverageShsOutDil": 71485000, "link": "https://www.sec.gov/Archives/edgar/data/1289460/000104746913001478/0001047469-13-001478-index.htm", "finalLink": "https://www.sec.gov/Archives/edgar/data/1289460/000104746913001478/a2213001z10-k.htm", "calculatedOtherExpenses": 60740000, "calculatedOperatingExpenses": 131380000, "calculatedNetInterest": -2347000, "calculatedOtherIncome": 428000, "calculatedIncomeNonControlling": 2631000, "calculatedEbitda": 157175000}, {"date": "2011-12-27", "symbol": "TXRH", "reportedCurrency": "USD", "cik": "0001289460", "fillingDate": "2012-02-24", "acceptedDate": "2012-02-24 11:56:33", "calendarYear": "2011", "period": "FY", "revenue": 1109226000, "costOfRevenue": 900841000, "grossProfit": 208385000, "grossProfitRatio": 0.1878652322, "researchAndDevelopmentExpenses": 0, "generalAndAdministrativeExpenses": 57702000, "sellingAndMarketingExpenses": 11534000, "sellingGeneralAndAdministrativeExpenses": 69236000, "otherExpenses": 42709000, "operatingExpenses": 111945000, "costAndExpenses": 1012786000, "interestIncome": 0, "interestExpense": 2413000, "depreciationAndAmortization": 42709000, "ebitda": 139515000, "ebitdaratio": 0.1257768931, "operatingIncome": 95239000, "operatingIncomeRatio": 0.0858607714, "totalOtherIncomeExpensesNet": -835000, "incomeBeforeTax": 93192000, "incomeBeforeTaxRatio": 0.0840153404, "incomeTaxExpense": 26765000, "netIncome": 63964000, "netIncomeRatio": 0.0576654352, "eps": 0.9, "epsdiluted": 0.88, "weightedAverageShsOut": 70829000, "weightedAverageShsOutDil": 72278000, "link": "https://www.sec.gov/Archives/edgar/data/1289460/000104746912001439/0001047469-12-001439-index.htm", "finalLink": "https://www.sec.gov/Archives/edgar/data/1289460/000104746912001439/a2206850z10-k.htm", "calculatedOtherExpenses": 43910000, "calculatedOperatingExpenses": 113146000, "calculatedNetInterest": -2413000, "calculatedOtherIncome": 366000, "calculatedIncomeNonControlling": 2463000, "calculatedEbitda": 137948000}, {"date": "2010-12-28", "symbol": "TXRH", "reportedCurrency": "USD", "cik": "0001289460", "fillingDate": "2011-02-25", "acceptedDate": "2011-02-25 14:35:09", "calendarYear": "2010", "period": "FY", "revenue": 1004993000, "costOfRevenue": 811543000, "grossProfit": 193450000, "grossProfitRatio": 0.1924889029, "researchAndDevelopmentExpenses": 0, "generalAndAdministrativeExpenses": 52494000, "sellingAndMarketingExpenses": 7051000, "sellingGeneralAndAdministrativeExpenses": 59545000, "otherExpenses": 41283000, "operatingExpenses": 100828000, "costAndExpenses": 912371000, "interestIncome": 0, "interestExpense": 2673000, "depreciationAndAmortization": 41283000, "ebitda": 135910000, "ebitdaratio": 0.1352347728, "operatingIncome": 90617000, "operatingIncomeRatio": 0.0901667972, "totalOtherIncomeExpensesNet": -1577000, "incomeBeforeTax": 88372000, "incomeBeforeTaxRatio": 0.0879329508, "incomeTaxExpense": 27683000, "netIncome": 58289000, "netIncomeRatio": 0.057999409, "eps": 0.82, "epsdiluted": 0.8, "weightedAverageShsOut": 71432000, "weightedAverageShsOutDil": 72929000, "link": "https://www.sec.gov/Archives/edgar/data/1289460/000104746911001381/0001047469-11-001381-index.htm", "finalLink": "https://www.sec.gov/Archives/edgar/data/1289460/000104746911001381/a2201955z10-k.htm", "calculatedOtherExpenses": 43288000, "calculatedOperatingExpenses": 102833000, "calculatedNetInterest": -2673000, "calculatedOtherIncome": 428000, "calculatedIncomeNonControlling": 2400000, "calculatedEbitda": 131900000}, {"date": "2009-12-29", "symbol": "TXRH", "reportedCurrency": "USD", "cik": "0001289460", "fillingDate": "2010-02-26", "acceptedDate": "2010-02-26 16:49:56", "calendarYear": "2009", "period": "FY", "revenue": 942331000, "costOfRevenue": 768405000, "grossProfit": 173926000, "grossProfitRatio": 0.1845699653, "researchAndDevelopmentExpenses": 0, "generalAndAdministrativeExpenses": 0, "sellingAndMarketingExpenses": 0, "sellingGeneralAndAdministrativeExpenses": 53243000, "otherExpenses": 41822000, "operatingExpenses": 95065000, "costAndExpenses": 863470000, "interestIncome": 0, "interestExpense": 3273000, "depreciationAndAmortization": 41822000, "ebitda": 120904000, "ebitdaratio": 0.1283031122, "operatingIncome": 75861000, "operatingIncomeRatio": 0.0805035598, "totalOtherIncomeExpensesNet": -3000000, "incomeBeforeTax": 72809000, "incomeBeforeTaxRatio": 0.0772647828, "incomeTaxExpense": 23491000, "netIncome": 47479000, "netIncomeRatio": 0.0503846313, "eps": 0.68, "epsdiluted": 0.67, "weightedAverageShsOut": 69967000, "weightedAverageShsOutDil": 71298000, "link": "https://www.sec.gov/Archives/edgar/data/1289460/000104746910001543/0001047469-10-001543-index.htm", "finalLink": "https://www.sec.gov/Archives/edgar/data/1289460/000104746910001543/a2196610z10-k.htm", "calculatedOtherExpenses": 44822000, "calculatedOperatingExpenses": 98065000, "calculatedNetInterest": -3273000, "calculatedOtherIncome": 221000, "calculatedIncomeNonControlling": 1839000, "calculatedEbitda": 117683000}, {"date": "2008-12-30", "symbol": "TXRH", "reportedCurrency": "USD", "cik": "0001289460", "fillingDate": "2009-02-27", "acceptedDate": "2009-02-27 17:19:22", "calendarYear": "2008", "period": "FY", "revenue": 880461000, "costOfRevenue": 734757000, "grossProfit": 145704000, "grossProfitRatio": 0.1654860352, "researchAndDevelopmentExpenses": 0, "generalAndAdministrativeExpenses": 43808000, "sellingAndMarketingExpenses": 0, "sellingGeneralAndAdministrativeExpenses": 43808000, "otherExpenses": 39869000, "operatingExpenses": 83677000, "costAndExpenses": 818434000, "interestIncome": 0, "interestExpense": 3844000, "depreciationAndAmortization": 37694000, "ebitda": 101896000, "ebitdaratio": 0.1157302822, "operatingIncome": 62027000, "operatingIncomeRatio": 0.070448322, "totalOtherIncomeExpensesNet": -1960000, "incomeBeforeTax": 57557000, "incomeBeforeTaxRatio": 0.0653714361, "incomeTaxExpense": 19389000, "netIncome": 38168000, "netIncomeRatio": 0.0433500178, "eps": 0.53, "epsdiluted": 0.52, "weightedAverageShsOut": 72672000, "weightedAverageShsOutDil": 74079000, "link": "https://www.sec.gov/Archives/edgar/data/1289460/000104746909002017/0001047469-09-002017-index.htm", "finalLink": "https://www.sec.gov/Archives/edgar/data/1289460/000104746909002017/a2190259z10-k.htm", "calculatedOtherExpenses": 39869000, "calculatedOperatingExpenses": 83677000, "calculatedNetInterest": -3844000, "calculatedOtherIncome": -626000, "calculatedIncomeNonControlling": 0, "calculatedEbitda": 99721000}, {"date": "2007-12-25", "symbol": "TXRH", "reportedCurrency": "USD", "cik": "0001289460", "fillingDate": "2008-02-25", "acceptedDate": "2008-02-25 15:43:33", "calendarYear": "2007", "period": "FY", "revenue": 735089000, "costOfRevenue": 601574000, "grossProfit": 133515000, "grossProfitRatio": 0.1816310678, "researchAndDevelopmentExpenses": 0, "generalAndAdministrativeExpenses": 38135000, "sellingAndMarketingExpenses": 0, "sellingGeneralAndAdministrativeExpenses": 38135000, "otherExpenses": 32167000, "operatingExpenses": 70302000, "costAndExpenses": 671876000, "interestIncome": 0, "interestExpense": 2295000, "depreciationAndAmortization": 30446000, "ebitda": 95380000, "ebitdaratio": 0.1297529959, "operatingIncome": 63213000, "operatingIncomeRatio": 0.0859936688, "totalOtherIncomeExpensesNet": -1427000, "incomeBeforeTax": 60501000, "incomeBeforeTaxRatio": 0.0823043196, "incomeTaxExpense": 21176000, "netIncome": 39325000, "netIncomeRatio": 0.0534969235, "eps": 0.53, "epsdiluted": 0.51, "weightedAverageShsOut": 74611000, "weightedAverageShsOutDil": 76832000, "link": "https://www.sec.gov/Archives/edgar/data/1289460/000104746908001679/0001047469-08-001679-index.htm", "finalLink": "https://www.sec.gov/Archives/edgar/data/1289460/000104746908001679/a2182429z10-k.htm", "calculatedOtherExpenses": 32167000, "calculatedOperatingExpenses": 70302000, "calculatedNetInterest": -2295000, "calculatedOtherIncome": -417000, "calculatedIncomeNonControlling": 0, "calculatedEbitda": 93659000}, {"date": "2006-12-26", "symbol": "TXRH", "reportedCurrency": "USD", "cik": "0001289460", "fillingDate": "2007-02-23", "acceptedDate": "2007-02-23 16:37:13", "calendarYear": "2006", "period": "FY", "revenue": 597131000, "costOfRevenue": 474365000, "grossProfit": 122766000, "grossProfitRatio": 0.2055930776, "researchAndDevelopmentExpenses": 0, "generalAndAdministrativeExpenses": 34532000, "sellingAndMarketingExpenses": 12508000, "sellingGeneralAndAdministrativeExpenses": 47040000, "otherExpenses": 21357000, "operatingExpenses": 68397000, "costAndExpenses": 542762000, "interestIncome": 0, "interestExpense": 645000, "depreciationAndAmortization": 21357000, "ebitda": 75726000, "ebitdaratio": 0.1268163937, "operatingIncome": 54369000, "operatingIncomeRatio": 0.0910503725, "totalOtherIncomeExpensesNet": 251000, "incomeBeforeTax": 53390000, "incomeBeforeTaxRatio": 0.0894108663, "incomeTaxExpense": 19381000, "netIncome": 34009000, "netIncomeRatio": 0.0569540017, "eps": 0.46, "epsdiluted": 0.44, "weightedAverageShsOut": 73876000, "weightedAverageShsOutDil": 76520000, "link": "https://www.sec.gov/Archives/edgar/data/1289460/000110465907013492/0001104659-07-013492-index.htm", "finalLink": "https://www.sec.gov/Archives/edgar/data/1289460/000110465907013492/a07-4048_110k.htm", "calculatedOtherExpenses": 21357000, "calculatedOperatingExpenses": 68397000, "calculatedNetInterest": -645000, "calculatedOtherIncome": -334000, "calculatedIncomeNonControlling": 0, "calculatedEbitda": 75726000}, {"date": "2005-12-27", "symbol": "TXRH", "reportedCurrency": "USD", "cik": "0001289460", "fillingDate": "2006-03-07", "acceptedDate": "2006-03-06 18:56:32", "calendarYear": "2005", "period": "FY", "revenue": 458784000, "costOfRevenue": 363574000, "grossProfit": 95210000, "grossProfitRatio": 0.2075268536, "researchAndDevelopmentExpenses": 0, "generalAndAdministrativeExpenses": 27154000, "sellingAndMarketingExpenses": 6178000, "sellingGeneralAndAdministrativeExpenses": 33332000, "otherExpenses": 14582000, "operatingExpenses": 47914000, "costAndExpenses": 411488000, "interestIncome": 0, "interestExpense": 263000, "depreciationAndAmortization": 14582000, "ebitda": 61878000, "ebitdaratio": 0.1348739276, "operatingIncome": 47296000, "operatingIncomeRatio": 0.1030899072, "totalOtherIncomeExpensesNet": 130000, "incomeBeforeTax": 46614000, "incomeBeforeTaxRatio": 0.1016033689, "incomeTaxExpense": 16292000, "netIncome": 30322000, "netIncomeRatio": 0.0660921043, "eps": 0.44, "epsdiluted": 0.42, "weightedAverageShsOut": 68677000, "weightedAverageShsOutDil": 72565000, "link": "https://www.sec.gov/Archives/edgar/data/1289460/000110465906014379/0001104659-06-014379-index.htm", "finalLink": "https://www.sec.gov/Archives/edgar/data/1289460/000110465906014379/a06-2508_110k.htm", "calculatedOtherExpenses": 14582000, "calculatedOperatingExpenses": 47914000, "calculatedNetInterest": -263000, "calculatedOtherIncome": -419000, "calculatedIncomeNonControlling": 0, "calculatedEbitda": 61878000}, {"date": "2004-12-28", "symbol": "TXRH", "reportedCurrency": "USD", "cik": "0001289460", "fillingDate": "2005-03-25", "acceptedDate": "2005-03-25 17:19:44", "calendarYear": "2004", "period": "FY", "revenue": 363011000, "costOfRevenue": 181575000, "grossProfit": 181436000, "grossProfitRatio": 0.4998085457, "researchAndDevelopmentExpenses": 0, "generalAndAdministrativeExpenses": 21055000, "sellingAndMarketingExpenses": 110694000, "sellingGeneralAndAdministrativeExpenses": 131749000, "otherExpenses": 11005000, "operatingExpenses": 142754000, "costAndExpenses": 324329000, "interestIncome": 0, "interestExpense": 4654000, "depreciationAndAmortization": 11005000, "ebitda": 49687000, "ebitdaratio": 0.1368746402, "operatingIncome": 38682000, "operatingIncomeRatio": 0.1065587544, "totalOtherIncomeExpensesNet": 110000, "incomeBeforeTax": 28860000, "incomeBeforeTaxRatio": 0.0795017231, "incomeTaxExpense": 7159000, "netIncome": 21701000, "netIncomeRatio": 0.0597805576, "eps": 0.14, "epsdiluted": 0.12, "weightedAverageShsOut": 100132000, "weightedAverageShsOutDil": 108544000, "link": "https://www.sec.gov/Archives/edgar/data/1289460/000104746905007862/0001047469-05-007862-index.htm", "finalLink": "https://www.sec.gov/Archives/edgar/data/1289460/000104746905007862/a2154215z10-k.htm", "calculatedOtherExpenses": 11005000, "calculatedOperatingExpenses": 142754000, "calculatedNetInterest": -4654000, "calculatedOtherIncome": -5168000, "calculatedIncomeNonControlling": 0, "calculatedEbitda": 49687000}, {"date": "2003-12-31", "symbol": "TXRH", "reportedCurrency": "USD", "cik": "0001289460", "fillingDate": "2003-12-31", "acceptedDate": "2003-12-30 19:00:00", "calendarYear": "2003", "period": "FY", "revenue": 286453000, "costOfRevenue": 0, "grossProfit": 286453000, "grossProfitRatio": 1, "researchAndDevelopmentExpenses": 0, "generalAndAdministrativeExpenses": 0, "sellingAndMarketingExpenses": 0, "sellingGeneralAndAdministrativeExpenses": 17701000, "otherExpenses": 11133000, "operatingExpenses": 28834000, "costAndExpenses": 28834000, "interestIncome": 0, "interestExpense": 0, "depreciationAndAmortization": 8562000, "ebitda": 266181000, "ebitdaratio": 0.9292309733, "operatingIncome": 34258000, "operatingIncomeRatio": 0.1195937903, "totalOtherIncomeExpensesNet": 0, "incomeBeforeTax": 0, "incomeBeforeTaxRatio": 0, "incomeTaxExpense": 234476000, "netIncome": 23143000, "netIncomeRatio": 0.0807916133, "eps": 0.16, "epsdiluted": 0.15, "weightedAverageShsOut": 149309677, "weightedAverageShsOutDil": 154286667, "link": "", "finalLink": "", "calculatedOtherExpenses": 234494000, "calculatedOperatingExpenses": 252195000, "calculatedNetInterest": 0, "calculatedOtherIncome": -34258000, "calculatedIncomeNonControlling": -257619000, "calculatedEbitda": 42820000}, {"date": "2002-12-31", "symbol": "TXRH", "reportedCurrency": "USD", "cik": "0001289460", "fillingDate": "2002-12-31", "acceptedDate": "2002-12-30 19:00:00", "calendarYear": "2002", "period": "FY", "revenue": 232836000, "costOfRevenue": 0, "grossProfit": 232836000, "grossProfitRatio": 1, "researchAndDevelopmentExpenses": 0, "generalAndAdministrativeExpenses": 0, "sellingAndMarketingExpenses": 0, "sellingGeneralAndAdministrativeExpenses": 14621000, "otherExpenses": 11684000, "operatingExpenses": 26305000, "costAndExpenses": 26305000, "interestIncome": 0, "interestExpense": 0, "depreciationAndAmortization": 6876000, "ebitda": 213407000, "ebitdaratio": 0.9165550001, "operatingIncome": 26312000, "operatingIncomeRatio": 0.1130065797, "totalOtherIncomeExpensesNet": 0, "incomeBeforeTax": 0, "incomeBeforeTaxRatio": 0, "incomeTaxExpense": 189578000, "netIncome": 16953000, "netIncomeRatio": 0.0728109055, "eps": 0.24, "epsdiluted": 0.22, "weightedAverageShsOut": 46668000, "weightedAverageShsOutDil": 49376000, "link": "", "finalLink": "", "calculatedOtherExpenses": 191903000, "calculatedOperatingExpenses": 206524000, "calculatedNetInterest": 0, "calculatedOtherIncome": -26312000, "calculatedIncomeNonControlling": -206531000, "calculatedEbitda": 33188000}, {"date": "2001-12-31", "symbol": "TXRH", "reportedCurrency": "USD", "cik": "0001289460", "fillingDate": "2001-12-31", "acceptedDate": "2001-12-30 19:00:00", "calendarYear": "2001", "period": "FY", "revenue": 159912000, "costOfRevenue": 0, "grossProfit": 159912000, "grossProfitRatio": 1, "researchAndDevelopmentExpenses": 0, "generalAndAdministrativeExpenses": 0, "sellingAndMarketingExpenses": 0, "sellingGeneralAndAdministrativeExpenses": 0, "otherExpenses": -146223000, "operatingExpenses": -146223000, "costAndExpenses": -146223000, "interestIncome": 0, "interestExpense": 0, "depreciationAndAmortization": 146223000, "ebitda": 159912000, "ebitdaratio": 1, "operatingIncome": 13689000, "operatingIncomeRatio": 0.0856033318, "totalOtherIncomeExpensesNet": -6398000, "incomeBeforeTax": 7291000, "incomeBeforeTaxRatio": 0.0455938266, "incomeTaxExpense": 0, "netIncome": 7291000, "netIncomeRatio": 0.0455938266, "eps": 0.0767, "epsdiluted": 0.0704, "weightedAverageShsOut": 95120000, "weightedAverageShsOutDil": 103532000, "link": "", "finalLink": "", "calculatedOtherExpenses": 146223000, "calculatedOperatingExpenses": 146223000, "calculatedNetInterest": 0, "calculatedOtherIncome": -6398000, "calculatedIncomeNonControlling": 0, "calculatedEbitda": 159912000}]}