{"originalCurrency": "USD", "convertedCurrency": "USD", "report": [{"date": "2023-12-31", "symbol": "TYL", "reportedCurrency": "USD", "cik": "0000860731", "fillingDate": "2024-02-21", "acceptedDate": "2024-02-21 17:16:53", "calendarYear": "2023", "period": "FY", "revenue": 1951751000, "costOfRevenue": 1165284000, "grossProfit": 786467000, "grossProfitRatio": 0.4029545777, "researchAndDevelopmentExpenses": 109585000, "generalAndAdministrativeExpenses": 308575000, "sellingAndMarketingExpenses": 149770000, "sellingGeneralAndAdministrativeExpenses": 458345000, "otherExpenses": 3328000, "operatingExpenses": 567930000, "costAndExpenses": 1733214000, "interestIncome": 3328000, "interestExpense": 23629000, "depreciationAndAmortization": 170767000, "ebitda": 389304000, "ebitdaratio": 0.1994639685, "operatingIncome": 218537000, "operatingIncomeRatio": 0.1119697133, "totalOtherIncomeExpensesNet": -20301000, "incomeBeforeTax": 198236000, "incomeBeforeTaxRatio": 0.1015682841, "incomeTaxExpense": 32317000, "netIncome": 165919000, "netIncomeRatio": 0.0850103317, "eps": 3.95, "epsdiluted": 3.88, "weightedAverageShsOut": 42024000, "weightedAverageShsOutDil": 42769000, "link": "https://www.sec.gov/Archives/edgar/data/860731/000086073124000006/0000860731-24-000006-index.htm", "finalLink": "https://www.sec.gov/Archives/edgar/data/860731/000086073124000006/tyl-20231231.htm", "calculatedOtherExpenses": 0, "calculatedOperatingExpenses": 567930000, "calculatedNetInterest": -20301000, "calculatedOtherIncome": 0, "calculatedIncomeNonControlling": 0, "calculatedEbitda": 389304000}, {"date": "2022-12-31", "symbol": "TYL", "reportedCurrency": "USD", "cik": "0000860731", "fillingDate": "2023-02-22", "acceptedDate": "2023-02-22 17:17:06", "calendarYear": "2022", "period": "FY", "revenue": 1850204000, "costOfRevenue": 1066341000, "grossProfit": 783863000, "grossProfitRatio": 0.4236630123, "researchAndDevelopmentExpenses": 105184000, "generalAndAdministrativeExpenses": 267324000, "sellingAndMarketingExpenses": 135743000, "sellingGeneralAndAdministrativeExpenses": 403067000, "otherExpenses": 61363000, "operatingExpenses": 569614000, "costAndExpenses": 1635955000, "interestIncome": 1723000, "interestExpense": 28379000, "depreciationAndAmortization": 160795000, "ebitda": 375044000, "ebitdaratio": 0.2027041342, "operatingIncome": 214249000, "operatingIncomeRatio": 0.1157975012, "totalOtherIncomeExpensesNet": -26656000, "incomeBeforeTax": 187593000, "incomeBeforeTaxRatio": 0.1013904413, "incomeTaxExpense": 23353000, "netIncome": 164240000, "netIncomeRatio": 0.0887685898, "eps": 3.95, "epsdiluted": 3.87, "weightedAverageShsOut": 41544000, "weightedAverageShsOutDil": 42399000, "link": "https://www.sec.gov/Archives/edgar/data/860731/000086073123000009/0000860731-23-000009-index.htm", "finalLink": "https://www.sec.gov/Archives/edgar/data/860731/000086073123000009/tyl-20221231.htm", "calculatedOtherExpenses": 61363000, "calculatedOperatingExpenses": 569614000, "calculatedNetInterest": -26656000, "calculatedOtherIncome": 0, "calculatedIncomeNonControlling": 0, "calculatedEbitda": 375044000}, {"date": "2021-12-31", "symbol": "TYL", "reportedCurrency": "USD", "cik": "0000860731", "fillingDate": "2022-02-23", "acceptedDate": "2022-02-23 17:12:10", "calendarYear": "2021", "period": "FY", "revenue": 1592287000, "costOfRevenue": 882643000, "grossProfit": 709644000, "grossProfitRatio": 0.4456759366, "researchAndDevelopmentExpenses": 93481000, "generalAndAdministrativeExpenses": 271955000, "sellingAndMarketingExpenses": 118624000, "sellingGeneralAndAdministrativeExpenses": 390579000, "otherExpenses": 44849000, "operatingExpenses": 528909000, "costAndExpenses": 1411552000, "interestIncome": 1544000, "interestExpense": 23298000, "depreciationAndAmortization": 137168000, "ebitda": 317903000, "ebitdaratio": 0.1996518216, "operatingIncome": 180735000, "operatingIncomeRatio": 0.1135065475, "totalOtherIncomeExpensesNet": -21754000, "incomeBeforeTax": 158981000, "incomeBeforeTaxRatio": 0.0998444376, "incomeTaxExpense": -2477000, "netIncome": 161458000, "netIncomeRatio": 0.1014000617, "eps": 3.95, "epsdiluted": 3.82, "weightedAverageShsOut": 40848000, "weightedAverageShsOutDil": 42244000, "link": "https://www.sec.gov/Archives/edgar/data/860731/000086073122000011/0000860731-22-000011-index.htm", "finalLink": "https://www.sec.gov/Archives/edgar/data/860731/000086073122000011/tyl-20211231.htm", "calculatedOtherExpenses": 44849000, "calculatedOperatingExpenses": 528909000, "calculatedNetInterest": -21754000, "calculatedOtherIncome": 0, "calculatedIncomeNonControlling": 0, "calculatedEbitda": 317903000}, {"date": "2020-12-31", "symbol": "TYL", "reportedCurrency": "USD", "cik": "0000860731", "fillingDate": "2021-02-19", "acceptedDate": "2021-02-19 16:39:35", "calendarYear": "2020", "period": "FY", "revenue": 1116663000, "costOfRevenue": 574151000, "grossProfit": 542512000, "grossProfitRatio": 0.4858332371, "researchAndDevelopmentExpenses": 88363000, "generalAndAdministrativeExpenses": 161095000, "sellingAndMarketingExpenses": 98466000, "sellingGeneralAndAdministrativeExpenses": 259561000, "otherExpenses": 21662000, "operatingExpenses": 369586000, "costAndExpenses": 943737000, "interestIncome": 2116000, "interestExpense": 1013000, "depreciationAndAmortization": 81657000, "ebitda": 254583000, "ebitdaratio": 0.2279855247, "operatingIncome": 172926000, "operatingIncomeRatio": 0.154859613, "totalOtherIncomeExpensesNet": 2116000, "incomeBeforeTax": 175042000, "incomeBeforeTaxRatio": 0.1567545446, "incomeTaxExpense": -19778000, "netIncome": 194820000, "netIncomeRatio": 0.1744662445, "eps": 4.87, "epsdiluted": 4.69, "weightedAverageShsOut": 40035000, "weightedAverageShsOutDil": 41526000, "link": "https://www.sec.gov/Archives/edgar/data/860731/000086073121000014/0000860731-21-000014-index.htm", "finalLink": "https://www.sec.gov/Archives/edgar/data/860731/000086073121000014/tyl-20201231.htm", "calculatedOtherExpenses": 21662000, "calculatedOperatingExpenses": 369586000, "calculatedNetInterest": 1103000, "calculatedOtherIncome": 1013000, "calculatedIncomeNonControlling": 0, "calculatedEbitda": 254583000}, {"date": "2019-12-31", "symbol": "TYL", "reportedCurrency": "USD", "cik": "0000860731", "fillingDate": "2020-02-19", "acceptedDate": "2020-02-19 16:54:07", "calendarYear": "2019", "period": "FY", "revenue": 1086427000, "costOfRevenue": 569527000, "grossProfit": 516900000, "grossProfitRatio": 0.4757797809, "researchAndDevelopmentExpenses": 81342000, "generalAndAdministrativeExpenses": 0, "sellingAndMarketingExpenses": 0, "sellingGeneralAndAdministrativeExpenses": 257746000, "otherExpenses": 21445000, "operatingExpenses": 360533000, "costAndExpenses": 930060000, "interestIncome": 3471000, "interestExpense": 0, "depreciationAndAmortization": 76672000, "ebitda": 233039000, "ebitdaratio": 0.214500376, "operatingIncome": 156367000, "operatingIncomeRatio": 0.1439277558, "totalOtherIncomeExpensesNet": 3471000, "incomeBeforeTax": 159838000, "incomeBeforeTaxRatio": 0.1471226323, "incomeTaxExpense": 13311000, "netIncome": 146527000, "netIncomeRatio": 0.1348705435, "eps": 3.79, "epsdiluted": 3.65, "weightedAverageShsOut": 38640000, "weightedAverageShsOutDil": 40105000, "link": "https://www.sec.gov/Archives/edgar/data/860731/000086073120000008/0000860731-20-000008-index.htm", "finalLink": "https://www.sec.gov/Archives/edgar/data/860731/000086073120000008/tyl12312019-10k.htm", "calculatedOtherExpenses": 21445000, "calculatedOperatingExpenses": 360533000, "calculatedNetInterest": 3471000, "calculatedOtherIncome": 0, "calculatedIncomeNonControlling": 0, "calculatedEbitda": 233039000}, {"date": "2018-12-31", "symbol": "TYL", "reportedCurrency": "USD", "cik": "0000860731", "fillingDate": "2019-02-20", "acceptedDate": "2019-02-20 16:43:24", "calendarYear": "2018", "period": "FY", "revenue": 935282000, "costOfRevenue": 495704000, "grossProfit": 439578000, "grossProfitRatio": 0.4699951458, "researchAndDevelopmentExpenses": 63264000, "generalAndAdministrativeExpenses": 0, "sellingAndMarketingExpenses": 0, "sellingGeneralAndAdministrativeExpenses": 207605000, "otherExpenses": 3378000, "operatingExpenses": 287086000, "costAndExpenses": 782790000, "interestIncome": 0, "interestExpense": 0, "depreciationAndAmortization": 61759000, "ebitda": 214251000, "ebitdaratio": 0.2290763641, "operatingIncome": 152492000, "operatingIncomeRatio": 0.1630438734, "totalOtherIncomeExpensesNet": 3378000, "incomeBeforeTax": 155870000, "incomeBeforeTaxRatio": 0.1666556183, "incomeTaxExpense": 8408000, "netIncome": 147462000, "netIncomeRatio": 0.1576658163, "eps": 3.84, "epsdiluted": 3.68, "weightedAverageShsOut": 38445000, "weightedAverageShsOutDil": 40123000, "link": "https://www.sec.gov/Archives/edgar/data/860731/000086073119000009/0000860731-19-000009-index.htm", "finalLink": "https://www.sec.gov/Archives/edgar/data/860731/000086073119000009/tyl12312018-10k.htm", "calculatedOtherExpenses": 16217000, "calculatedOperatingExpenses": 287086000, "calculatedNetInterest": 0, "calculatedOtherIncome": 3378000, "calculatedIncomeNonControlling": 0, "calculatedEbitda": 214251000}, {"date": "2017-12-31", "symbol": "TYL", "reportedCurrency": "USD", "cik": "0000860731", "fillingDate": "2018-02-21", "acceptedDate": "2018-02-21 16:45:40", "calendarYear": "2017", "period": "FY", "revenue": 840662000, "costOfRevenue": 441522000, "grossProfit": 399140000, "grossProfitRatio": 0.474792485, "researchAndDevelopmentExpenses": 47324000, "generalAndAdministrativeExpenses": 0, "sellingAndMarketingExpenses": 0, "sellingGeneralAndAdministrativeExpenses": 176974000, "otherExpenses": 698000, "operatingExpenses": 238210000, "costAndExpenses": 679732000, "interestIncome": 0, "interestExpense": 0, "depreciationAndAmortization": 53925000, "ebitda": 214855000, "ebitdaratio": 0.2555783418, "operatingIncome": 160930000, "operatingIncomeRatio": 0.1914324663, "totalOtherIncomeExpensesNet": 698000, "incomeBeforeTax": 161628000, "incomeBeforeTaxRatio": 0.1922627643, "incomeTaxExpense": -2317000, "netIncome": 163945000, "netIncomeRatio": 0.1950189256, "eps": 4.55, "epsdiluted": 4.32, "weightedAverageShsOut": 37273000, "weightedAverageShsOutDil": 39246000, "link": "https://www.sec.gov/Archives/edgar/data/860731/000086073118000011/0000860731-18-000011-index.htm", "finalLink": "https://www.sec.gov/Archives/edgar/data/860731/000086073118000011/tyl12312017-10k.htm", "calculatedOtherExpenses": 13912000, "calculatedOperatingExpenses": 238210000, "calculatedNetInterest": 0, "calculatedOtherIncome": 698000, "calculatedIncomeNonControlling": 0, "calculatedEbitda": 214855000}, {"date": "2016-12-31", "symbol": "TYL", "reportedCurrency": "USD", "cik": "0000860731", "fillingDate": "2017-02-22", "acceptedDate": "2017-02-22 16:17:30", "calendarYear": "2016", "period": "FY", "revenue": 756043000, "costOfRevenue": 400692000, "grossProfit": 355351000, "grossProfitRatio": 0.4700142717, "researchAndDevelopmentExpenses": 43154000, "generalAndAdministrativeExpenses": 0, "sellingAndMarketingExpenses": 0, "sellingGeneralAndAdministrativeExpenses": 167161000, "otherExpenses": -1998000, "operatingExpenses": 224046000, "costAndExpenses": 624738000, "interestIncome": 0, "interestExpense": 0, "depreciationAndAmortization": 50301000, "ebitda": 181606000, "ebitdaratio": 0.2402059142, "operatingIncome": 131305000, "operatingIncomeRatio": 0.1736739842, "totalOtherIncomeExpensesNet": -1998000, "incomeBeforeTax": 129307000, "incomeBeforeTaxRatio": 0.1710312773, "incomeTaxExpense": 19450000, "netIncome": 109857000, "netIncomeRatio": 0.1453052273, "eps": 3.12, "epsdiluted": 2.92, "weightedAverageShsOut": 36448000, "weightedAverageShsOutDil": 38961000, "link": "https://www.sec.gov/Archives/edgar/data/860731/000086073117000006/0000860731-17-000006-index.htm", "finalLink": "https://www.sec.gov/Archives/edgar/data/860731/000086073117000006/tyl12312016-10k.htm", "calculatedOtherExpenses": 13731000, "calculatedOperatingExpenses": 224046000, "calculatedNetInterest": 0, "calculatedOtherIncome": -1998000, "calculatedIncomeNonControlling": 0, "calculatedEbitda": 181606000}, {"date": "2015-12-31", "symbol": "TYL", "reportedCurrency": "USD", "cik": "0000860731", "fillingDate": "2016-02-24", "acceptedDate": "2016-02-24 12:20:57", "calendarYear": "2015", "period": "FY", "revenue": 591022000, "costOfRevenue": 313835000, "grossProfit": 277187000, "grossProfitRatio": 0.468996078, "researchAndDevelopmentExpenses": 29922000, "generalAndAdministrativeExpenses": 0, "sellingAndMarketingExpenses": 0, "sellingGeneralAndAdministrativeExpenses": 133317000, "otherExpenses": 381000, "operatingExpenses": 169144000, "costAndExpenses": 482979000, "interestIncome": 0, "interestExpense": 0, "depreciationAndAmortization": 19574000, "ebitda": 127617000, "ebitdaratio": 0.2159259723, "operatingIncome": 108043000, "operatingIncomeRatio": 0.1828070698, "totalOtherIncomeExpensesNet": 381000, "incomeBeforeTax": 108424000, "incomeBeforeTaxRatio": 0.1834517158, "incomeTaxExpense": 43555000, "netIncome": 64869000, "netIncomeRatio": 0.1097573356, "eps": 1.9, "epsdiluted": 1.77, "weightedAverageShsOut": 34137000, "weightedAverageShsOutDil": 36552000, "link": "https://www.sec.gov/Archives/edgar/data/860731/000156459016013137/0001564590-16-013137-index.htm", "finalLink": "https://www.sec.gov/Archives/edgar/data/860731/000156459016013137/tyl-10k_20151231.htm", "calculatedOtherExpenses": 5905000, "calculatedOperatingExpenses": 169144000, "calculatedNetInterest": 0, "calculatedOtherIncome": 381000, "calculatedIncomeNonControlling": 0, "calculatedEbitda": 127617000}, {"date": "2014-12-31", "symbol": "TYL", "reportedCurrency": "USD", "cik": "0000860731", "fillingDate": "2015-02-18", "acceptedDate": "2015-02-18 11:58:43", "calendarYear": "2014", "period": "FY", "revenue": 493101000, "costOfRevenue": 259730000, "grossProfit": 233371000, "grossProfitRatio": 0.47327221, "researchAndDevelopmentExpenses": 25743000, "generalAndAdministrativeExpenses": 0, "sellingAndMarketingExpenses": 0, "sellingGeneralAndAdministrativeExpenses": 108260000, "otherExpenses": -355000, "operatingExpenses": 138549000, "costAndExpenses": 398279000, "interestIncome": 0, "interestExpense": 0, "depreciationAndAmortization": 14605000, "ebitda": 109427000, "ebitdaratio": 0.2219159969, "operatingIncome": 94822000, "operatingIncomeRatio": 0.1922973184, "totalOtherIncomeExpensesNet": -355000, "incomeBeforeTax": 94467000, "incomeBeforeTaxRatio": 0.1915773848, "incomeTaxExpense": 35527000, "netIncome": 58940000, "netIncomeRatio": 0.1195292648, "eps": 1.79, "epsdiluted": 1.66, "weightedAverageShsOut": 33011000, "weightedAverageShsOutDil": 35401000, "link": "https://www.sec.gov/Archives/edgar/data/860731/000156459015000744/0001564590-15-000744-index.htm", "finalLink": "https://www.sec.gov/Archives/edgar/data/860731/000156459015000744/tyl-10k_20141231.htm", "calculatedOtherExpenses": 4546000, "calculatedOperatingExpenses": 138549000, "calculatedNetInterest": 0, "calculatedOtherIncome": -355000, "calculatedIncomeNonControlling": 0, "calculatedEbitda": 109427000}, {"date": "2013-12-31", "symbol": "TYL", "reportedCurrency": "USD", "cik": "0000860731", "fillingDate": "2014-02-19", "acceptedDate": "2014-02-19 12:27:53", "calendarYear": "2013", "period": "FY", "revenue": 416643000, "costOfRevenue": 223440000, "grossProfit": 193203000, "grossProfitRatio": 0.4637135389, "researchAndDevelopmentExpenses": 23269000, "generalAndAdministrativeExpenses": 0, "sellingAndMarketingExpenses": 0, "sellingGeneralAndAdministrativeExpenses": 98289000, "otherExpenses": -1309000, "operatingExpenses": 126075000, "costAndExpenses": 349515000, "interestIncome": 0, "interestExpense": 0, "depreciationAndAmortization": 13786000, "ebitda": 80914000, "ebitdaratio": 0.1942046308, "operatingIncome": 67128000, "operatingIncomeRatio": 0.1611163514, "totalOtherIncomeExpensesNet": -1309000, "incomeBeforeTax": 65819000, "incomeBeforeTaxRatio": 0.157974573, "incomeTaxExpense": 26718000, "netIncome": 39101000, "netIncomeRatio": 0.0938477306, "eps": 1.23, "epsdiluted": 1.13, "weightedAverageShsOut": 31891000, "weightedAverageShsOutDil": 34590000, "link": "https://www.sec.gov/Archives/edgar/data/860731/000119312514058350/0001193125-14-058350-index.htm", "finalLink": "https://www.sec.gov/Archives/edgar/data/860731/000119312514058350/d639171d10k.htm", "calculatedOtherExpenses": 4517000, "calculatedOperatingExpenses": 126075000, "calculatedNetInterest": 0, "calculatedOtherIncome": -1309000, "calculatedIncomeNonControlling": 0, "calculatedEbitda": 80914000}, {"date": "2012-12-31", "symbol": "TYL", "reportedCurrency": "USD", "cik": "0000860731", "fillingDate": "2013-02-20", "acceptedDate": "2013-02-20 16:21:03", "calendarYear": "2012", "period": "FY", "revenue": 363304000, "costOfRevenue": 195602000, "grossProfit": 167702000, "grossProfitRatio": 0.4616024046, "researchAndDevelopmentExpenses": 20140000, "generalAndAdministrativeExpenses": 0, "sellingAndMarketingExpenses": 0, "sellingGeneralAndAdministrativeExpenses": 86706000, "otherExpenses": -2709000, "operatingExpenses": 111125000, "costAndExpenses": 306727000, "interestIncome": 0, "interestExpense": 0, "depreciationAndAmortization": 12711000, "ebitda": 69288000, "ebitdaratio": 0.1907163147, "operatingIncome": 56577000, "operatingIncomeRatio": 0.1557290864, "totalOtherIncomeExpensesNet": -2709000, "incomeBeforeTax": 53868000, "incomeBeforeTaxRatio": 0.1482725211, "incomeTaxExpense": 20874000, "netIncome": 32994000, "netIncomeRatio": 0.0908165063, "eps": 1.09, "epsdiluted": 1, "weightedAverageShsOut": 30327000, "weightedAverageShsOutDil": 32916000, "link": "https://www.sec.gov/Archives/edgar/data/860731/000119312513067262/0001193125-13-067262-index.htm", "finalLink": "https://www.sec.gov/Archives/edgar/data/860731/000119312513067262/d487966d10k.htm", "calculatedOtherExpenses": 4279000, "calculatedOperatingExpenses": 111125000, "calculatedNetInterest": 0, "calculatedOtherIncome": -2709000, "calculatedIncomeNonControlling": 0, "calculatedEbitda": 69288000}, {"date": "2011-12-31", "symbol": "TYL", "reportedCurrency": "USD", "cik": "0000860731", "fillingDate": "2012-02-23", "acceptedDate": "2012-02-23 15:18:33", "calendarYear": "2011", "period": "FY", "revenue": 309391000, "costOfRevenue": 167479000, "grossProfit": 141912000, "grossProfitRatio": 0.4586817328, "researchAndDevelopmentExpenses": 16414000, "generalAndAdministrativeExpenses": 0, "sellingAndMarketingExpenses": 0, "sellingGeneralAndAdministrativeExpenses": 75650000, "otherExpenses": 3331000, "operatingExpenses": 95395000, "costAndExpenses": 262874000, "interestIncome": 0, "interestExpense": 0, "depreciationAndAmortization": 10676000, "ebitda": 54789000, "ebitdaratio": 0.1770865992, "operatingIncome": 46517000, "operatingIncomeRatio": 0.1503502041, "totalOtherIncomeExpensesNet": 2404000, "incomeBeforeTax": 44113000, "incomeBeforeTaxRatio": 0.1425801009, "incomeTaxExpense": 16556000, "netIncome": 27557000, "netIncomeRatio": 0.0890685249, "eps": 0.88, "epsdiluted": 0.83, "weightedAverageShsOut": 31267000, "weightedAverageShsOutDil": 33154000, "link": "https://www.sec.gov/Archives/edgar/data/860731/000119312512075092/0001193125-12-075092-index.htm", "finalLink": "https://www.sec.gov/Archives/edgar/data/860731/000119312512075092/d297185d10k.htm", "calculatedOtherExpenses": 3331000, "calculatedOperatingExpenses": 95395000, "calculatedNetInterest": 0, "calculatedOtherIncome": -2404000, "calculatedIncomeNonControlling": 0, "calculatedEbitda": 57193000}, {"date": "2010-12-31", "symbol": "TYL", "reportedCurrency": "USD", "cik": "0000860731", "fillingDate": "2011-02-24", "acceptedDate": "2011-02-24 09:56:00", "calendarYear": "2010", "period": "FY", "revenue": 288628000, "costOfRevenue": 160311000, "grossProfit": 128317000, "grossProfitRatio": 0.4445757168, "researchAndDevelopmentExpenses": 13971000, "generalAndAdministrativeExpenses": 0, "sellingAndMarketingExpenses": 0, "sellingGeneralAndAdministrativeExpenses": 69480000, "otherExpenses": 3225000, "operatingExpenses": 86676000, "costAndExpenses": 246987000, "interestIncome": 0, "interestExpense": 0, "depreciationAndAmortization": 10788000, "ebitda": 54171000, "ebitdaratio": 0.1876844935, "operatingIncome": 41641000, "operatingIncomeRatio": 0.144272212, "totalOtherIncomeExpensesNet": -1742000, "incomeBeforeTax": 39899000, "incomeBeforeTaxRatio": 0.1382367615, "incomeTaxExpense": 14845000, "netIncome": 25054000, "netIncomeRatio": 0.0868037751, "eps": 0.74, "epsdiluted": 0.71, "weightedAverageShsOut": 34075000, "weightedAverageShsOutDil": 35528000, "link": "https://www.sec.gov/Archives/edgar/data/860731/000095012311017571/0000950123-11-017571-index.htm", "finalLink": "https://www.sec.gov/Archives/edgar/data/860731/000095012311017571/d79879e10vk.htm", "calculatedOtherExpenses": 3225000, "calculatedOperatingExpenses": 86676000, "calculatedNetInterest": 0, "calculatedOtherIncome": -1742000, "calculatedIncomeNonControlling": 0, "calculatedEbitda": 52429000}, {"date": "2009-12-31", "symbol": "TYL", "reportedCurrency": "USD", "cik": "0000860731", "fillingDate": "2010-02-25", "acceptedDate": "2010-02-25 10:06:39", "calendarYear": "2009", "period": "FY", "revenue": 290286000, "costOfRevenue": 161523000, "grossProfit": 128763000, "grossProfitRatio": 0.4435728902, "researchAndDevelopmentExpenses": 11159000, "generalAndAdministrativeExpenses": 0, "sellingAndMarketingExpenses": 0, "sellingGeneralAndAdministrativeExpenses": 70115000, "otherExpenses": 2705000, "operatingExpenses": 83979000, "costAndExpenses": 245502000, "interestIncome": 0, "interestExpense": 0, "depreciationAndAmortization": 9497000, "ebitda": 54427000, "ebitdaratio": 0.1874944021, "operatingIncome": 44784000, "operatingIncomeRatio": 0.1542754387, "totalOtherIncomeExpensesNet": -146000, "incomeBeforeTax": 44638000, "incomeBeforeTaxRatio": 0.1537724864, "incomeTaxExpense": 17628000, "netIncome": 27010000, "netIncomeRatio": 0.0930461683, "eps": 0.77, "epsdiluted": 0.74, "weightedAverageShsOut": 35240000, "weightedAverageShsOutDil": 36624000, "link": "https://www.sec.gov/Archives/edgar/data/860731/000095012310016745/0000950123-10-016745-index.htm", "finalLink": "https://www.sec.gov/Archives/edgar/data/860731/000095012310016745/d71188e10vk.htm", "calculatedOtherExpenses": 2705000, "calculatedOperatingExpenses": 83979000, "calculatedNetInterest": 0, "calculatedOtherIncome": -146000, "calculatedIncomeNonControlling": 0, "calculatedEbitda": 54281000}, {"date": "2008-12-31", "symbol": "TYL", "reportedCurrency": "USD", "cik": "0000860731", "fillingDate": "2009-02-26", "acceptedDate": "2009-02-26 10:56:32", "calendarYear": "2008", "period": "FY", "revenue": 265101000, "costOfRevenue": 155314000, "grossProfit": 109787000, "grossProfitRatio": 0.4141327268, "researchAndDevelopmentExpenses": 7286000, "generalAndAdministrativeExpenses": 0, "sellingAndMarketingExpenses": 0, "sellingGeneralAndAdministrativeExpenses": 62923000, "otherExpenses": 2438000, "operatingExpenses": 81692000, "costAndExpenses": 237006000, "interestIncome": 0, "interestExpense": 0, "depreciationAndAmortization": 12611000, "ebitda": 39525000, "ebitdaratio": 0.1490941188, "operatingIncome": 28095000, "operatingIncomeRatio": 0.1059784761, "totalOtherIncomeExpensesNet": 1181000, "incomeBeforeTax": 29276000, "incomeBeforeTaxRatio": 0.110433382, "incomeTaxExpense": 14414000, "netIncome": 14862000, "netIncomeRatio": 0.056061652, "eps": 0.39, "epsdiluted": 0.38, "weightedAverageShsOut": 37714000, "weightedAverageShsOutDil": 39184000, "link": "https://www.sec.gov/Archives/edgar/data/860731/000095013409003823/0000950134-09-003823-index.htm", "finalLink": "https://www.sec.gov/Archives/edgar/data/860731/000095013409003823/d66508e10vk.htm", "calculatedOtherExpenses": 11483000, "calculatedOperatingExpenses": 81692000, "calculatedNetInterest": 0, "calculatedOtherIncome": 1181000, "calculatedIncomeNonControlling": 0, "calculatedEbitda": 40706000}, {"date": "2007-12-31", "symbol": "TYL", "reportedCurrency": "USD", "cik": "0000860731", "fillingDate": "2008-02-28", "acceptedDate": "2008-02-28 13:26:28", "calendarYear": "2007", "period": "FY", "revenue": 219796000, "costOfRevenue": 135371000, "grossProfit": 84425000, "grossProfitRatio": 0.3841061712, "researchAndDevelopmentExpenses": 4443000, "generalAndAdministrativeExpenses": 0, "sellingAndMarketingExpenses": 0, "sellingGeneralAndAdministrativeExpenses": 51724000, "otherExpenses": 1478000, "operatingExpenses": 57645000, "costAndExpenses": 193016000, "interestIncome": 0, "interestExpense": 0, "depreciationAndAmortization": 11211000, "ebitda": 36191000, "ebitdaratio": 0.1646572276, "operatingIncome": 26780000, "operatingIncomeRatio": 0.1218402519, "totalOtherIncomeExpensesNet": 1800000, "incomeBeforeTax": 28580000, "incomeBeforeTaxRatio": 0.1300296639, "incomeTaxExpense": 11079000, "netIncome": 17501000, "netIncomeRatio": 0.079623833, "eps": 0.45, "epsdiluted": 0.42, "weightedAverageShsOut": 38735000, "weightedAverageShsOutDil": 41352000, "link": "https://www.sec.gov/Archives/edgar/data/860731/000095013408003695/0000950134-08-003695-index.htm", "finalLink": "https://www.sec.gov/Archives/edgar/data/860731/000095013408003695/d54229e10vk.htm", "calculatedOtherExpenses": 1478000, "calculatedOperatingExpenses": 57645000, "calculatedNetInterest": 0, "calculatedOtherIncome": 1800000, "calculatedIncomeNonControlling": 0, "calculatedEbitda": 37991000}, {"date": "2006-12-31", "symbol": "TYL", "reportedCurrency": "USD", "cik": "0000860731", "fillingDate": "2007-03-01", "acceptedDate": "2007-03-01 12:58:17", "calendarYear": "2006", "period": "FY", "revenue": 195303000, "costOfRevenue": 120499000, "grossProfit": 74804000, "grossProfitRatio": 0.3830151099, "researchAndDevelopmentExpenses": 0, "generalAndAdministrativeExpenses": 0, "sellingAndMarketingExpenses": 0, "sellingGeneralAndAdministrativeExpenses": 51711000, "otherExpenses": 1318000, "operatingExpenses": 53029000, "costAndExpenses": 173528000, "interestIncome": 0, "interestExpense": 0, "depreciationAndAmortization": 10102000, "ebitda": 30797000, "ebitdaratio": 0.15768831, "operatingIncome": 21775000, "operatingIncomeRatio": 0.111493423, "totalOtherIncomeExpensesNet": 1080000, "incomeBeforeTax": 22855000, "incomeBeforeTaxRatio": 0.117023292, "incomeTaxExpense": 8493000, "netIncome": 14362000, "netIncomeRatio": 0.0735370168, "eps": 0.37, "epsdiluted": 0.34, "weightedAverageShsOut": 38817000, "weightedAverageShsOutDil": 41868000, "link": "https://www.sec.gov/Archives/edgar/data/860731/000095013407004537/0000950134-07-004537-index.htm", "finalLink": "https://www.sec.gov/Archives/edgar/data/860731/000095013407004537/d43944e10vk.htm", "calculatedOtherExpenses": 1318000, "calculatedOperatingExpenses": 53029000, "calculatedNetInterest": 0, "calculatedOtherIncome": 1080000, "calculatedIncomeNonControlling": 0, "calculatedEbitda": 31877000}, {"date": "2005-12-31", "symbol": "TYL", "reportedCurrency": "USD", "cik": "0000860731", "fillingDate": "2006-03-02", "acceptedDate": "2006-03-02 13:47:14", "calendarYear": "2005", "period": "FY", "revenue": 170457000, "costOfRevenue": 108970000, "grossProfit": 61487000, "grossProfitRatio": 0.360718539, "researchAndDevelopmentExpenses": 0, "generalAndAdministrativeExpenses": 0, "sellingAndMarketingExpenses": 0, "sellingGeneralAndAdministrativeExpenses": 46242000, "otherExpenses": 1266000, "operatingExpenses": 47508000, "costAndExpenses": 156478000, "interestIncome": 0, "interestExpense": 0, "depreciationAndAmortization": 10443000, "ebitda": 24776000, "ebitdaratio": 0.1453504403, "operatingIncome": 12719000, "operatingIncomeRatio": 0.0746170588, "totalOtherIncomeExpensesNet": -354000, "incomeBeforeTax": 13625000, "incomeBeforeTaxRatio": 0.0799321823, "incomeTaxExpense": 5432000, "netIncome": 8193000, "netIncomeRatio": 0.0480649079, "eps": 0.21, "epsdiluted": 0.19, "weightedAverageShsOut": 39439000, "weightedAverageShsOutDil": 42075000, "link": "https://www.sec.gov/Archives/edgar/data/860731/000095013406004110/0000950134-06-004110-index.htm", "finalLink": "https://www.sec.gov/Archives/edgar/data/860731/000095013406004110/d33441e10vk.htm", "calculatedOtherExpenses": 2526000, "calculatedOperatingExpenses": 48768000, "calculatedNetInterest": 0, "calculatedOtherIncome": 906000, "calculatedIncomeNonControlling": 0, "calculatedEbitda": 23162000}, {"date": "2004-12-31", "symbol": "TYL", "reportedCurrency": "USD", "cik": "0000860731", "fillingDate": "2005-03-10", "acceptedDate": "2005-03-10 12:44:16", "calendarYear": "2004", "period": "FY", "revenue": 172270000, "costOfRevenue": 106985000, "grossProfit": 65285000, "grossProfitRatio": 0.3789690602, "researchAndDevelopmentExpenses": 0, "generalAndAdministrativeExpenses": 0, "sellingAndMarketingExpenses": 0, "sellingGeneralAndAdministrativeExpenses": 45451000, "otherExpenses": 2714000, "operatingExpenses": 48165000, "costAndExpenses": 155150000, "interestIncome": 0, "interestExpense": 0, "depreciationAndAmortization": 11386000, "ebitda": 28635000, "ebitdaratio": 0.1662216288, "operatingIncome": 17120000, "operatingIncomeRatio": 0.099378882, "totalOtherIncomeExpensesNet": -129000, "incomeBeforeTax": 17437000, "incomeBeforeTaxRatio": 0.1012190167, "incomeTaxExpense": 7309000, "netIncome": 10128000, "netIncomeRatio": 0.0587914321, "eps": 0.25, "epsdiluted": 0.23, "weightedAverageShsOut": 41288000, "weightedAverageShsOutDil": 44566000, "link": "https://www.sec.gov/Archives/edgar/data/860731/000095013405004575/0000950134-05-004575-index.htm", "finalLink": "https://www.sec.gov/Archives/edgar/data/860731/000095013405004575/d23024e10vk.htm", "calculatedOtherExpenses": 2714000, "calculatedOperatingExpenses": 48165000, "calculatedNetInterest": 0, "calculatedOtherIncome": 317000, "calculatedIncomeNonControlling": 0, "calculatedEbitda": 28506000}, {"date": "2003-12-31", "symbol": "TYL", "reportedCurrency": "USD", "cik": "0000860731", "fillingDate": "2004-02-27", "acceptedDate": "2004-02-26 21:32:30", "calendarYear": "2003", "period": "FY", "revenue": 145454000, "costOfRevenue": 88621000, "grossProfit": 56833000, "grossProfitRatio": 0.3907283402, "researchAndDevelopmentExpenses": 0, "generalAndAdministrativeExpenses": 0, "sellingAndMarketingExpenses": 0, "sellingGeneralAndAdministrativeExpenses": 38390000, "otherExpenses": 2931000, "operatingExpenses": 41321000, "costAndExpenses": 129942000, "interestIncome": 0, "interestExpense": 0, "depreciationAndAmortization": 9396000, "ebitda": 1336000, "ebitdaratio": 0.0091850344, "operatingIncome": 15512000, "operatingIncomeRatio": 0.1066453999, "totalOtherIncomeExpensesNet": 23572000, "incomeBeforeTax": 39084000, "incomeBeforeTaxRatio": 0.2687035076, "incomeTaxExpense": 13106000, "netIncome": 26402000, "netIncomeRatio": 0.1815144307, "eps": 0.64, "epsdiluted": 0.58, "weightedAverageShsOut": 43078000, "weightedAverageShsOutDil": 45035000, "link": "https://www.sec.gov/Archives/edgar/data/860731/000095013404002615/0000950134-04-002615-index.htm", "finalLink": "https://www.sec.gov/Archives/edgar/data/860731/000095013404002615/d12912e10vk.htm", "calculatedOtherExpenses": 2931000, "calculatedOperatingExpenses": 41321000, "calculatedNetInterest": 0, "calculatedOtherIncome": 23572000, "calculatedIncomeNonControlling": -424000, "calculatedEbitda": 24908000}, {"date": "2002-12-31", "symbol": "TYL", "reportedCurrency": "USD", "cik": "0000860731", "fillingDate": "2003-02-28", "acceptedDate": "2003-02-28 14:56:36", "calendarYear": "2002", "period": "FY", "revenue": 133897000, "costOfRevenue": 85915000, "grossProfit": 47982000, "grossProfitRatio": 0.3583500751, "researchAndDevelopmentExpenses": 0, "generalAndAdministrativeExpenses": 0, "sellingAndMarketingExpenses": 0, "sellingGeneralAndAdministrativeExpenses": 33914000, "otherExpenses": 3329000, "operatingExpenses": 37243000, "costAndExpenses": 123158000, "interestIncome": 0, "interestExpense": 0, "depreciationAndAmortization": 8522000, "ebitda": 19965000, "ebitdaratio": 0.1491071495, "operatingIncome": 10739000, "operatingIncomeRatio": 0.08020344, "totalOtherIncomeExpensesNet": -704000, "incomeBeforeTax": 10041000, "incomeBeforeTaxRatio": 0.0749904778, "incomeTaxExpense": 3869000, "netIncome": 7989000, "netIncomeRatio": 0.0596652651, "eps": 0.17, "epsdiluted": 0.12, "weightedAverageShsOut": 47401000, "weightedAverageShsOutDil": 49493000, "link": "https://www.sec.gov/Archives/edgar/data/860731/000095013403003229/0000950134-03-003229-index.htm", "finalLink": "https://www.sec.gov/Archives/edgar/data/860731/000095013403003229/d03636e10vk.txt", "calculatedOtherExpenses": 3329000, "calculatedOperatingExpenses": 37243000, "calculatedNetInterest": 0, "calculatedOtherIncome": -698000, "calculatedIncomeNonControlling": -1817000, "calculatedEbitda": 19261000}, {"date": "2001-12-31", "symbol": "TYL", "reportedCurrency": "USD", "cik": "0000860731", "fillingDate": "2002-03-06", "acceptedDate": "2002-03-06 00:00:00", "calendarYear": "2001", "period": "FY", "revenue": 117888000, "costOfRevenue": 77869000, "grossProfit": 40019000, "grossProfitRatio": 0.3394662731, "researchAndDevelopmentExpenses": 0, "generalAndAdministrativeExpenses": 0, "sellingAndMarketingExpenses": 0, "sellingGeneralAndAdministrativeExpenses": 31065000, "otherExpenses": 6663000, "operatingExpenses": 37728000, "costAndExpenses": 115597000, "interestIncome": 0, "interestExpense": 0, "depreciationAndAmortization": 10910000, "ebitda": 12966000, "ebitdaratio": 0.1099857492, "operatingIncome": 2291000, "operatingIncomeRatio": 0.0194336998, "totalOtherIncomeExpensesNet": 235000, "incomeBeforeTax": 1812000, "incomeBeforeTaxRatio": 0.0153705212, "incomeTaxExpense": 1540000, "netIncome": 269000, "netIncomeRatio": 0.0022818268, "eps": 0.01, "epsdiluted": 0.01, "weightedAverageShsOut": 47181000, "weightedAverageShsOutDil": 47984000, "link": "https://www.sec.gov/Archives/edgar/data/860731/000095013402001831/0000950134-02-001831-index.htm", "finalLink": "https://www.sec.gov/Archives/edgar/data/860731/000095013402001831/d94660e10-k405.txt", "calculatedOtherExpenses": 6663000, "calculatedOperatingExpenses": 37728000, "calculatedNetInterest": 0, "calculatedOtherIncome": -479000, "calculatedIncomeNonControlling": 3000, "calculatedEbitda": 13201000}, {"date": "2000-12-31", "symbol": "TYL", "reportedCurrency": "USD", "cik": "0000860731", "fillingDate": "2001-03-21", "acceptedDate": "2001-03-21 00:00:00", "calendarYear": "2000", "period": "FY", "revenue": 93200000, "costOfRevenue": 56142000, "grossProfit": 37058000, "grossProfitRatio": 0.3976180258, "researchAndDevelopmentExpenses": 0, "generalAndAdministrativeExpenses": 0, "sellingAndMarketingExpenses": 0, "sellingGeneralAndAdministrativeExpenses": 32805000, "otherExpenses": 9686000, "operatingExpenses": 42491000, "costAndExpenses": 98633000, "interestIncome": 0, "interestExpense": 0, "depreciationAndAmortization": 9686000, "ebitda": 4253000, "ebitdaratio": 0.0456330472, "operatingIncome": -5433000, "operatingIncomeRatio": -0.0582939914, "totalOtherIncomeExpensesNet": -4884000, "incomeBeforeTax": -10317000, "incomeBeforeTaxRatio": -0.1106974249, "incomeTaxExpense": -2810000, "netIncome": -24597000, "netIncomeRatio": -0.263916309, "eps": -0.55, "epsdiluted": -0.54, "weightedAverageShsOut": 44953000, "weightedAverageShsOutDil": 45380000, "link": "https://www.sec.gov/Archives/edgar/data/860731/000095013401002412/0000950134-01-002412-index.htm", "finalLink": "https://www.sec.gov/Archives/edgar/data/860731/000095013401002412/d84862e10-k405.txt", "calculatedOtherExpenses": 9686000, "calculatedOperatingExpenses": 42491000, "calculatedNetInterest": 0, "calculatedOtherIncome": -4884000, "calculatedIncomeNonControlling": 17090000, "calculatedEbitda": 4253000}, {"date": "1999-12-31", "symbol": "TYL", "reportedCurrency": "USD", "cik": "0000860731", "fillingDate": "2000-04-07", "acceptedDate": "2000-04-07 00:00:00", "calendarYear": "1999", "period": "FY", "revenue": 108401000, "costOfRevenue": 50467000, "grossProfit": 57934000, "grossProfitRatio": 0.5344415642, "researchAndDevelopmentExpenses": 0, "generalAndAdministrativeExpenses": 0, "sellingAndMarketingExpenses": 0, "sellingGeneralAndAdministrativeExpenses": 37909000, "otherExpenses": 11261000, "operatingExpenses": 49170000, "costAndExpenses": 99637000, "interestIncome": 0, "interestExpense": 0, "depreciationAndAmortization": 11261000, "ebitda": 21876000, "ebitdaratio": 0.2018062564, "operatingIncome": 8764000, "operatingIncomeRatio": 0.0808479627, "totalOtherIncomeExpensesNet": -1851000, "incomeBeforeTax": 2340000, "incomeBeforeTaxRatio": 0.0215865167, "incomeTaxExpense": 2404000, "netIncome": -2824000, "netIncomeRatio": -0.0260514202, "eps": -0.0706, "epsdiluted": -0.0706, "weightedAverageShsOut": 40000000, "weightedAverageShsOutDil": 40000000, "link": "https://www.sec.gov/Archives/edgar/data/860731/000095013400003101/0000950134-00-003101-index.html", "finalLink": "https://www.sec.gov/Archives/edgar/data/860731/000095013400003101/", "calculatedOtherExpenses": 11261000, "calculatedOperatingExpenses": 49170000, "calculatedNetInterest": 0, "calculatedOtherIncome": -6424000, "calculatedIncomeNonControlling": 2760000, "calculatedEbitda": 20025000}, {"date": "1998-12-31", "symbol": "TYL", "reportedCurrency": "USD", "cik": "0000860731", "fillingDate": "1999-03-31", "acceptedDate": "1999-03-31 00:00:00", "calendarYear": "1998", "period": "FY", "revenue": 50500000, "costOfRevenue": 25500000, "grossProfit": 25000000, "grossProfitRatio": 0.495049505, "researchAndDevelopmentExpenses": 0, "generalAndAdministrativeExpenses": 0, "sellingAndMarketingExpenses": 0, "sellingGeneralAndAdministrativeExpenses": 14500000, "otherExpenses": 5500000, "operatingExpenses": 20000000, "costAndExpenses": 45500000, "interestIncome": 0, "interestExpense": 0, "depreciationAndAmortization": 5500000, "ebitda": 10300000, "ebitdaratio": 0.203960396, "operatingIncome": 5000000, "operatingIncomeRatio": 0.099009901, "totalOtherIncomeExpensesNet": 200000, "incomeBeforeTax": 3100000, "incomeBeforeTaxRatio": 0.0613861386, "incomeTaxExpense": 2000000, "netIncome": -8400000, "netIncomeRatio": -0.1663366337, "eps": -0.25, "epsdiluted": -0.25, "weightedAverageShsOut": 34285714, "weightedAverageShsOutDil": 34285714, "link": "https://www.sec.gov/Archives/edgar/data/860731/000095013499002307/0000950134-99-002307-index.html", "finalLink": "https://www.sec.gov/Archives/edgar/data/860731/", "calculatedOtherExpenses": 5500000, "calculatedOperatingExpenses": 20000000, "calculatedNetInterest": 0, "calculatedOtherIncome": -1900000, "calculatedIncomeNonControlling": 9500000, "calculatedEbitda": 10500000}, {"date": "1997-12-31", "symbol": "TYL", "reportedCurrency": "USD", "cik": "0000860731", "fillingDate": "1998-03-26", "acceptedDate": "1998-03-26 00:00:00", "calendarYear": "1997", "period": "FY", "revenue": 76400000, "costOfRevenue": 41800000, "grossProfit": 34600000, "grossProfitRatio": 0.4528795812, "researchAndDevelopmentExpenses": 0, "generalAndAdministrativeExpenses": 0, "sellingAndMarketingExpenses": 0, "sellingGeneralAndAdministrativeExpenses": 31900000, "otherExpenses": 2100000, "operatingExpenses": 34000000, "costAndExpenses": 75800000, "interestIncome": 0, "interestExpense": 0, "depreciationAndAmortization": 2100000, "ebitda": 1900000, "ebitdaratio": 0.0248691099, "operatingIncome": 600000, "operatingIncomeRatio": 0.0078534031, "totalOtherIncomeExpensesNet": 800000, "incomeBeforeTax": 1400000, "incomeBeforeTaxRatio": 0.0183246073, "incomeTaxExpense": 200000, "netIncome": -3300000, "netIncomeRatio": -0.0431937173, "eps": -0.16, "epsdiluted": -0.16, "weightedAverageShsOut": 20625000, "weightedAverageShsOutDil": 20625000, "link": "https://www.sec.gov/Archives/edgar/data/860731/000095013498002441/0000950134-98-002441-index.html", "finalLink": "https://www.sec.gov/Archives/edgar/data/860731/", "calculatedOtherExpenses": 2100000, "calculatedOperatingExpenses": 34000000, "calculatedNetInterest": 0, "calculatedOtherIncome": 800000, "calculatedIncomeNonControlling": 4500000, "calculatedEbitda": 2700000}, {"date": "1996-12-31", "symbol": "TYL", "reportedCurrency": "USD", "cik": "0000860731", "fillingDate": "1997-03-10", "acceptedDate": "1997-03-10 00:00:00", "calendarYear": "1996", "period": "FY", "revenue": 128400000, "costOfRevenue": 56900000, "grossProfit": 71500000, "grossProfitRatio": 0.5568535826, "researchAndDevelopmentExpenses": 0, "generalAndAdministrativeExpenses": 0, "sellingAndMarketingExpenses": 0, "sellingGeneralAndAdministrativeExpenses": 79500000, "otherExpenses": 4500000, "operatingExpenses": 84000000, "costAndExpenses": 140900000, "interestIncome": 0, "interestExpense": 0, "depreciationAndAmortization": 4500000, "ebitda": 43800000, "ebitdaratio": 0.3411214953, "operatingIncome": -12500000, "operatingIncomeRatio": -0.0973520249, "totalOtherIncomeExpensesNet": -51800000, "incomeBeforeTax": -64300000, "incomeBeforeTaxRatio": -0.5007788162, "incomeTaxExpense": -4300000, "netIncome": -61300000, "netIncomeRatio": -0.4774143302, "eps": -3.09, "epsdiluted": -3.09, "weightedAverageShsOut": 19838188, "weightedAverageShsOutDil": 19838188, "link": "https://www.sec.gov/Archives/edgar/data/860731/000095013497001663/0000950134-97-001663-index.html", "finalLink": "https://www.sec.gov/Archives/edgar/data/860731/", "calculatedOtherExpenses": 4500000, "calculatedOperatingExpenses": 84000000, "calculatedNetInterest": 0, "calculatedOtherIncome": -51800000, "calculatedIncomeNonControlling": 1300000, "calculatedEbitda": -8000000}, {"date": "1995-12-31", "symbol": "TYL", "reportedCurrency": "USD", "cik": "0000860731", "fillingDate": "1995-12-31", "acceptedDate": "1995-12-30 19:00:00", "calendarYear": "1995", "period": "FY", "revenue": 140600000, "costOfRevenue": 60000000, "grossProfit": 80600000, "grossProfitRatio": 0.573257468, "researchAndDevelopmentExpenses": 0, "generalAndAdministrativeExpenses": 0, "sellingAndMarketingExpenses": 0, "sellingGeneralAndAdministrativeExpenses": 73500000, "otherExpenses": 4600000, "operatingExpenses": 78100000, "costAndExpenses": 138100000, "interestIncome": 0, "interestExpense": 0, "depreciationAndAmortization": 4600000, "ebitda": 7100000, "ebitdaratio": 0.0504978663, "operatingIncome": 2500000, "operatingIncomeRatio": 0.0177809388, "totalOtherIncomeExpensesNet": -2600000, "incomeBeforeTax": -100000, "incomeBeforeTaxRatio": -0.0007112376, "incomeTaxExpense": 600000, "netIncome": -17000000, "netIncomeRatio": -0.1209103841, "eps": -0.86, "epsdiluted": -0.86, "weightedAverageShsOut": 19882353, "weightedAverageShsOutDil": 19882353, "link": "", "finalLink": "", "calculatedOtherExpenses": 4600000, "calculatedOperatingExpenses": 78100000, "calculatedNetInterest": 0, "calculatedOtherIncome": -2600000, "calculatedIncomeNonControlling": 16300000, "calculatedEbitda": 7100000}, {"date": "1994-12-31", "symbol": "TYL", "reportedCurrency": "USD", "cik": "0000860731", "fillingDate": "1994-12-31", "acceptedDate": "1994-12-30 19:00:00", "calendarYear": "1994", "period": "FY", "revenue": 357900000, "costOfRevenue": 243400000, "grossProfit": 114500000, "grossProfitRatio": 0.3199217659, "researchAndDevelopmentExpenses": 0, "generalAndAdministrativeExpenses": 0, "sellingAndMarketingExpenses": 0, "sellingGeneralAndAdministrativeExpenses": 103400000, "otherExpenses": 12800000, "operatingExpenses": 116200000, "costAndExpenses": 359600000, "interestIncome": 0, "interestExpense": 0, "depreciationAndAmortization": 12800000, "ebitda": 11100000, "ebitdaratio": 0.0310142498, "operatingIncome": -1700000, "operatingIncomeRatio": -0.0047499301, "totalOtherIncomeExpensesNet": -3900000, "incomeBeforeTax": -5600000, "incomeBeforeTaxRatio": -0.0156468287, "incomeTaxExpense": -900000, "netIncome": -4700000, "netIncomeRatio": -0.0131321598, "eps": -0.23, "epsdiluted": -0.23, "weightedAverageShsOut": 20000000, "weightedAverageShsOutDil": 20000000, "link": "", "finalLink": "", "calculatedOtherExpenses": 12800000, "calculatedOperatingExpenses": 116200000, "calculatedNetInterest": 0, "calculatedOtherIncome": -3900000, "calculatedIncomeNonControlling": 0, "calculatedEbitda": 11100000}, {"date": "1993-12-31", "symbol": "TYL", "reportedCurrency": "USD", "cik": "0000860731", "fillingDate": "1993-12-31", "acceptedDate": "1993-12-30 19:00:00", "calendarYear": "1993", "period": "FY", "revenue": 282400000, "costOfRevenue": 210400000, "grossProfit": 72000000, "grossProfitRatio": 0.2549575071, "researchAndDevelopmentExpenses": 0, "generalAndAdministrativeExpenses": 0, "sellingAndMarketingExpenses": 0, "sellingGeneralAndAdministrativeExpenses": 58000000, "otherExpenses": 10600000, "operatingExpenses": 68600000, "costAndExpenses": 279000000, "interestIncome": 0, "interestExpense": 0, "depreciationAndAmortization": 10600000, "ebitda": 14000000, "ebitdaratio": 0.0495750708, "operatingIncome": 3400000, "operatingIncomeRatio": 0.0120396601, "totalOtherIncomeExpensesNet": -500000, "incomeBeforeTax": 2900000, "incomeBeforeTaxRatio": 0.0102691218, "incomeTaxExpense": 1600000, "netIncome": -2300000, "netIncomeRatio": -0.0081444759, "eps": -0.13, "epsdiluted": -0.13, "weightedAverageShsOut": 17692308, "weightedAverageShsOutDil": 17692308, "link": "", "finalLink": "", "calculatedOtherExpenses": 10600000, "calculatedOperatingExpenses": 68600000, "calculatedNetInterest": 0, "calculatedOtherIncome": -500000, "calculatedIncomeNonControlling": 3600000, "calculatedEbitda": 14000000}, {"date": "1992-12-31", "symbol": "TYL", "reportedCurrency": "USD", "cik": "0000860731", "fillingDate": "1992-12-31", "acceptedDate": "1992-12-30 19:00:00", "calendarYear": "1992", "period": "FY", "revenue": 286200000, "costOfRevenue": 212800000, "grossProfit": 73400000, "grossProfitRatio": 0.2564640112, "researchAndDevelopmentExpenses": 0, "generalAndAdministrativeExpenses": 0, "sellingAndMarketingExpenses": 0, "sellingGeneralAndAdministrativeExpenses": 55700000, "otherExpenses": 11000000, "operatingExpenses": 66700000, "costAndExpenses": 279500000, "interestIncome": 0, "interestExpense": 0, "depreciationAndAmortization": 11000000, "ebitda": 17700000, "ebitdaratio": 0.0618448637, "operatingIncome": 6700000, "operatingIncomeRatio": 0.0234102027, "totalOtherIncomeExpensesNet": -600000, "incomeBeforeTax": 6100000, "incomeBeforeTaxRatio": 0.0213137666, "incomeTaxExpense": 2900000, "netIncome": 3200000, "netIncomeRatio": 0.0111809923, "eps": 0.16, "epsdiluted": 0.16, "weightedAverageShsOut": 20000000, "weightedAverageShsOutDil": 20000000, "link": "", "finalLink": "", "calculatedOtherExpenses": 11000000, "calculatedOperatingExpenses": 66700000, "calculatedNetInterest": 0, "calculatedOtherIncome": -600000, "calculatedIncomeNonControlling": 0, "calculatedEbitda": 17700000}, {"date": "1991-12-31", "symbol": "TYL", "reportedCurrency": "USD", "cik": "0000860731", "fillingDate": "1991-12-31", "acceptedDate": "1991-12-30 19:00:00", "calendarYear": "1991", "period": "FY", "revenue": 266400000, "costOfRevenue": 205100000, "grossProfit": 61300000, "grossProfitRatio": 0.2301051051, "researchAndDevelopmentExpenses": 0, "generalAndAdministrativeExpenses": 0, "sellingAndMarketingExpenses": 0, "sellingGeneralAndAdministrativeExpenses": 47500000, "otherExpenses": 10400000, "operatingExpenses": 57900000, "costAndExpenses": 263000000, "interestIncome": 0, "interestExpense": 0, "depreciationAndAmortization": 10400000, "ebitda": 13800000, "ebitdaratio": 0.0518018018, "operatingIncome": 3400000, "operatingIncomeRatio": 0.0127627628, "totalOtherIncomeExpensesNet": -800000, "incomeBeforeTax": 2600000, "incomeBeforeTaxRatio": 0.0097597598, "incomeTaxExpense": 1400000, "netIncome": 1200000, "netIncomeRatio": 0.0045045045, "eps": 0.06, "epsdiluted": 0.06, "weightedAverageShsOut": 20000000, "weightedAverageShsOutDil": 20000000, "link": "", "finalLink": "", "calculatedOtherExpenses": 10400000, "calculatedOperatingExpenses": 57900000, "calculatedNetInterest": 0, "calculatedOtherIncome": -800000, "calculatedIncomeNonControlling": 0, "calculatedEbitda": 13800000}, {"date": "1990-12-31", "symbol": "TYL", "reportedCurrency": "USD", "cik": "0000860731", "fillingDate": "1990-12-31", "acceptedDate": "1990-12-30 19:00:00", "calendarYear": "1990", "period": "FY", "revenue": 217600000, "costOfRevenue": 177400000, "grossProfit": 40200000, "grossProfitRatio": 0.1847426471, "researchAndDevelopmentExpenses": 0, "generalAndAdministrativeExpenses": 0, "sellingAndMarketingExpenses": 0, "sellingGeneralAndAdministrativeExpenses": 26600000, "otherExpenses": 8700000, "operatingExpenses": 35300000, "costAndExpenses": 212700000, "interestIncome": 0, "interestExpense": 0, "depreciationAndAmortization": 8700000, "ebitda": 13600000, "ebitdaratio": 0.0625, "operatingIncome": 4900000, "operatingIncomeRatio": 0.0225183824, "totalOtherIncomeExpensesNet": 500000, "incomeBeforeTax": 5400000, "incomeBeforeTaxRatio": 0.0248161765, "incomeTaxExpense": 1900000, "netIncome": 3600000, "netIncomeRatio": 0.0165441176, "eps": 0.17, "epsdiluted": 0.17, "weightedAverageShsOut": 21176471, "weightedAverageShsOutDil": 21176471, "link": "", "finalLink": "", "calculatedOtherExpenses": 8700000, "calculatedOperatingExpenses": 35300000, "calculatedNetInterest": 0, "calculatedOtherIncome": 500000, "calculatedIncomeNonControlling": -100000, "calculatedEbitda": 13600000}, {"date": "1989-12-31", "symbol": "TYL", "reportedCurrency": "USD", "cik": "0000860731", "fillingDate": "1989-12-31", "acceptedDate": "1989-12-30 19:00:00", "calendarYear": "1989", "period": "FY", "revenue": 189400000, "costOfRevenue": 155200000, "grossProfit": 34200000, "grossProfitRatio": 0.1805702218, "researchAndDevelopmentExpenses": 0, "generalAndAdministrativeExpenses": 0, "sellingAndMarketingExpenses": 0, "sellingGeneralAndAdministrativeExpenses": 28300000, "otherExpenses": 8800000, "operatingExpenses": 37100000, "costAndExpenses": 192300000, "interestIncome": 0, "interestExpense": 0, "depreciationAndAmortization": 8800000, "ebitda": 5900000, "ebitdaratio": 0.0311510032, "operatingIncome": -2900000, "operatingIncomeRatio": -0.01531151, "totalOtherIncomeExpensesNet": -300000, "incomeBeforeTax": -3200000, "incomeBeforeTaxRatio": -0.0168954593, "incomeTaxExpense": -900000, "netIncome": 1400000, "netIncomeRatio": 0.0073917635, "eps": 0.07, "epsdiluted": 0.07, "weightedAverageShsOut": 20000000, "weightedAverageShsOutDil": 20000000, "link": "", "finalLink": "", "calculatedOtherExpenses": 8800000, "calculatedOperatingExpenses": 37100000, "calculatedNetInterest": 0, "calculatedOtherIncome": -300000, "calculatedIncomeNonControlling": -3700000, "calculatedEbitda": 5900000}, {"date": "1988-12-31", "symbol": "TYL", "reportedCurrency": "USD", "cik": "0000860731", "fillingDate": "1988-12-31", "acceptedDate": "1988-12-30 19:00:00", "calendarYear": "1988", "period": "FY", "revenue": 179200000, "costOfRevenue": 145800000, "grossProfit": 33400000, "grossProfitRatio": 0.1863839286, "researchAndDevelopmentExpenses": 0, "generalAndAdministrativeExpenses": 0, "sellingAndMarketingExpenses": 0, "sellingGeneralAndAdministrativeExpenses": 26000000, "otherExpenses": 8700000, "operatingExpenses": 34700000, "costAndExpenses": 180500000, "interestIncome": 0, "interestExpense": 0, "depreciationAndAmortization": 8700000, "ebitda": 7400000, "ebitdaratio": 0.0412946429, "operatingIncome": -1300000, "operatingIncomeRatio": -0.0072544643, "totalOtherIncomeExpensesNet": -300000, "incomeBeforeTax": -1600000, "incomeBeforeTaxRatio": -0.0089285714, "incomeTaxExpense": -300000, "netIncome": 21000000, "netIncomeRatio": 0.1171875, "eps": 1.11, "epsdiluted": 1.11, "weightedAverageShsOut": 18918919, "weightedAverageShsOutDil": 18918919, "link": "", "finalLink": "", "calculatedOtherExpenses": 8700000, "calculatedOperatingExpenses": 34700000, "calculatedNetInterest": 0, "calculatedOtherIncome": -300000, "calculatedIncomeNonControlling": -22300000, "calculatedEbitda": 7400000}]}