{"originalCurrency": "USD", "convertedCurrency": "USD", "report": [{"date": "2023-03-31", "symbol": "UA", "reportedCurrency": "USD", "cik": "0001336917", "fillingDate": "2023-05-24", "acceptedDate": "2023-05-24 17:31:32", "calendarYear": "2023", "period": "FY", "revenue": 5903636000, "costOfRevenue": 3254296000, "grossProfit": 2649340000, "grossProfitRatio": 0.4487641176, "researchAndDevelopmentExpenses": 0, "generalAndAdministrativeExpenses": 0, "sellingAndMarketingExpenses": 0, "sellingGeneralAndAdministrativeExpenses": 2365529000, "otherExpenses": 16780000, "operatingExpenses": 2365529000, "costAndExpenses": 5619825000, "interestIncome": 0, "interestExpense": -12826000, "depreciationAndAmortization": 137620000, "ebitda": 421431000, "ebitdaratio": 0.0713849905, "operatingIncome": 283811000, "operatingIncomeRatio": 0.0480739327, "totalOtherIncomeExpensesNet": 16780000, "incomeBeforeTax": 287765000, "incomeBeforeTaxRatio": 0.0487436895, "incomeTaxExpense": -101046000, "netIncome": 386769000, "netIncomeRatio": 0.0655136936, "eps": 0.86, "epsdiluted": 0.84, "weightedAverageShsOut": 451426000, "weightedAverageShsOutDil": 461509000, "link": "https://www.sec.gov/Archives/edgar/data/1336917/000133691723000021/0001336917-23-000021-index.htm", "finalLink": "https://www.sec.gov/Archives/edgar/data/1336917/000133691723000021/ua-20230331.htm", "calculatedOtherExpenses": 0, "calculatedOperatingExpenses": 2365529000, "calculatedNetInterest": 12826000, "calculatedOtherIncome": -8872000, "calculatedIncomeNonControlling": 2042000, "calculatedEbitda": 421431000}, {"date": "2021-12-31", "symbol": "UA", "reportedCurrency": "USD", "cik": "0001336917", "fillingDate": "2022-02-23", "acceptedDate": "2022-02-23 16:59:12", "calendarYear": "2022", "period": "FY", "revenue": 5683466000, "costOfRevenue": 2821967000, "grossProfit": 2861499000, "grossProfitRatio": 0.5034778074, "researchAndDevelopmentExpenses": 0, "generalAndAdministrativeExpenses": 0, "sellingAndMarketingExpenses": 0, "sellingGeneralAndAdministrativeExpenses": 2334691000, "otherExpenses": -51113000, "operatingExpenses": 2334691000, "costAndExpenses": 5156658000, "interestIncome": 0, "interestExpense": -44300000, "depreciationAndAmortization": 222180000, "ebitda": 708470000, "ebitdaratio": 0.1246545682, "operatingIncome": 486290000, "operatingIncomeRatio": 0.0855622256, "totalOtherIncomeExpensesNet": -95413000, "incomeBeforeTax": 390877000, "incomeBeforeTaxRatio": 0.0687744063, "incomeTaxExpense": 32072000, "netIncome": 360060000, "netIncomeRatio": 0.0633521869, "eps": 0.77, "epsdiluted": 0.77, "weightedAverageShsOut": 465504000, "weightedAverageShsOutDil": 468644000, "link": "https://www.sec.gov/Archives/edgar/data/1336917/000133691722000010/0001336917-22-000010-index.htm", "finalLink": "https://www.sec.gov/Archives/edgar/data/1336917/000133691722000010/ua-20211231.htm", "calculatedOtherExpenses": 40518000, "calculatedOperatingExpenses": 2375209000, "calculatedNetInterest": 44300000, "calculatedOtherIncome": -139713000, "calculatedIncomeNonControlling": -1255000, "calculatedEbitda": 708470000}, {"date": "2020-12-31", "symbol": "UA", "reportedCurrency": "USD", "cik": "0001336917", "fillingDate": "2021-02-24", "acceptedDate": "2021-02-24 10:55:20", "calendarYear": "2021", "period": "FY", "revenue": 4474667000, "costOfRevenue": 2314572000, "grossProfit": 2160095000, "grossProfitRatio": 0.4827387155, "researchAndDevelopmentExpenses": 0, "generalAndAdministrativeExpenses": 0, "sellingAndMarketingExpenses": 0, "sellingGeneralAndAdministrativeExpenses": 2171934000, "otherExpenses": 168153000, "operatingExpenses": 2171934000, "costAndExpenses": 4486506000, "interestIncome": 0, "interestExpense": 47259000, "depreciationAndAmortization": 164984000, "ebitda": 321298000, "ebitdaratio": 0.0718037789, "operatingIncome": 156314000, "operatingIncomeRatio": 0.0349331023, "totalOtherIncomeExpensesNet": -648858000, "incomeBeforeTax": -492544000, "incomeBeforeTaxRatio": -0.1100738893, "incomeTaxExpense": 49387000, "netIncome": -541931000, "netIncomeRatio": -0.1211109117, "eps": -1.19, "epsdiluted": -1.19, "weightedAverageShsOut": 453865289, "weightedAverageShsOutDil": 454089000, "link": "https://www.sec.gov/Archives/edgar/data/1336917/000133691721000009/0001336917-21-000009-index.htm", "finalLink": "https://www.sec.gov/Archives/edgar/data/1336917/000133691721000009/ua-20201231.htm", "calculatedOtherExpenses": -168153000, "calculatedOperatingExpenses": 2003781000, "calculatedNetInterest": -47259000, "calculatedOtherIncome": -601599000, "calculatedIncomeNonControlling": 0, "calculatedEbitda": 321298000}, {"date": "2019-12-31", "symbol": "UA", "reportedCurrency": "USD", "cik": "0001336917", "fillingDate": "2020-02-26", "acceptedDate": "2020-02-26 16:03:39", "calendarYear": "2020", "period": "FY", "revenue": 5267132000, "costOfRevenue": 2796599000, "grossProfit": 2470533000, "grossProfitRatio": 0.4690471019, "researchAndDevelopmentExpenses": 0, "generalAndAdministrativeExpenses": 0, "sellingAndMarketingExpenses": 0, "sellingGeneralAndAdministrativeExpenses": 2233763000, "otherExpenses": -5688000, "operatingExpenses": 2233763000, "costAndExpenses": 5030362000, "interestIncome": 0, "interestExpense": 21240000, "depreciationAndAmortization": 180737000, "ebitda": 417507000, "ebitdaratio": 0.0792664775, "operatingIncome": 236770000, "operatingIncomeRatio": 0.0449523574, "totalOtherIncomeExpensesNet": -26928000, "incomeBeforeTax": 209842000, "incomeBeforeTaxRatio": 0.0398398977, "incomeTaxExpense": 70024000, "netIncome": 139818000, "netIncomeRatio": 0.0265453761, "eps": 0.31, "epsdiluted": 0.31, "weightedAverageShsOut": 450964000, "weightedAverageShsOutDil": 454274000, "link": "https://www.sec.gov/Archives/edgar/data/1336917/000133691720000010/0001336917-20-000010-index.htm", "finalLink": "https://www.sec.gov/Archives/edgar/data/1336917/000133691720000010/ua-20191231.htm", "calculatedOtherExpenses": 0, "calculatedOperatingExpenses": 2233763000, "calculatedNetInterest": -21240000, "calculatedOtherIncome": -5688000, "calculatedIncomeNonControlling": 0, "calculatedEbitda": 417507000}, {"date": "2018-12-31", "symbol": "UA", "reportedCurrency": "USD", "cik": "0001336917", "fillingDate": "2019-02-25", "acceptedDate": "2019-02-22 18:55:11", "calendarYear": "2019", "period": "FY", "revenue": 5193185000, "costOfRevenue": 2852714000, "grossProfit": 2340471000, "grossProfitRatio": 0.4506812293, "researchAndDevelopmentExpenses": 0, "generalAndAdministrativeExpenses": 0, "sellingAndMarketingExpenses": 0, "sellingGeneralAndAdministrativeExpenses": 2182339000, "otherExpenses": -9203000, "operatingExpenses": 2182339000, "costAndExpenses": 5035053000, "interestIncome": 0, "interestExpense": 33568000, "depreciationAndAmortization": 181768000, "ebitda": 330697000, "ebitdaratio": 0.0636790332, "operatingIncome": -25017000, "operatingIncomeRatio": -0.0048172749, "totalOtherIncomeExpensesNet": -192352000, "incomeBeforeTax": -67788000, "incomeBeforeTaxRatio": -0.0130532611, "incomeTaxExpense": -20552000, "netIncome": -46302000, "netIncomeRatio": -0.0089159158, "eps": -0.1, "epsdiluted": -0.1, "weightedAverageShsOut": 445815000, "weightedAverageShsOutDil": 445815000, "link": "https://www.sec.gov/Archives/edgar/data/1336917/000133691719000011/0001336917-19-000011-index.htm", "finalLink": "https://www.sec.gov/Archives/edgar/data/1336917/000133691719000011/ua-20181231.htm", "calculatedOtherExpenses": 183149000, "calculatedOperatingExpenses": 2365488000, "calculatedNetInterest": -33568000, "calculatedOtherIncome": -9203000, "calculatedIncomeNonControlling": -934000, "calculatedEbitda": 156751000}, {"date": "2017-12-31", "symbol": "UA", "reportedCurrency": "USD", "cik": "0001336917", "fillingDate": "2018-02-28", "acceptedDate": "2018-02-28 10:43:52", "calendarYear": "2018", "period": "FY", "revenue": 4976553000, "costOfRevenue": 2737830000, "grossProfit": 2238723000, "grossProfitRatio": 0.449854146, "researchAndDevelopmentExpenses": 0, "generalAndAdministrativeExpenses": 0, "sellingAndMarketingExpenses": 0, "sellingGeneralAndAdministrativeExpenses": 2086831000, "otherExpenses": -3614000, "operatingExpenses": 2086831000, "costAndExpenses": 4824661000, "interestIncome": 0, "interestExpense": 34538000, "depreciationAndAmortization": 173747000, "ebitda": 148278000, "ebitdaratio": 0.0297953222, "operatingIncome": 27843000, "operatingIncomeRatio": 0.0055948364, "totalOtherIncomeExpensesNet": -127663000, "incomeBeforeTax": -10309000, "incomeBeforeTaxRatio": -0.0020715142, "incomeTaxExpense": 37951000, "netIncome": -48260000, "netIncomeRatio": -0.0096974753, "eps": -0.11, "epsdiluted": -0.11, "weightedAverageShsOut": 440729000, "weightedAverageShsOutDil": 440729000, "link": "https://www.sec.gov/Archives/edgar/data/1336917/000133691718000009/0001336917-18-000009-index.htm", "finalLink": "https://www.sec.gov/Archives/edgar/data/1336917/000133691718000009/ua-20171231x10k.htm", "calculatedOtherExpenses": 124049000, "calculatedOperatingExpenses": 2210880000, "calculatedNetInterest": -34538000, "calculatedOtherIncome": -3614000, "calculatedIncomeNonControlling": 0, "calculatedEbitda": 201590000}, {"date": "2016-12-31", "symbol": "UA", "reportedCurrency": "USD", "cik": "0001336917", "fillingDate": "2017-02-23", "acceptedDate": "2017-02-23 16:03:38", "calendarYear": "2017", "period": "FY", "revenue": 4828186000, "costOfRevenue": 2584724000, "grossProfit": 2243462000, "grossProfitRatio": 0.464659398, "researchAndDevelopmentExpenses": 0, "generalAndAdministrativeExpenses": 0, "sellingAndMarketingExpenses": 0, "sellingGeneralAndAdministrativeExpenses": 1823140000, "otherExpenses": -2755000, "operatingExpenses": 1823140000, "costAndExpenses": 4407864000, "interestIncome": 0, "interestExpense": 26434000, "depreciationAndAmortization": 144770000, "ebitda": 562337000, "ebitdaratio": 0.1164696223, "operatingIncome": 420322000, "operatingIncomeRatio": 0.0870558839, "totalOtherIncomeExpensesNet": -2755000, "incomeBeforeTax": 391133000, "incomeBeforeTaxRatio": 0.0810103422, "incomeTaxExpense": 132473000, "netIncome": 258660000, "netIncomeRatio": 0.0535729154, "eps": 0.46, "epsdiluted": 0.45, "weightedAverageShsOut": 436330000, "weightedAverageShsOutDil": 444905000, "link": "https://www.sec.gov/Archives/edgar/data/1336917/000133691717000017/0001336917-17-000017-index.htm", "finalLink": "https://www.sec.gov/Archives/edgar/data/1336917/000133691717000017/ua-20161231x10k.htm", "calculatedOtherExpenses": 0, "calculatedOperatingExpenses": 1823140000, "calculatedNetInterest": -26434000, "calculatedOtherIncome": -2755000, "calculatedIncomeNonControlling": 0, "calculatedEbitda": 565092000}, {"date": "2015-12-31", "symbol": "UA", "reportedCurrency": "USD", "cik": "0001336917", "fillingDate": "2016-02-22", "acceptedDate": "2016-02-19 17:42:07", "calendarYear": "2016", "period": "FY", "revenue": 3963313000, "costOfRevenue": 2057766000, "grossProfit": 1905547000, "grossProfitRatio": 0.4807964953, "researchAndDevelopmentExpenses": 0, "generalAndAdministrativeExpenses": 0, "sellingAndMarketingExpenses": 0, "sellingGeneralAndAdministrativeExpenses": 1497000000, "otherExpenses": -7234000, "operatingExpenses": 1497000000, "costAndExpenses": 3554766000, "interestIncome": 0, "interestExpense": 14628000, "depreciationAndAmortization": 100940000, "ebitda": 502253000, "ebitdaratio": 0.126725545, "operatingIncome": 408547000, "operatingIncomeRatio": 0.1030821941, "totalOtherIncomeExpensesNet": -7234000, "incomeBeforeTax": 386685000, "incomeBeforeTaxRatio": 0.0975661019, "incomeTaxExpense": 154112000, "netIncome": 232573000, "netIncomeRatio": 0.0586814617, "eps": 0.54, "epsdiluted": 0.53, "weightedAverageShsOut": 430996000, "weightedAverageShsOutDil": 441736000, "link": "https://www.sec.gov/Archives/edgar/data/1336917/000133691716000064/0001336917-16-000064-index.htm", "finalLink": "https://www.sec.gov/Archives/edgar/data/1336917/000133691716000064/ua-20151231x10k.htm", "calculatedOtherExpenses": 0, "calculatedOperatingExpenses": 1497000000, "calculatedNetInterest": -14628000, "calculatedOtherIncome": -7234000, "calculatedIncomeNonControlling": 0, "calculatedEbitda": 509487000}, {"date": "2014-12-31", "symbol": "UA", "reportedCurrency": "USD", "cik": "0001336917", "fillingDate": "2015-02-20", "acceptedDate": "2015-02-20 16:54:47", "calendarYear": "2015", "period": "FY", "revenue": 3084370000, "costOfRevenue": 1572164000, "grossProfit": 1512206000, "grossProfitRatio": 0.490280349, "researchAndDevelopmentExpenses": 0, "generalAndAdministrativeExpenses": 0, "sellingAndMarketingExpenses": 0, "sellingGeneralAndAdministrativeExpenses": 1158251000, "otherExpenses": -6410000, "operatingExpenses": 1158251000, "costAndExpenses": 2730415000, "interestIncome": 0, "interestExpense": 5335000, "depreciationAndAmortization": 72093000, "ebitda": 419638000, "ebitdaratio": 0.1360530676, "operatingIncome": 353955000, "operatingIncomeRatio": 0.1147576328, "totalOtherIncomeExpensesNet": -6410000, "incomeBeforeTax": 342210000, "incomeBeforeTaxRatio": 0.1109497239, "incomeTaxExpense": 134168000, "netIncome": 208042000, "netIncomeRatio": 0.0674504032, "eps": 0.49, "epsdiluted": 0.48, "weightedAverageShsOut": 426454000, "weightedAverageShsOutDil": 438760000, "link": "https://www.sec.gov/Archives/edgar/data/1336917/000133691715000006/0001336917-15-000006-index.htm", "finalLink": "https://www.sec.gov/Archives/edgar/data/1336917/000133691715000006/ua-20141231x10k.htm", "calculatedOtherExpenses": 0, "calculatedOperatingExpenses": 1158251000, "calculatedNetInterest": -5335000, "calculatedOtherIncome": -6410000, "calculatedIncomeNonControlling": 0, "calculatedEbitda": 426048000}, {"date": "2013-12-31", "symbol": "UA", "reportedCurrency": "USD", "cik": "0001336917", "fillingDate": "2014-02-21", "acceptedDate": "2014-02-21 15:05:19", "calendarYear": "2014", "period": "FY", "revenue": 2332051000, "costOfRevenue": 1195381000, "grossProfit": 1136670000, "grossProfitRatio": 0.4874121535, "researchAndDevelopmentExpenses": 0, "generalAndAdministrativeExpenses": 0, "sellingAndMarketingExpenses": 0, "sellingGeneralAndAdministrativeExpenses": 871572000, "otherExpenses": -1172000, "operatingExpenses": 871572000, "costAndExpenses": 2066953000, "interestIncome": 0, "interestExpense": 2933000, "depreciationAndAmortization": 50549000, "ebitda": 314475000, "ebitdaratio": 0.1348491092, "operatingIncome": 265098000, "operatingIncomeRatio": 0.1136759016, "totalOtherIncomeExpensesNet": -1172000, "incomeBeforeTax": 260993000, "incomeBeforeTaxRatio": 0.1119156485, "incomeTaxExpense": 98663000, "netIncome": 162330000, "netIncomeRatio": 0.0696082547, "eps": 0.39, "epsdiluted": 0.38, "weightedAverageShsOut": 421392000, "weightedAverageShsOutDil": 431916000, "link": "https://www.sec.gov/Archives/edgar/data/1336917/000133691714000008/0001336917-14-000008-index.htm", "finalLink": "https://www.sec.gov/Archives/edgar/data/1336917/000133691714000008/ua-20131231x10k.htm", "calculatedOtherExpenses": 0, "calculatedOperatingExpenses": 871572000, "calculatedNetInterest": -2933000, "calculatedOtherIncome": -1172000, "calculatedIncomeNonControlling": 0, "calculatedEbitda": 315647000}, {"date": "2012-12-31", "symbol": "UA", "reportedCurrency": "USD", "cik": "0001336917", "fillingDate": "2013-02-25", "acceptedDate": "2013-02-25 08:06:11", "calendarYear": "2013", "period": "FY", "revenue": 1834921000, "costOfRevenue": 955624000, "grossProfit": 879297000, "grossProfitRatio": 0.4792015569, "researchAndDevelopmentExpenses": 0, "generalAndAdministrativeExpenses": 0, "sellingAndMarketingExpenses": 0, "sellingGeneralAndAdministrativeExpenses": 670602000, "otherExpenses": -73000, "operatingExpenses": 670602000, "costAndExpenses": 1626226000, "interestIncome": 0, "interestExpense": 5183000, "depreciationAndAmortization": 43082000, "ebitda": 251704000, "ebitdaratio": 0.137174298, "operatingIncome": 208695000, "operatingIncomeRatio": 0.1137351417, "totalOtherIncomeExpensesNet": -73000, "incomeBeforeTax": 203439000, "incomeBeforeTaxRatio": 0.1108707132, "incomeTaxExpense": 74661000, "netIncome": 128778000, "netIncomeRatio": 0.070181768, "eps": 0.31, "epsdiluted": 0.31, "weightedAverageShsOut": 561372000, "weightedAverageShsOutDil": 561372000, "link": "https://www.sec.gov/Archives/edgar/data/1336917/000133691713000011/0001336917-13-000011-index.htm", "finalLink": "https://www.sec.gov/Archives/edgar/data/1336917/000133691713000011/ua-20121231x10k.htm", "calculatedOtherExpenses": 0, "calculatedOperatingExpenses": 670602000, "calculatedNetInterest": -5183000, "calculatedOtherIncome": -73000, "calculatedIncomeNonControlling": 0, "calculatedEbitda": 251777000}, {"date": "2011-12-31", "symbol": "UA", "reportedCurrency": "USD", "cik": "0001336917", "fillingDate": "2012-02-27", "acceptedDate": "2012-02-24 20:13:05", "calendarYear": "2012", "period": "FY", "revenue": 1472684000, "costOfRevenue": 759848000, "grossProfit": 712836000, "grossProfitRatio": 0.4840386668, "researchAndDevelopmentExpenses": 0, "generalAndAdministrativeExpenses": 0, "sellingAndMarketingExpenses": 0, "sellingGeneralAndAdministrativeExpenses": 550069000, "otherExpenses": 0, "operatingExpenses": 550069000, "costAndExpenses": 1309917000, "interestIncome": 0, "interestExpense": 3841000, "depreciationAndAmortization": 36301000, "ebitda": 199068000, "ebitdaratio": 0.1351736014, "operatingIncome": 162767000, "operatingIncomeRatio": 0.11052405, "totalOtherIncomeExpensesNet": -2064000, "incomeBeforeTax": 156862000, "incomeBeforeTaxRatio": 0.1065143642, "incomeTaxExpense": 59943000, "netIncome": 96919000, "netIncomeRatio": 0.0658111312, "eps": 0.24, "epsdiluted": 0.23, "weightedAverageShsOut": 412560000, "weightedAverageShsOutDil": 420208000, "link": "https://www.sec.gov/Archives/edgar/data/1336917/000119312512078826/0001193125-12-078826-index.htm", "finalLink": "https://www.sec.gov/Archives/edgar/data/1336917/000119312512078826/d225054d10k.htm", "calculatedOtherExpenses": 0, "calculatedOperatingExpenses": 550069000, "calculatedNetInterest": -3841000, "calculatedOtherIncome": -2064000, "calculatedIncomeNonControlling": 0, "calculatedEbitda": 199068000}, {"date": "2010-12-31", "symbol": "UA", "reportedCurrency": "USD", "cik": "0001336917", "fillingDate": "2011-02-24", "acceptedDate": "2011-02-24 11:39:51", "calendarYear": "2011", "period": "FY", "revenue": 1063927000, "costOfRevenue": 533420000, "grossProfit": 530507000, "grossProfitRatio": 0.4986310151, "researchAndDevelopmentExpenses": 0, "generalAndAdministrativeExpenses": 0, "sellingAndMarketingExpenses": 0, "sellingGeneralAndAdministrativeExpenses": 418152000, "otherExpenses": 0, "operatingExpenses": 418152000, "costAndExpenses": 951572000, "interestIncome": 0, "interestExpense": 2258000, "depreciationAndAmortization": 31321000, "ebitda": 143676000, "ebitdaratio": 0.1350430998, "operatingIncome": 112355000, "operatingIncomeRatio": 0.1056040499, "totalOtherIncomeExpensesNet": -1178000, "incomeBeforeTax": 108919000, "incomeBeforeTaxRatio": 0.102374505, "incomeTaxExpense": 40442000, "netIncome": 68477000, "netIncomeRatio": 0.0643624986, "eps": 0.17, "epsdiluted": 0.17, "weightedAverageShsOut": 406384000, "weightedAverageShsOutDil": 410256000, "link": "https://www.sec.gov/Archives/edgar/data/1336917/000119312511044799/0001193125-11-044799-index.htm", "finalLink": "https://www.sec.gov/Archives/edgar/data/1336917/000119312511044799/d10k.htm", "calculatedOtherExpenses": 0, "calculatedOperatingExpenses": 418152000, "calculatedNetInterest": -2258000, "calculatedOtherIncome": -1178000, "calculatedIncomeNonControlling": 0, "calculatedEbitda": 143676000}, {"date": "2009-12-31", "symbol": "UA", "reportedCurrency": "USD", "cik": "0001336917", "fillingDate": "2010-02-25", "acceptedDate": "2010-02-25 11:02:47", "calendarYear": "2010", "period": "FY", "revenue": 856411000, "costOfRevenue": 443386000, "grossProfit": 413025000, "grossProfitRatio": 0.4822742819, "researchAndDevelopmentExpenses": 0, "generalAndAdministrativeExpenses": 0, "sellingAndMarketingExpenses": 0, "sellingGeneralAndAdministrativeExpenses": 327752000, "otherExpenses": 0, "operatingExpenses": 327752000, "costAndExpenses": 771138000, "interestIncome": 0, "interestExpense": 2344000, "depreciationAndAmortization": 28249000, "ebitda": 85273000, "ebitdaratio": 0.099570183, "operatingIncome": 85273000, "operatingIncomeRatio": 0.099570183, "totalOtherIncomeExpensesNet": -511000, "incomeBeforeTax": 82418000, "incomeBeforeTaxRatio": 0.0962365033, "incomeTaxExpense": 35633000, "netIncome": 46785000, "netIncomeRatio": 0.0546291442, "eps": 0.12, "epsdiluted": 0.12, "weightedAverageShsOut": 398784000, "weightedAverageShsOutDil": 405200000, "link": "https://www.sec.gov/Archives/edgar/data/1336917/000119312510040052/0001193125-10-040052-index.htm", "finalLink": "https://www.sec.gov/Archives/edgar/data/1336917/000119312510040052/d10k.htm", "calculatedOtherExpenses": 0, "calculatedOperatingExpenses": 327752000, "calculatedNetInterest": -2344000, "calculatedOtherIncome": -511000, "calculatedIncomeNonControlling": 0, "calculatedEbitda": 113522000}, {"date": "2008-12-31", "symbol": "UA", "reportedCurrency": "USD", "cik": "0001336917", "fillingDate": "2009-02-20", "acceptedDate": "2009-02-20 13:34:23", "calendarYear": "2009", "period": "FY", "revenue": 725244000, "costOfRevenue": 370296000, "grossProfit": 354948000, "grossProfitRatio": 0.4894187336, "researchAndDevelopmentExpenses": 0, "generalAndAdministrativeExpenses": 0, "sellingAndMarketingExpenses": 0, "sellingGeneralAndAdministrativeExpenses": 278023000, "otherExpenses": 0, "operatingExpenses": 278023000, "costAndExpenses": 648319000, "interestIncome": 0, "interestExpense": -850000, "depreciationAndAmortization": 21347000, "ebitda": 83950000, "ebitdaratio": 0.1157541462, "operatingIncome": 76925000, "operatingIncomeRatio": 0.106067751, "totalOtherIncomeExpensesNet": -7025000, "incomeBeforeTax": 69900000, "incomeBeforeTaxRatio": 0.0963813558, "incomeTaxExpense": 31671000, "netIncome": 38229000, "netIncomeRatio": 0.0527119149, "eps": 0.0988, "epsdiluted": 0.0963, "weightedAverageShsOut": 388552000, "weightedAverageShsOutDil": 399120000, "link": "https://www.sec.gov/Archives/edgar/data/1336917/000119312509033942/0001193125-09-033942-index.htm", "finalLink": "https://www.sec.gov/Archives/edgar/data/1336917/000119312509033942/d10k.htm", "calculatedOtherExpenses": 0, "calculatedOperatingExpenses": 278023000, "calculatedNetInterest": 850000, "calculatedOtherIncome": -7875000, "calculatedIncomeNonControlling": 0, "calculatedEbitda": 98272000}, {"date": "2007-12-31", "symbol": "UA", "reportedCurrency": "USD", "cik": "0001336917", "fillingDate": "2008-02-22", "acceptedDate": "2008-02-22 09:05:46", "calendarYear": "2008", "period": "FY", "revenue": 606561000, "costOfRevenue": 301517000, "grossProfit": 305044000, "grossProfitRatio": 0.5029073745, "researchAndDevelopmentExpenses": 0, "generalAndAdministrativeExpenses": 0, "sellingAndMarketingExpenses": 0, "sellingGeneralAndAdministrativeExpenses": 218779000, "otherExpenses": 0, "operatingExpenses": 218779000, "costAndExpenses": 520296000, "interestIncome": 0, "interestExpense": 0, "depreciationAndAmortization": 14622000, "ebitda": 98109000, "ebitdaratio": 0.1617463042, "operatingIncome": 86265000, "operatingIncomeRatio": 0.1422198262, "totalOtherIncomeExpensesNet": 2778000, "incomeBeforeTax": 89043000, "incomeBeforeTaxRatio": 0.1467997448, "incomeTaxExpense": 36485000, "netIncome": 52558000, "netIncomeRatio": 0.0866491581, "eps": 0.14, "epsdiluted": 0.13, "weightedAverageShsOut": 384168000, "weightedAverageShsOutDil": 399672000, "link": "https://www.sec.gov/Archives/edgar/data/1336917/000119312508035854/0001193125-08-035854-index.htm", "finalLink": "https://www.sec.gov/Archives/edgar/data/1336917/000119312508035854/d10k.htm", "calculatedOtherExpenses": 0, "calculatedOperatingExpenses": 218779000, "calculatedNetInterest": 0, "calculatedOtherIncome": 2778000, "calculatedIncomeNonControlling": 0, "calculatedEbitda": 100887000}, {"date": "2006-12-31", "symbol": "UA", "reportedCurrency": "USD", "cik": "0001336917", "fillingDate": "2007-02-28", "acceptedDate": "2007-02-28 07:28:19", "calendarYear": "2007", "period": "FY", "revenue": 430689000, "costOfRevenue": 215089000, "grossProfit": 215600000, "grossProfitRatio": 0.5005932355, "researchAndDevelopmentExpenses": 0, "generalAndAdministrativeExpenses": 0, "sellingAndMarketingExpenses": 0, "sellingGeneralAndAdministrativeExpenses": 158323000, "otherExpenses": 0, "operatingExpenses": 158323000, "costAndExpenses": 373412000, "interestIncome": 0, "interestExpense": 0, "depreciationAndAmortization": 9824000, "ebitda": 65291000, "ebitdaratio": 0.1515966277, "operatingIncome": 57277000, "operatingIncomeRatio": 0.1329892335, "totalOtherIncomeExpensesNet": 1810000, "incomeBeforeTax": 59087000, "incomeBeforeTaxRatio": 0.137191802, "incomeTaxExpense": 20108000, "netIncome": 38979000, "netIncomeRatio": 0.0905038206, "eps": 0.1, "epsdiluted": 0.0988, "weightedAverageShsOut": 375864000, "weightedAverageShsOutDil": 396696000, "link": "https://www.sec.gov/Archives/edgar/data/1336917/000119312507041759/0001193125-07-041759-index.htm", "finalLink": "https://www.sec.gov/Archives/edgar/data/1336917/000119312507041759/d10k.htm", "calculatedOtherExpenses": 0, "calculatedOperatingExpenses": 158323000, "calculatedNetInterest": 0, "calculatedOtherIncome": 1810000, "calculatedIncomeNonControlling": 0, "calculatedEbitda": 67101000}, {"date": "2005-12-31", "symbol": "UA", "reportedCurrency": "USD", "cik": "0001336917", "fillingDate": "2006-03-15", "acceptedDate": "2006-03-15 16:56:25", "calendarYear": "2006", "period": "FY", "revenue": 281053000, "costOfRevenue": 145203000, "grossProfit": 135850000, "grossProfitRatio": 0.4833607896, "researchAndDevelopmentExpenses": 0, "generalAndAdministrativeExpenses": 0, "sellingAndMarketingExpenses": 0, "sellingGeneralAndAdministrativeExpenses": 99961000, "otherExpenses": 0, "operatingExpenses": 99961000, "costAndExpenses": 245164000, "interestIncome": 0, "interestExpense": 2915000, "depreciationAndAmortization": 6546000, "ebitda": 42435000, "ebitdaratio": 0.1509857571, "operatingIncome": 35889000, "operatingIncomeRatio": 0.1276947764, "totalOtherIncomeExpensesNet": -2915000, "incomeBeforeTax": 32974000, "incomeBeforeTaxRatio": 0.1173230672, "incomeTaxExpense": 13255000, "netIncome": 19719000, "netIncomeRatio": 0.070161144, "eps": 0.0488, "epsdiluted": 0.045, "weightedAverageShsOut": 297592000, "weightedAverageShsOutDil": 317488000, "link": "https://www.sec.gov/Archives/edgar/data/1336917/000119312506055119/0001193125-06-055119-index.htm", "finalLink": "https://www.sec.gov/Archives/edgar/data/1336917/000119312506055119/d10k.htm", "calculatedOtherExpenses": 0, "calculatedOperatingExpenses": 99961000, "calculatedNetInterest": -2915000, "calculatedOtherIncome": 0, "calculatedIncomeNonControlling": 0, "calculatedEbitda": 42435000}, {"date": "2004-12-31", "symbol": "UA", "reportedCurrency": "USD", "cik": "0001336917", "fillingDate": "2004-12-31", "acceptedDate": "2004-12-31 00:00:00", "calendarYear": "2005", "period": "FY", "revenue": 205181000, "costOfRevenue": 109748000, "grossProfit": 95433000, "grossProfitRatio": 0.4651161657, "researchAndDevelopmentExpenses": 0, "generalAndAdministrativeExpenses": 0, "sellingAndMarketingExpenses": 0, "sellingGeneralAndAdministrativeExpenses": 70053000, "otherExpenses": 0, "operatingExpenses": 70053000, "costAndExpenses": 179801000, "interestIncome": 0, "interestExpense": 0, "depreciationAndAmortization": 3174000, "ebitda": 28554000, "ebitdaratio": 0.1391649324, "operatingIncome": 25380000, "operatingIncomeRatio": 0.1236956638, "totalOtherIncomeExpensesNet": -1284000, "incomeBeforeTax": 24096000, "incomeBeforeTaxRatio": 0.1174377745, "incomeTaxExpense": 7774000, "netIncome": 16322000, "netIncomeRatio": 0.079549276, "eps": 0.0513, "epsdiluted": 0.0488, "weightedAverageShsOut": 280992000, "weightedAverageShsOutDil": 294192000, "link": null, "finalLink": null, "calculatedOtherExpenses": 0, "calculatedOperatingExpenses": 70053000, "calculatedNetInterest": 0, "calculatedOtherIncome": -1284000, "calculatedIncomeNonControlling": 0, "calculatedEbitda": 28554000}, {"date": "2003-12-31", "symbol": "UA", "reportedCurrency": "USD", "cik": "0001336917", "fillingDate": "2003-12-31", "acceptedDate": "2003-12-31 00:00:00", "calendarYear": "2004", "period": "FY", "revenue": 115419000, "costOfRevenue": 64757000, "grossProfit": 50662000, "grossProfitRatio": 0.4389398626, "researchAndDevelopmentExpenses": 0, "generalAndAdministrativeExpenses": 0, "sellingAndMarketingExpenses": 0, "sellingGeneralAndAdministrativeExpenses": 40709000, "otherExpenses": 0, "operatingExpenses": 40709000, "costAndExpenses": 105466000, "interestIncome": 0, "interestExpense": 0, "depreciationAndAmortization": 1171000, "ebitda": 11124000, "ebitdaratio": 0.096379279, "operatingIncome": 9953000, "operatingIncomeRatio": 0.0862336357, "totalOtherIncomeExpensesNet": -2214000, "incomeBeforeTax": 7739000, "incomeBeforeTaxRatio": 0.067051352, "incomeTaxExpense": 1991000, "netIncome": 5748000, "netIncomeRatio": 0.0498011593, "eps": 0.02, "epsdiluted": 0.0188, "weightedAverageShsOut": 256848000, "weightedAverageShsOutDil": 273168000, "link": null, "finalLink": null, "calculatedOtherExpenses": 0, "calculatedOperatingExpenses": 40709000, "calculatedNetInterest": 0, "calculatedOtherIncome": -2214000, "calculatedIncomeNonControlling": 0, "calculatedEbitda": 11124000}, {"date": "2002-12-31", "symbol": "UA", "reportedCurrency": "USD", "cik": "0001336917", "fillingDate": "2002-12-31", "acceptedDate": "2002-12-31 00:00:00", "calendarYear": "2003", "period": "FY", "revenue": 49550000, "costOfRevenue": 26329000, "grossProfit": 23221000, "grossProfitRatio": 0.4686377397, "researchAndDevelopmentExpenses": 0, "generalAndAdministrativeExpenses": 0, "sellingAndMarketingExpenses": 0, "sellingGeneralAndAdministrativeExpenses": 18908000, "otherExpenses": 0, "operatingExpenses": 18908000, "costAndExpenses": 45237000, "interestIncome": 0, "interestExpense": 0, "depreciationAndAmortization": 894000, "ebitda": 5207000, "ebitdaratio": 0.1050857719, "operatingIncome": 4313000, "operatingIncomeRatio": 0.0870433905, "totalOtherIncomeExpensesNet": -894000, "incomeBeforeTax": 3419000, "incomeBeforeTaxRatio": 0.0690010091, "incomeTaxExpense": 653000, "netIncome": 2766000, "netIncomeRatio": 0.0558224016, "eps": 0.0113, "epsdiluted": 0.01, "weightedAverageShsOut": 249600000, "weightedAverageShsOutDil": 263736000, "link": null, "finalLink": null, "calculatedOtherExpenses": 0, "calculatedOperatingExpenses": 18908000, "calculatedNetInterest": 0, "calculatedOtherIncome": -894000, "calculatedIncomeNonControlling": 0, "calculatedEbitda": 5207000}, {"date": "2001-12-31", "symbol": "UA", "reportedCurrency": "USD", "cik": "0001336917", "fillingDate": "2001-12-31", "acceptedDate": "2001-12-31 00:00:00", "calendarYear": "2002", "period": "FY", "revenue": 19732000, "costOfRevenue": 9348000, "grossProfit": 10384000, "grossProfitRatio": 0.5262517738, "researchAndDevelopmentExpenses": 0, "generalAndAdministrativeExpenses": 0, "sellingAndMarketingExpenses": 0, "sellingGeneralAndAdministrativeExpenses": 7035000, "otherExpenses": 0, "operatingExpenses": 7035000, "costAndExpenses": 16383000, "interestIncome": 0, "interestExpense": 0, "depreciationAndAmortization": 0, "ebitda": 3349000, "ebitdaratio": 0.1697243057, "operatingIncome": 3349000, "operatingIncomeRatio": 0.1697243057, "totalOtherIncomeExpensesNet": -305000, "incomeBeforeTax": 3044000, "incomeBeforeTaxRatio": 0.1542671802, "incomeTaxExpense": 36000, "netIncome": 3008000, "netIncomeRatio": 0.1524427326, "eps": 0.0163, "epsdiluted": 0.015, "weightedAverageShsOut": 185280000, "weightedAverageShsOutDil": 195864000, "link": null, "finalLink": null, "calculatedOtherExpenses": 0, "calculatedOperatingExpenses": 7035000, "calculatedNetInterest": 0, "calculatedOtherIncome": -305000, "calculatedIncomeNonControlling": 0, "calculatedEbitda": 3349000}]}