{"originalCurrency": "USD", "convertedCurrency": "USD", "report": [{"date": "2023-12-31", "symbol": "UAL", "reportedCurrency": "USD", "cik": "0000100517", "fillingDate": "2024-02-29", "acceptedDate": "2024-02-29 16:30:18", "calendarYear": "2023", "period": "FY", "revenue": 53717000000, "costOfRevenue": 46580000000, "grossProfit": 7137000000, "grossProfitRatio": 0.132862967, "researchAndDevelopmentExpenses": 0, "generalAndAdministrativeExpenses": 0, "sellingAndMarketingExpenses": 1977000000, "sellingGeneralAndAdministrativeExpenses": 1977000000, "otherExpenses": 96000000, "operatingExpenses": 1977000000, "costAndExpenses": 48557000000, "interestIncome": 827000000, "interestExpense": 1956000000, "depreciationAndAmortization": 2671000000, "ebitda": 7831000000, "ebitdaratio": 0.1457825269, "operatingIncome": 5160000000, "operatingIncomeRatio": 0.0960589757, "totalOtherIncomeExpensesNet": -1773000000, "incomeBeforeTax": 3387000000, "incomeBeforeTaxRatio": 0.0630526649, "incomeTaxExpense": 769000000, "netIncome": 2618000000, "netIncomeRatio": 0.0487368989, "eps": 7.99, "epsdiluted": 7.89, "weightedAverageShsOut": 327800000, "weightedAverageShsOutDil": 331900000, "link": "https://www.sec.gov/Archives/edgar/data/100517/000010051724000027/0000100517-24-000027-index.htm", "finalLink": "https://www.sec.gov/Archives/edgar/data/100517/000010051724000027/ual-20231231.htm", "calculatedOtherExpenses": 0, "calculatedOperatingExpenses": 1977000000, "calculatedNetInterest": -1129000000, "calculatedOtherIncome": -644000000, "calculatedIncomeNonControlling": 0, "calculatedEbitda": 7831000000}, {"date": "2022-12-31", "symbol": "UAL", "reportedCurrency": "USD", "cik": "0000100517", "fillingDate": "2023-02-16", "acceptedDate": "2023-02-16 17:27:38", "calendarYear": "2022", "period": "FY", "revenue": 44955000000, "costOfRevenue": 34315000000, "grossProfit": 10640000000, "grossProfitRatio": 0.2366811256, "researchAndDevelopmentExpenses": 0, "generalAndAdministrativeExpenses": 0, "sellingAndMarketingExpenses": 1535000000, "sellingGeneralAndAdministrativeExpenses": 1535000000, "otherExpenses": 6628000000, "operatingExpenses": 8163000000, "costAndExpenses": 42478000000, "interestIncome": 298000000, "interestExpense": 1673000000, "depreciationAndAmortization": 2456000000, "ebitda": 2783000000, "ebitdaratio": 0.0619063508, "operatingIncome": 327000000, "operatingIncomeRatio": 0.0072739406, "totalOtherIncomeExpensesNet": 663000000, "incomeBeforeTax": 990000000, "incomeBeforeTaxRatio": 0.022022022, "incomeTaxExpense": 253000000, "netIncome": 737000000, "netIncomeRatio": 0.0163941719, "eps": 2.26, "epsdiluted": 2.23, "weightedAverageShsOut": 326400000, "weightedAverageShsOutDil": 330100000, "link": "https://www.sec.gov/Archives/edgar/data/100517/000010051723000048/0000100517-23-000048-index.htm", "finalLink": "https://www.sec.gov/Archives/edgar/data/100517/000010051723000048/ual-20221231.htm", "calculatedOtherExpenses": 8778000000, "calculatedOperatingExpenses": 10313000000, "calculatedNetInterest": -1375000000, "calculatedOtherIncome": 2038000000, "calculatedIncomeNonControlling": 0, "calculatedEbitda": 2783000000}, {"date": "2021-12-31", "symbol": "UAL", "reportedCurrency": "USD", "cik": "0000100517", "fillingDate": "2022-02-18", "acceptedDate": "2022-02-18 16:16:13", "calendarYear": "2021", "period": "FY", "revenue": 24634000000, "costOfRevenue": 23913000000, "grossProfit": 721000000, "grossProfitRatio": 0.0292684907, "researchAndDevelopmentExpenses": 0, "generalAndAdministrativeExpenses": 0, "sellingAndMarketingExpenses": 677000000, "sellingGeneralAndAdministrativeExpenses": 677000000, "otherExpenses": 412000000, "operatingExpenses": 1089000000, "costAndExpenses": 25002000000, "interestIncome": 36000000, "interestExpense": 1577000000, "depreciationAndAmortization": 76000000, "ebitda": -292000000, "ebitdaratio": -0.0118535358, "operatingIncome": -368000000, "operatingIncomeRatio": -0.0149387026, "totalOtherIncomeExpensesNet": -2189000000, "incomeBeforeTax": -2557000000, "incomeBeforeTaxRatio": -0.1037996265, "incomeTaxExpense": -593000000, "netIncome": -1964000000, "netIncomeRatio": -0.0797272063, "eps": -6.1, "epsdiluted": -6.1, "weightedAverageShsOut": 321900000, "weightedAverageShsOutDil": 321900000, "link": "https://www.sec.gov/Archives/edgar/data/100517/000010051722000009/0000100517-22-000009-index.htm", "finalLink": "https://www.sec.gov/Archives/edgar/data/100517/000010051722000009/ual-20211231.htm", "calculatedOtherExpenses": 412000000, "calculatedOperatingExpenses": 1089000000, "calculatedNetInterest": -1541000000, "calculatedOtherIncome": -648000000, "calculatedIncomeNonControlling": 0, "calculatedEbitda": -292000000}, {"date": "2020-12-31", "symbol": "UAL", "reportedCurrency": "USD", "cik": "0000100517", "fillingDate": "2021-03-01", "acceptedDate": "2021-03-01 07:46:29", "calendarYear": "2020", "period": "FY", "revenue": 15355000000, "costOfRevenue": 20385000000, "grossProfit": -5030000000, "grossProfitRatio": -0.3275805926, "researchAndDevelopmentExpenses": 0, "generalAndAdministrativeExpenses": 0, "sellingAndMarketingExpenses": 459000000, "sellingGeneralAndAdministrativeExpenses": 459000000, "otherExpenses": 3486000000, "operatingExpenses": 3945000000, "costAndExpenses": 24330000000, "interestIncome": 50000000, "interestExpense": 992000000, "depreciationAndAmortization": -3893000000, "ebitda": -10252000000, "ebitdaratio": -0.6676652556, "operatingIncome": -6359000000, "operatingIncomeRatio": -0.4141322045, "totalOtherIncomeExpensesNet": -2463000000, "incomeBeforeTax": -8822000000, "incomeBeforeTaxRatio": -0.5745359818, "incomeTaxExpense": -1753000000, "netIncome": -7069000000, "netIncomeRatio": -0.4603712146, "eps": -25.3, "epsdiluted": -25.3, "weightedAverageShsOut": 279400000, "weightedAverageShsOutDil": 279400000, "link": "https://www.sec.gov/Archives/edgar/data/100517/000010051721000016/0000100517-21-000016-index.htm", "finalLink": "https://www.sec.gov/Archives/edgar/data/100517/000010051721000016/ual-20201231.htm", "calculatedOtherExpenses": 870000000, "calculatedOperatingExpenses": 1329000000, "calculatedNetInterest": -942000000, "calculatedOtherIncome": -1521000000, "calculatedIncomeNonControlling": 0, "calculatedEbitda": -10252000000}, {"date": "2019-12-31", "symbol": "UAL", "reportedCurrency": "USD", "cik": "0000100517", "fillingDate": "2020-02-25", "acceptedDate": "2020-02-24 21:53:59", "calendarYear": "2019", "period": "FY", "revenue": 43259000000, "costOfRevenue": 30786000000, "grossProfit": 12473000000, "grossProfitRatio": 0.2883330636, "researchAndDevelopmentExpenses": 0, "generalAndAdministrativeExpenses": 0, "sellingAndMarketingExpenses": 1651000000, "sellingGeneralAndAdministrativeExpenses": 1651000000, "otherExpenses": 6275000000, "operatingExpenses": 7926000000, "costAndExpenses": 38712000000, "interestIncome": 133000000, "interestExpense": 646000000, "depreciationAndAmortization": 2288000000, "ebitda": 4653000000, "ebitdaratio": 0.1075614323, "operatingIncome": 2365000000, "operatingIncomeRatio": 0.0546707044, "totalOtherIncomeExpensesNet": 1549000000, "incomeBeforeTax": 3914000000, "incomeBeforeTaxRatio": 0.090478282, "incomeTaxExpense": 905000000, "netIncome": 3009000000, "netIncomeRatio": 0.0695577799, "eps": 11.63, "epsdiluted": 11.58, "weightedAverageShsOut": 258800000, "weightedAverageShsOutDil": 259899999, "link": "https://www.sec.gov/Archives/edgar/data/100517/000010051720000010/0000100517-20-000010-index.htm", "finalLink": "https://www.sec.gov/Archives/edgar/data/100517/000010051720000010/ual201910k.htm", "calculatedOtherExpenses": 8457000000, "calculatedOperatingExpenses": 10108000000, "calculatedNetInterest": -513000000, "calculatedOtherIncome": 2062000000, "calculatedIncomeNonControlling": 0, "calculatedEbitda": 4653000000}, {"date": "2018-12-31", "symbol": "UAL", "reportedCurrency": "USD", "cik": "0000100517", "fillingDate": "2019-02-28", "acceptedDate": "2019-02-28 16:23:37", "calendarYear": "2018", "period": "FY", "revenue": 41303000000, "costOfRevenue": 30165000000, "grossProfit": 11138000000, "grossProfitRatio": 0.2696656417, "researchAndDevelopmentExpenses": 0, "generalAndAdministrativeExpenses": 0, "sellingAndMarketingExpenses": 1558000000, "sellingGeneralAndAdministrativeExpenses": 1558000000, "otherExpenses": -76000000, "operatingExpenses": 7359000000, "costAndExpenses": 37524000000, "interestIncome": 101000000, "interestExpense": 659000000, "depreciationAndAmortization": 2240000000, "ebitda": 3804000000, "ebitdaratio": 0.0920998475, "operatingIncome": 3292000000, "operatingIncomeRatio": 0.0797036535, "totalOtherIncomeExpensesNet": -563000000, "incomeBeforeTax": 2658000000, "incomeBeforeTaxRatio": 0.0643536789, "incomeTaxExpense": 529000000, "netIncome": 2129000000, "netIncomeRatio": 0.0515458926, "eps": 7.89, "epsdiluted": 7.69, "weightedAverageShsOut": 269914769, "weightedAverageShsOutDil": 276700000, "link": "https://www.sec.gov/Archives/edgar/data/100517/000010051719000009/0000100517-19-000009-index.htm", "finalLink": "https://www.sec.gov/Archives/edgar/data/100517/000010051719000009/ual_201810k.htm", "calculatedOtherExpenses": 6288000000, "calculatedOperatingExpenses": 7846000000, "calculatedNetInterest": -558000000, "calculatedOtherIncome": -76000000, "calculatedIncomeNonControlling": 0, "calculatedEbitda": 5532000000}, {"date": "2017-12-31", "symbol": "UAL", "reportedCurrency": "USD", "cik": "0000100517", "fillingDate": "2018-02-22", "acceptedDate": "2018-02-22 16:59:42", "calendarYear": "2017", "period": "FY", "revenue": 37736000000, "costOfRevenue": 27056000000, "grossProfit": 10680000000, "grossProfitRatio": 0.2830188679, "researchAndDevelopmentExpenses": 0, "generalAndAdministrativeExpenses": 0, "sellingAndMarketingExpenses": 1349000000, "sellingGeneralAndAdministrativeExpenses": 1349000000, "otherExpenses": 3000000, "operatingExpenses": 7006000000, "costAndExpenses": 34062000000, "interestIncome": 57000000, "interestExpense": 559000000, "depreciationAndAmortization": 2149000000, "ebitda": 3734000000, "ebitdaratio": 0.0989506042, "operatingIncome": 3498000000, "operatingIncomeRatio": 0.0926966292, "totalOtherIncomeExpensesNet": -173000000, "incomeBeforeTax": 2999000000, "incomeBeforeTaxRatio": 0.0794731821, "incomeTaxExpense": 868000000, "netIncome": 2131000000, "netIncomeRatio": 0.0564712741, "eps": 7.43, "epsdiluted": 7.02, "weightedAverageShsOut": 286973195, "weightedAverageShsOutDil": 303600000, "link": "https://www.sec.gov/Archives/edgar/data/100517/000119312518054235/0001193125-18-054235-index.htm", "finalLink": "https://www.sec.gov/Archives/edgar/data/100517/000119312518054235/d471340d10k.htm", "calculatedOtherExpenses": 5833000000, "calculatedOperatingExpenses": 7182000000, "calculatedNetInterest": -502000000, "calculatedOtherIncome": 3000000, "calculatedIncomeNonControlling": 0, "calculatedEbitda": 5647000000}, {"date": "2016-12-31", "symbol": "UAL", "reportedCurrency": "USD", "cik": "0000100517", "fillingDate": "2017-02-23", "acceptedDate": "2017-02-23 16:58:35", "calendarYear": "2016", "period": "FY", "revenue": 36556000000, "costOfRevenue": 24856000000, "grossProfit": 11700000000, "grossProfitRatio": 0.320056899, "researchAndDevelopmentExpenses": 0, "generalAndAdministrativeExpenses": 0, "sellingAndMarketingExpenses": 1303000000, "sellingGeneralAndAdministrativeExpenses": 1303000000, "otherExpenses": -19000000, "operatingExpenses": 6724000000, "costAndExpenses": 31580000000, "interestIncome": 42000000, "interestExpense": 542000000, "depreciationAndAmortization": 1977000000, "ebitda": 4999000000, "ebitdaratio": 0.1367490973, "operatingIncome": 4338000000, "operatingIncomeRatio": 0.1186672502, "totalOtherIncomeExpensesNet": -657000000, "incomeBeforeTax": 3819000000, "incomeBeforeTaxRatio": 0.1044698545, "incomeTaxExpense": 1556000000, "netIncome": 2263000000, "netIncomeRatio": 0.0619050224, "eps": 7.19, "epsdiluted": 6.85, "weightedAverageShsOut": 314612744, "weightedAverageShsOutDil": 330000000, "link": "https://www.sec.gov/Archives/edgar/data/100517/000119312517054129/0001193125-17-054129-index.htm", "finalLink": "https://www.sec.gov/Archives/edgar/data/100517/000119312517054129/d300268d10k.htm", "calculatedOtherExpenses": 6059000000, "calculatedOperatingExpenses": 7362000000, "calculatedNetInterest": -500000000, "calculatedOtherIncome": -19000000, "calculatedIncomeNonControlling": 0, "calculatedEbitda": 6315000000}, {"date": "2015-12-31", "symbol": "UAL", "reportedCurrency": "USD", "cik": "0000100517", "fillingDate": "2016-02-18", "acceptedDate": "2016-02-18 17:09:20", "calendarYear": "2015", "period": "FY", "revenue": 37864000000, "costOfRevenue": 25952000000, "grossProfit": 11912000000, "grossProfitRatio": 0.3145996197, "researchAndDevelopmentExpenses": 0, "generalAndAdministrativeExpenses": 0, "sellingAndMarketingExpenses": 1342000000, "sellingGeneralAndAdministrativeExpenses": 1342000000, "otherExpenses": -352000000, "operatingExpenses": 6420000000, "costAndExpenses": 32372000000, "interestIncome": 25000000, "interestExpense": 620000000, "depreciationAndAmortization": 1819000000, "ebitda": 5165000000, "ebitdaratio": 0.1364092542, "operatingIncome": 5166000000, "operatingIncomeRatio": 0.1364356645, "totalOtherIncomeExpensesNet": -678000000, "incomeBeforeTax": 4219000000, "incomeBeforeTaxRatio": 0.1114251004, "incomeTaxExpense": -3121000000, "netIncome": 7340000000, "netIncomeRatio": 0.1938516797, "eps": 19.52, "epsdiluted": 19.47, "weightedAverageShsOut": 376000000, "weightedAverageShsOutDil": 377000000, "link": "https://www.sec.gov/Archives/edgar/data/100517/000119312516468479/0001193125-16-468479-index.htm", "finalLink": "https://www.sec.gov/Archives/edgar/data/100517/000119312516468479/d13806d10k.htm", "calculatedOtherExpenses": 5404000000, "calculatedOperatingExpenses": 6746000000, "calculatedNetInterest": -595000000, "calculatedOtherIncome": -352000000, "calculatedIncomeNonControlling": 0, "calculatedEbitda": 6985000000}, {"date": "2014-12-31", "symbol": "UAL", "reportedCurrency": "USD", "cik": "0000100517", "fillingDate": "2015-02-20", "acceptedDate": "2015-02-20 17:01:57", "calendarYear": "2014", "period": "FY", "revenue": 38901000000, "costOfRevenue": 29569000000, "grossProfit": 9332000000, "grossProfitRatio": 0.2398910054, "researchAndDevelopmentExpenses": 0, "generalAndAdministrativeExpenses": 0, "sellingAndMarketingExpenses": 1373000000, "sellingGeneralAndAdministrativeExpenses": 1373000000, "otherExpenses": -584000000, "operatingExpenses": 6516000000, "costAndExpenses": 36085000000, "interestIncome": 22000000, "interestExpense": 683000000, "depreciationAndAmortization": 1679000000, "ebitda": 2254000000, "ebitdaratio": 0.0579419552, "operatingIncome": 2373000000, "operatingIncomeRatio": 0.0610010025, "totalOtherIncomeExpensesNet": -1027000000, "incomeBeforeTax": 1128000000, "incomeBeforeTaxRatio": 0.0289966839, "incomeTaxExpense": -4000000, "netIncome": 1132000000, "netIncomeRatio": 0.029099509, "eps": 3.05, "epsdiluted": 2.93, "weightedAverageShsOut": 371000000, "weightedAverageShsOutDil": 390000000, "link": "https://www.sec.gov/Archives/edgar/data/100517/000119312515056493/0001193125-15-056493-index.htm", "finalLink": "https://www.sec.gov/Archives/edgar/data/100517/000119312515056493/d820060d10k.htm", "calculatedOtherExpenses": 5586000000, "calculatedOperatingExpenses": 6959000000, "calculatedNetInterest": -661000000, "calculatedOtherIncome": -584000000, "calculatedIncomeNonControlling": 0, "calculatedEbitda": 4052000000}, {"date": "2013-12-31", "symbol": "UAL", "reportedCurrency": "USD", "cik": "0000100517", "fillingDate": "2014-02-20", "acceptedDate": "2014-02-20 16:12:24", "calendarYear": "2013", "period": "FY", "revenue": 38279000000, "costOfRevenue": 29925000000, "grossProfit": 8354000000, "grossProfitRatio": 0.2182397659, "researchAndDevelopmentExpenses": 0, "generalAndAdministrativeExpenses": 0, "sellingAndMarketingExpenses": 1390000000, "sellingGeneralAndAdministrativeExpenses": 1390000000, "otherExpenses": 3000000, "operatingExpenses": 6585000000, "costAndExpenses": 36510000000, "interestIncome": 21000000, "interestExpense": 734000000, "depreciationAndAmortization": 1689000000, "ebitda": 1793000000, "ebitdaratio": 0.0468403041, "operatingIncome": 1249000000, "operatingIncomeRatio": 0.0326288566, "totalOtherIncomeExpensesNet": -517000000, "incomeBeforeTax": 539000000, "incomeBeforeTaxRatio": 0.0140808276, "incomeTaxExpense": -32000000, "netIncome": 571000000, "netIncomeRatio": 0.0149167951, "eps": 1.64, "epsdiluted": 1.53, "weightedAverageShsOut": 348000000, "weightedAverageShsOutDil": 390000000, "link": "https://www.sec.gov/Archives/edgar/data/100517/000119312514060695/0001193125-14-060695-index.htm", "finalLink": "https://www.sec.gov/Archives/edgar/data/100517/000119312514060695/d624298d10k.htm", "calculatedOtherExpenses": 5715000000, "calculatedOperatingExpenses": 7105000000, "calculatedNetInterest": -713000000, "calculatedOtherIncome": 3000000, "calculatedIncomeNonControlling": 0, "calculatedEbitda": 2938000000}, {"date": "2012-12-31", "symbol": "UAL", "reportedCurrency": "USD", "cik": "0000100517", "fillingDate": "2013-02-25", "acceptedDate": "2013-02-25 17:26:52", "calendarYear": "2012", "period": "FY", "revenue": 37152000000, "costOfRevenue": 29757000000, "grossProfit": 7395000000, "grossProfitRatio": 0.1990471576, "researchAndDevelopmentExpenses": 0, "generalAndAdministrativeExpenses": 0, "sellingAndMarketingExpenses": 1352000000, "sellingGeneralAndAdministrativeExpenses": 1352000000, "otherExpenses": 12000000, "operatingExpenses": 6033000000, "costAndExpenses": 35790000000, "interestIncome": 23000000, "interestExpense": 798000000, "depreciationAndAmortization": 1522000000, "ebitda": 1397000000, "ebitdaratio": 0.0376022825, "operatingIncome": 39000000, "operatingIncomeRatio": 0.0010497416, "totalOtherIncomeExpensesNet": -1311000000, "incomeBeforeTax": -724000000, "incomeBeforeTaxRatio": -0.0194875108, "incomeTaxExpense": -1000000, "netIncome": -723000000, "netIncomeRatio": -0.0194605943, "eps": -2.18, "epsdiluted": -2.18, "weightedAverageShsOut": 331000000, "weightedAverageShsOutDil": 331000000, "link": "https://www.sec.gov/Archives/edgar/data/100517/000119312513074391/0001193125-13-074391-index.htm", "finalLink": "https://www.sec.gov/Archives/edgar/data/100517/000119312513074391/d436512d10k.htm", "calculatedOtherExpenses": 6004000000, "calculatedOperatingExpenses": 7356000000, "calculatedNetInterest": -775000000, "calculatedOtherIncome": 12000000, "calculatedIncomeNonControlling": 0, "calculatedEbitda": 1561000000}, {"date": "2011-12-31", "symbol": "UAL", "reportedCurrency": "USD", "cik": "0000100517", "fillingDate": "2012-02-22", "acceptedDate": "2012-02-22 17:19:36", "calendarYear": "2011", "period": "FY", "revenue": 37110000000, "costOfRevenue": 17056000000, "grossProfit": 20054000000, "grossProfitRatio": 0.540393425, "researchAndDevelopmentExpenses": 0, "generalAndAdministrativeExpenses": 10055000000, "sellingAndMarketingExpenses": 1435000000, "sellingGeneralAndAdministrativeExpenses": 11490000000, "otherExpenses": 6150000000, "operatingExpenses": 17640000000, "costAndExpenses": 34696000000, "interestIncome": 20000000, "interestExpense": 917000000, "depreciationAndAmortization": 1547000000, "ebitda": 3981000000, "ebitdaratio": 0.1072756669, "operatingIncome": 1822000000, "operatingIncomeRatio": 0.0490972784, "totalOtherIncomeExpensesNet": -672000000, "incomeBeforeTax": 845000000, "incomeBeforeTaxRatio": 0.0227701428, "incomeTaxExpense": 5000000, "netIncome": 840000000, "netIncomeRatio": 0.0226354082, "eps": 2.54, "epsdiluted": 2.26, "weightedAverageShsOut": 329000000, "weightedAverageShsOutDil": 383000000, "link": "https://www.sec.gov/Archives/edgar/data/100517/000119312512073010/0001193125-12-073010-index.htm", "finalLink": "https://www.sec.gov/Archives/edgar/data/100517/000119312512073010/d260625d10k.htm", "calculatedOtherExpenses": 6742000000, "calculatedOperatingExpenses": 18232000000, "calculatedNetInterest": -897000000, "calculatedOtherIncome": -80000000, "calculatedIncomeNonControlling": 0, "calculatedEbitda": 3369000000}, {"date": "2010-12-31", "symbol": "UAL", "reportedCurrency": "USD", "cik": "0000100517", "fillingDate": "2011-02-22", "acceptedDate": "2011-02-22 17:26:02", "calendarYear": "2010", "period": "FY", "revenue": 23229000000, "costOfRevenue": 7807000000, "grossProfit": 15422000000, "grossProfitRatio": 0.6639114899, "researchAndDevelopmentExpenses": 0, "generalAndAdministrativeExpenses": 5002000000, "sellingAndMarketingExpenses": 912000000, "sellingGeneralAndAdministrativeExpenses": 5914000000, "otherExpenses": 4249000000, "operatingExpenses": 10163000000, "costAndExpenses": 17970000000, "interestIncome": 30000000, "interestExpense": 798000000, "depreciationAndAmortization": 1079000000, "ebitda": 2754000000, "ebitdaratio": 0.1185586982, "operatingIncome": 976000000, "operatingIncomeRatio": 0.042016445, "totalOtherIncomeExpensesNet": -627000000, "incomeBeforeTax": 250000000, "incomeBeforeTaxRatio": 0.0107624091, "incomeTaxExpense": 795000000, "netIncome": 253000000, "netIncomeRatio": 0.010891558, "eps": 1.22, "epsdiluted": 1.08, "weightedAverageShsOut": 207000000, "weightedAverageShsOutDil": 253000000, "link": "https://www.sec.gov/Archives/edgar/data/100517/000119312511042335/0001193125-11-042335-index.htm", "finalLink": "https://www.sec.gov/Archives/edgar/data/100517/000119312511042335/d10k.htm", "calculatedOtherExpenses": 8532000000, "calculatedOperatingExpenses": 14446000000, "calculatedNetInterest": -768000000, "calculatedOtherIncome": 42000000, "calculatedIncomeNonControlling": -798000000, "calculatedEbitda": 2055000000}, {"date": "2009-12-31", "symbol": "UAL", "reportedCurrency": "USD", "cik": "0000100517", "fillingDate": "2010-02-26", "acceptedDate": "2010-02-26 06:09:09", "calendarYear": "2009", "period": "FY", "revenue": 16335000000, "costOfRevenue": 4516000000, "grossProfit": 11819000000, "grossProfitRatio": 0.7235384144, "researchAndDevelopmentExpenses": 0, "generalAndAdministrativeExpenses": 6712000000, "sellingAndMarketingExpenses": 534000000, "sellingGeneralAndAdministrativeExpenses": 7246000000, "otherExpenses": 1858000000, "operatingExpenses": 9104000000, "costAndExpenses": 13620000000, "interestIncome": 29000000, "interestExpense": 577000000, "depreciationAndAmortization": 902000000, "ebitda": 1144000000, "ebitdaratio": 0.07003367, "operatingIncome": -161000000, "operatingIncomeRatio": -0.0098561371, "totalOtherIncomeExpensesNet": -337000000, "incomeBeforeTax": -672000000, "incomeBeforeTaxRatio": -0.0411386593, "incomeTaxExpense": -17000000, "netIncome": -651000000, "netIncomeRatio": -0.0398530762, "eps": -4.32, "epsdiluted": -4.32, "weightedAverageShsOut": 150700000, "weightedAverageShsOutDil": 150700000, "link": "https://www.sec.gov/Archives/edgar/data/100517/000119312510041523/0001193125-10-041523-index.htm", "finalLink": "https://www.sec.gov/Archives/edgar/data/100517/000119312510041523/d10k.htm", "calculatedOtherExpenses": 4734000000, "calculatedOperatingExpenses": 11980000000, "calculatedNetInterest": -548000000, "calculatedOtherIncome": 37000000, "calculatedIncomeNonControlling": -4000000, "calculatedEbitda": 741000000}, {"date": "2008-12-31", "symbol": "UAL", "reportedCurrency": "USD", "cik": "0000100517", "fillingDate": "2009-03-02", "acceptedDate": "2009-03-02 17:13:27", "calendarYear": "2008", "period": "FY", "revenue": 20194000000, "costOfRevenue": -999000000, "grossProfit": 21193000000, "grossProfitRatio": 1.0494701396, "researchAndDevelopmentExpenses": 0, "generalAndAdministrativeExpenses": 5582000000, "sellingAndMarketingExpenses": 710000000, "sellingGeneralAndAdministrativeExpenses": 5582000000, "otherExpenses": 2011000000, "operatingExpenses": 20812000000, "costAndExpenses": 19813000000, "interestIncome": 112000000, "interestExpense": 523000000, "depreciationAndAmortization": 932000000, "ebitda": -1117000000, "ebitdaratio": -0.0553134594, "operatingIncome": -4438000000, "operatingIncomeRatio": -0.219768248, "totalOtherIncomeExpensesNet": -2807000000, "incomeBeforeTax": -5379000000, "incomeBeforeTaxRatio": -0.2663662474, "incomeTaxExpense": -25000000, "netIncome": -5348000000, "netIncomeRatio": -0.264831138, "eps": -42.18, "epsdiluted": -42.18, "weightedAverageShsOut": 126800000, "weightedAverageShsOutDil": 126800000, "link": "https://www.sec.gov/Archives/edgar/data/100517/000095013709001460/0000950137-09-001460-index.htm", "finalLink": "https://www.sec.gov/Archives/edgar/data/100517/000095013709001460/c49215e10vk.htm", "calculatedOtherExpenses": 20049000000, "calculatedOperatingExpenses": 25631000000, "calculatedNetInterest": -411000000, "calculatedOtherIncome": -530000000, "calculatedIncomeNonControlling": -6000000, "calculatedEbitda": -3506000000}, {"date": "2007-12-31", "symbol": "UAL", "reportedCurrency": "USD", "cik": "0000100517", "fillingDate": "2008-02-29", "acceptedDate": "2008-02-28 19:00:19", "calendarYear": "2007", "period": "FY", "revenue": 20143000000, "costOfRevenue": 316000000, "grossProfit": 19827000000, "grossProfitRatio": 0.984312168, "researchAndDevelopmentExpenses": 0, "generalAndAdministrativeExpenses": 5543000000, "sellingAndMarketingExpenses": 779000000, "sellingGeneralAndAdministrativeExpenses": 5543000000, "otherExpenses": 14573000000, "operatingExpenses": 20116000000, "costAndExpenses": 20432000000, "interestIncome": 257000000, "interestExpense": -661000000, "depreciationAndAmortization": -925000000, "ebitda": 530000000, "ebitdaratio": 0.0263118701, "operatingIncome": 1037000000, "operatingIncomeRatio": 0.0514819044, "totalOtherIncomeExpensesNet": 106000000, "incomeBeforeTax": 695000000, "incomeBeforeTaxRatio": 0.0345033014, "incomeTaxExpense": 297000000, "netIncome": 403000000, "netIncomeRatio": 0.0200069503, "eps": 3.34, "epsdiluted": 2.79, "weightedAverageShsOut": 117400000, "weightedAverageShsOutDil": 153700000, "link": "https://www.sec.gov/Archives/edgar/data/100517/000104746908001951/0001047469-08-001951-index.htm", "finalLink": "https://www.sec.gov/Archives/edgar/data/100517/000104746908001951/a2182991z10-k.htm", "calculatedOtherExpenses": 13247000000, "calculatedOperatingExpenses": 18790000000, "calculatedNetInterest": 918000000, "calculatedOtherIncome": -1260000000, "calculatedIncomeNonControlling": -5000000, "calculatedEbitda": 112000000}, {"date": "2006-12-31", "symbol": "UAL", "reportedCurrency": "USD", "cik": "0000100517", "fillingDate": "2007-03-16", "acceptedDate": "2007-03-16 14:40:24", "calendarYear": "2006", "period": "FY", "revenue": 19340000000, "costOfRevenue": 679000000, "grossProfit": 18661000000, "grossProfitRatio": 0.9648914168, "researchAndDevelopmentExpenses": 0, "generalAndAdministrativeExpenses": 0, "sellingAndMarketingExpenses": 0, "sellingGeneralAndAdministrativeExpenses": 4267000000, "otherExpenses": 13947000000, "operatingExpenses": 18214000000, "costAndExpenses": 18893000000, "interestIncome": 38000000, "interestExpense": -482000000, "depreciationAndAmortization": 888000000, "ebitda": 1306000000, "ebitdaratio": 0.0675284385, "operatingIncome": 447000000, "operatingIncomeRatio": 0.0231127198, "totalOtherIncomeExpensesNet": 29000000, "incomeBeforeTax": 22889000000, "incomeBeforeTaxRatio": 1.1835056877, "incomeTaxExpense": 21000000, "netIncome": 22876000000, "netIncomeRatio": 1.1828335057, "eps": 196.75, "epsdiluted": 196.75, "weightedAverageShsOut": 116269377, "weightedAverageShsOutDil": 116269377, "link": "https://www.sec.gov/Archives/edgar/data/100517/000110465907019919/0001104659-07-019919-index.htm", "finalLink": "https://www.sec.gov/Archives/edgar/data/100517/000110465907019919/a06-25698_210k.htm", "calculatedOtherExpenses": 13947000000, "calculatedOperatingExpenses": 18214000000, "calculatedNetInterest": 520000000, "calculatedOtherIncome": 21922000000, "calculatedIncomeNonControlling": -8000000, "calculatedEbitda": 1335000000}, {"date": "2005-12-31", "symbol": "UAL", "reportedCurrency": "USD", "cik": "0000100517", "fillingDate": "2006-03-31", "acceptedDate": "2006-03-31 08:22:56", "calendarYear": "2005", "period": "FY", "revenue": 17379000000, "costOfRevenue": 685000000, "grossProfit": 16694000000, "grossProfitRatio": 0.9605846136, "researchAndDevelopmentExpenses": 0, "generalAndAdministrativeExpenses": 0, "sellingAndMarketingExpenses": 0, "sellingGeneralAndAdministrativeExpenses": 0, "otherExpenses": 16913000000, "operatingExpenses": 16913000000, "costAndExpenses": 17598000000, "interestIncome": 38000000, "interestExpense": -482000000, "depreciationAndAmortization": 792000000, "ebitda": 21154000000, "ebitdaratio": 1.2172161804, "operatingIncome": -219000000, "operatingIncomeRatio": -0.0126014155, "totalOtherIncomeExpensesNet": -20517000000, "incomeBeforeTax": -21180000000, "incomeBeforeTaxRatio": -1.2187122389, "incomeTaxExpense": 21021000000, "netIncome": -21176000000, "netIncomeRatio": -1.2184820761, "eps": -182.24, "epsdiluted": -182.24, "weightedAverageShsOut": 116200000, "weightedAverageShsOutDil": 116200000, "link": "https://www.sec.gov/Archives/edgar/data/100517/000010051706000021/0000100517-06-000021-index.htm", "finalLink": "https://www.sec.gov/Archives/edgar/data/100517/000010051706000021/ualtenk.htm", "calculatedOtherExpenses": 16913000000, "calculatedOperatingExpenses": 16913000000, "calculatedNetInterest": 520000000, "calculatedOtherIncome": -21481000000, "calculatedIncomeNonControlling": -21025000000, "calculatedEbitda": 573000000}, {"date": "2004-12-31", "symbol": "UAL", "reportedCurrency": "USD", "cik": "0000100517", "fillingDate": "2005-03-16", "acceptedDate": "2005-03-16 15:54:04", "calendarYear": "2004", "period": "FY", "revenue": 16391000000, "costOfRevenue": 709000000, "grossProfit": 15682000000, "grossProfitRatio": 0.9567445549, "researchAndDevelopmentExpenses": 0, "generalAndAdministrativeExpenses": 0, "sellingAndMarketingExpenses": 0, "sellingGeneralAndAdministrativeExpenses": 0, "otherExpenses": 16536000000, "operatingExpenses": 16536000000, "costAndExpenses": 17245000000, "interestIncome": 25000000, "interestExpense": -449000000, "depreciationAndAmortization": 874000000, "ebitda": 468000000, "ebitdaratio": 0.0285522543, "operatingIncome": -854000000, "operatingIncomeRatio": -0.0521017632, "totalOtherIncomeExpensesNet": -448000000, "incomeBeforeTax": -1726000000, "incomeBeforeTaxRatio": -0.10530169, "incomeTaxExpense": 867000000, "netIncome": -1721000000, "netIncomeRatio": -0.1049966445, "eps": -15.16, "epsdiluted": -15.16, "weightedAverageShsOut": 113500000, "weightedAverageShsOutDil": 113500000, "link": "https://www.sec.gov/Archives/edgar/data/100517/000010051705000006/0000100517-05-000006-index.htm", "finalLink": "https://www.sec.gov/Archives/edgar/data/100517/000010051705000006/ualkbody.htm", "calculatedOtherExpenses": 16536000000, "calculatedOperatingExpenses": 16536000000, "calculatedNetInterest": 474000000, "calculatedOtherIncome": -1346000000, "calculatedIncomeNonControlling": -872000000, "calculatedEbitda": 20000000}, {"date": "2003-12-31", "symbol": "UAL", "reportedCurrency": "USD", "cik": "0000100517", "fillingDate": "2004-03-02", "acceptedDate": "2004-03-01 17:35:24", "calendarYear": "2003", "period": "FY", "revenue": 13724000000, "costOfRevenue": 1003000000, "grossProfit": 12721000000, "grossProfitRatio": 0.9269163509, "researchAndDevelopmentExpenses": 0, "generalAndAdministrativeExpenses": 0, "sellingAndMarketingExpenses": 0, "sellingGeneralAndAdministrativeExpenses": 0, "otherExpenses": 14081000000, "operatingExpenses": 14081000000, "costAndExpenses": 15084000000, "interestIncome": 0, "interestExpense": 0, "depreciationAndAmortization": 938000000, "ebitda": 584000000, "ebitdaratio": 0.0425531915, "operatingIncome": -1360000000, "operatingIncomeRatio": -0.0990964733, "totalOtherIncomeExpensesNet": -976000000, "incomeBeforeTax": -2808000000, "incomeBeforeTaxRatio": -0.2046050714, "incomeTaxExpense": 1478000000, "netIncome": -2808000000, "netIncomeRatio": -0.2046050714, "eps": -27.36, "epsdiluted": -27.36, "weightedAverageShsOut": 102631579, "weightedAverageShsOutDil": 102631579, "link": "https://www.sec.gov/Archives/edgar/data/100517/000010051704000007/0000100517-04-000007-index.htm", "finalLink": "https://www.sec.gov/Archives/edgar/data/100517/000010051704000007/ualtenk.htm", "calculatedOtherExpenses": 14081000000, "calculatedOperatingExpenses": 14081000000, "calculatedNetInterest": 0, "calculatedOtherIncome": -1448000000, "calculatedIncomeNonControlling": -1478000000, "calculatedEbitda": -422000000}, {"date": "2002-12-31", "symbol": "UAL", "reportedCurrency": "USD", "cik": "0000100517", "fillingDate": "2003-07-15", "acceptedDate": "2003-07-15 15:34:41", "calendarYear": "2002", "period": "FY", "revenue": 14286000000, "costOfRevenue": 1240000000, "grossProfit": 13046000000, "grossProfitRatio": 0.913201736, "researchAndDevelopmentExpenses": 0, "generalAndAdministrativeExpenses": 0, "sellingAndMarketingExpenses": 0, "sellingGeneralAndAdministrativeExpenses": 0, "otherExpenses": 15883000000, "operatingExpenses": 15883000000, "costAndExpenses": 17123000000, "interestIncome": 0, "interestExpense": 0, "depreciationAndAmortization": 970000000, "ebitda": -2029000000, "ebitdaratio": -0.1420271595, "operatingIncome": -2837000000, "operatingIncomeRatio": -0.1985860283, "totalOtherIncomeExpensesNet": 162000000, "incomeBeforeTax": -3205000000, "incomeBeforeTaxRatio": -0.2243455131, "incomeTaxExpense": 375000000, "netIncome": -3212000000, "netIncomeRatio": -0.2248355033, "eps": -57.18, "epsdiluted": -57.18, "weightedAverageShsOut": 56169251, "weightedAverageShsOutDil": 56169251, "link": "https://www.sec.gov/Archives/edgar/data/100517/000010051703000036/0000100517-03-000036-index.htm", "finalLink": "https://www.sec.gov/Archives/edgar/data/100517/000010051703000036/body.htm", "calculatedOtherExpenses": 15883000000, "calculatedOperatingExpenses": 15883000000, "calculatedNetInterest": 0, "calculatedOtherIncome": -368000000, "calculatedIncomeNonControlling": -368000000, "calculatedEbitda": -1867000000}, {"date": "2001-12-31", "symbol": "UAL", "reportedCurrency": "USD", "cik": "0000100517", "fillingDate": "2001-11-13", "acceptedDate": "2001-11-13 00:00:00", "calendarYear": "2001", "period": "FY", "revenue": 16138000000, "costOfRevenue": 4271000000, "grossProfit": 11867000000, "grossProfitRatio": 0.7353451481, "researchAndDevelopmentExpenses": 0, "generalAndAdministrativeExpenses": 8802000000, "sellingAndMarketingExpenses": 710000000, "sellingGeneralAndAdministrativeExpenses": 9512000000, "otherExpenses": 1026000000, "operatingExpenses": 10538000000, "costAndExpenses": 14809000000, "interestIncome": 184000000, "interestExpense": 525000000, "depreciationAndAmortization": 1932000000, "ebitda": -250000000, "ebitdaratio": -0.0154913868, "operatingIncome": -3771000000, "operatingIncomeRatio": -0.2336720783, "totalOtherIncomeExpensesNet": -673000000, "incomeBeforeTax": -3357000000, "incomeBeforeTaxRatio": -0.2080183418, "incomeTaxExpense": -1226000000, "netIncome": -2139000000, "netIncomeRatio": -0.1325443054, "eps": -40.13, "epsdiluted": -39.93, "weightedAverageShsOut": 53308183, "weightedAverageShsOutDil": 53571429, "link": "https://www.sec.gov/Archives/edgar/data/100517/000010051701500091/0000100517-01-500091-index.htm", "finalLink": "https://www.sec.gov/Archives/edgar/data/100517/000010051701500091/body.htm", "calculatedOtherExpenses": 6126000000, "calculatedOperatingExpenses": 15638000000, "calculatedNetInterest": -341000000, "calculatedOtherIncome": 755000000, "calculatedIncomeNonControlling": 8000000, "calculatedEbitda": -1839000000}, {"date": "2000-12-31", "symbol": "UAL", "reportedCurrency": "USD", "cik": "0000100517", "fillingDate": "2000-12-31", "acceptedDate": "2000-12-30 19:00:00", "calendarYear": "2000", "period": "FY", "revenue": 19352000000, "costOfRevenue": 1038000000, "grossProfit": 18314000000, "grossProfitRatio": 0.9463621331, "researchAndDevelopmentExpenses": 0, "generalAndAdministrativeExpenses": 0, "sellingAndMarketingExpenses": 0, "sellingGeneralAndAdministrativeExpenses": 0, "otherExpenses": 17660000000, "operatingExpenses": 17660000000, "costAndExpenses": 18698000000, "interestIncome": 101000000, "interestExpense": -402000000, "depreciationAndAmortization": 1058000000, "ebitda": 1634000000, "ebitdaratio": 0.0844357172, "operatingIncome": 654000000, "operatingIncomeRatio": 0.0337949566, "totalOtherIncomeExpensesNet": 78000000, "incomeBeforeTax": 431000000, "incomeBeforeTaxRatio": 0.0222715998, "incomeTaxExpense": 160000000, "netIncome": 50000000, "netIncomeRatio": 0.0025837123, "eps": 0.94, "epsdiluted": 0.04, "weightedAverageShsOut": 61082474, "weightedAverageShsOutDil": 61082474, "link": "", "finalLink": "", "calculatedOtherExpenses": 17660000000, "calculatedOperatingExpenses": 17660000000, "calculatedNetInterest": 503000000, "calculatedOtherIncome": -726000000, "calculatedIncomeNonControlling": 221000000, "calculatedEbitda": 1712000000}, {"date": "1999-12-31", "symbol": "UAL", "reportedCurrency": "USD", "cik": "0000100517", "fillingDate": "2000-03-14", "acceptedDate": "2000-03-14 00:00:00", "calendarYear": "1999", "period": "FY", "revenue": 18027000000, "costOfRevenue": 0, "grossProfit": 18027000000, "grossProfitRatio": 1, "researchAndDevelopmentExpenses": 0, "generalAndAdministrativeExpenses": 0, "sellingAndMarketingExpenses": 0, "sellingGeneralAndAdministrativeExpenses": 0, "otherExpenses": 16636000000, "operatingExpenses": 16636000000, "costAndExpenses": 16636000000, "interestIncome": 0, "interestExpense": 0, "depreciationAndAmortization": 867000000, "ebitda": 1413000000, "ebitdaratio": 0.0783824264, "operatingIncome": 1391000000, "operatingIncomeRatio": 0.0771620347, "totalOtherIncomeExpensesNet": 845000000, "incomeBeforeTax": 1942000000, "incomeBeforeTaxRatio": 0.1077272979, "incomeTaxExpense": 699000000, "netIncome": 1235000000, "netIncomeRatio": 0.0685083486, "eps": 10.96, "epsdiluted": 9.94, "weightedAverageShsOut": 49792290, "weightedAverageShsOutDil": 49792290, "link": "https://www.sec.gov/Archives/edgar/data/100517/000010051700000003/0000100517-00-000003-index.html", "finalLink": "https://www.sec.gov/Archives/edgar/data/100517/000010051700000003/", "calculatedOtherExpenses": 16636000000, "calculatedOperatingExpenses": 16636000000, "calculatedNetInterest": 0, "calculatedOtherIncome": 551000000, "calculatedIncomeNonControlling": 8000000, "calculatedEbitda": 2258000000}, {"date": "1998-12-31", "symbol": "UAL", "reportedCurrency": "USD", "cik": "0000100517", "fillingDate": "1999-03-15", "acceptedDate": "1999-03-15 00:00:00", "calendarYear": "1998", "period": "FY", "revenue": 17561000000, "costOfRevenue": 0, "grossProfit": 17561000000, "grossProfitRatio": 1, "researchAndDevelopmentExpenses": 0, "generalAndAdministrativeExpenses": 0, "sellingAndMarketingExpenses": 0, "sellingGeneralAndAdministrativeExpenses": 0, "otherExpenses": 16083000000, "operatingExpenses": 16083000000, "costAndExpenses": 16083000000, "interestIncome": 0, "interestExpense": 0, "depreciationAndAmortization": 793000000, "ebitda": 2197000000, "ebitdaratio": 0.1251067707, "operatingIncome": 1478000000, "operatingIncomeRatio": 0.084163772, "totalOtherIncomeExpensesNet": 74000000, "incomeBeforeTax": 1256000000, "incomeBeforeTaxRatio": 0.0715221229, "incomeTaxExpense": 429000000, "netIncome": 821000000, "netIncomeRatio": 0.046751324, "eps": 12.71, "epsdiluted": 6.83, "weightedAverageShsOut": 64594807, "weightedAverageShsOutDil": 64594807, "link": "https://www.sec.gov/Archives/edgar/data/100517/000010051799000005/0000100517-99-000005-index.html", "finalLink": "https://www.sec.gov/Archives/edgar/data/100517/", "calculatedOtherExpenses": 16083000000, "calculatedOperatingExpenses": 16083000000, "calculatedNetInterest": 0, "calculatedOtherIncome": -222000000, "calculatedIncomeNonControlling": 6000000, "calculatedEbitda": 2271000000}, {"date": "1997-12-31", "symbol": "UAL", "reportedCurrency": "USD", "cik": "0000100517", "fillingDate": "1998-03-06", "acceptedDate": "1998-03-06 00:00:00", "calendarYear": "1997", "period": "FY", "revenue": 17378000000, "costOfRevenue": 0, "grossProfit": 17378000000, "grossProfitRatio": 1, "researchAndDevelopmentExpenses": 0, "generalAndAdministrativeExpenses": 0, "sellingAndMarketingExpenses": 0, "sellingGeneralAndAdministrativeExpenses": 0, "otherExpenses": 16119000000, "operatingExpenses": 16119000000, "costAndExpenses": 16119000000, "interestIncome": 0, "interestExpense": 0, "depreciationAndAmortization": 724000000, "ebitda": 1484000000, "ebitdaratio": 0.0853953274, "operatingIncome": 1259000000, "operatingIncomeRatio": 0.0724479227, "totalOtherIncomeExpensesNet": 499000000, "incomeBeforeTax": 1524000000, "incomeBeforeTaxRatio": 0.0876970883, "incomeTaxExpense": 561000000, "netIncome": 949000000, "netIncomeRatio": 0.0546092761, "eps": 14.83, "epsdiluted": 8.95, "weightedAverageShsOut": 63991908, "weightedAverageShsOutDil": 63991908, "link": "https://www.sec.gov/Archives/edgar/data/100517/000010051798000010/0000100517-98-000010-index.html", "finalLink": "https://www.sec.gov/Archives/edgar/data/100517/", "calculatedOtherExpenses": 16119000000, "calculatedOperatingExpenses": 16119000000, "calculatedNetInterest": 0, "calculatedOtherIncome": 265000000, "calculatedIncomeNonControlling": 14000000, "calculatedEbitda": 1983000000}, {"date": "1996-12-31", "symbol": "UAL", "reportedCurrency": "USD", "cik": "0000100517", "fillingDate": "1997-03-05", "acceptedDate": "1997-03-05 00:00:00", "calendarYear": "1996", "period": "FY", "revenue": 16362000000, "costOfRevenue": 0, "grossProfit": 16362000000, "grossProfitRatio": 1, "researchAndDevelopmentExpenses": 0, "generalAndAdministrativeExpenses": 0, "sellingAndMarketingExpenses": 0, "sellingGeneralAndAdministrativeExpenses": 0, "otherExpenses": 15239000000, "operatingExpenses": 15239000000, "costAndExpenses": 15239000000, "interestIncome": 0, "interestExpense": 0, "depreciationAndAmortization": 759000000, "ebitda": 1797000000, "ebitdaratio": 0.1098276494, "operatingIncome": 1123000000, "operatingIncomeRatio": 0.0686346412, "totalOtherIncomeExpensesNet": 85000000, "incomeBeforeTax": 970000000, "incomeBeforeTaxRatio": 0.0592837061, "incomeTaxExpense": 370000000, "netIncome": 533000000, "netIncomeRatio": 0.0325754798, "eps": 7.57, "epsdiluted": 5.06, "weightedAverageShsOut": 70409511, "weightedAverageShsOutDil": 70409511, "link": "https://www.sec.gov/Archives/edgar/data/100517/000010051797000005/0000100517-97-000005-index.html", "finalLink": "https://www.sec.gov/Archives/edgar/data/100517/", "calculatedOtherExpenses": 15239000000, "calculatedOperatingExpenses": 15239000000, "calculatedNetInterest": 0, "calculatedOtherIncome": -153000000, "calculatedIncomeNonControlling": 67000000, "calculatedEbitda": 1882000000}, {"date": "1995-12-31", "symbol": "UAL", "reportedCurrency": "USD", "cik": "0000100517", "fillingDate": "1996-03-08", "acceptedDate": "1996-03-08 00:00:00", "calendarYear": "1995", "period": "FY", "revenue": 14943000000, "costOfRevenue": 0, "grossProfit": 14943000000, "grossProfitRatio": 1, "researchAndDevelopmentExpenses": 0, "generalAndAdministrativeExpenses": 0, "sellingAndMarketingExpenses": 0, "sellingGeneralAndAdministrativeExpenses": 0, "otherExpenses": 14838000000, "operatingExpenses": 14838000000, "costAndExpenses": 14838000000, "interestIncome": 0, "interestExpense": 0, "depreciationAndAmortization": 724000000, "ebitda": 736000000, "ebitdaratio": 0.0492538312, "operatingIncome": 829000000, "operatingIncomeRatio": 0.0554774811, "totalOtherIncomeExpensesNet": 93000000, "incomeBeforeTax": 621000000, "incomeBeforeTaxRatio": 0.0415579201, "incomeTaxExpense": 243000000, "netIncome": 349000000, "netIncomeRatio": 0.0233554173, "eps": 5, "epsdiluted": 4.78, "weightedAverageShsOut": 50500756, "weightedAverageShsOutDil": 50500756, "link": "https://www.sec.gov/Archives/edgar/data/100517/000010051796000009/0000100517-96-000009-index.html", "finalLink": "https://www.sec.gov/Archives/edgar/data/100517/", "calculatedOtherExpenses": 14114000000, "calculatedOperatingExpenses": 14114000000, "calculatedNetInterest": 0, "calculatedOtherIncome": -208000000, "calculatedIncomeNonControlling": 29000000, "calculatedEbitda": 1553000000}, {"date": "1994-12-31", "symbol": "UAL", "reportedCurrency": "USD", "cik": "0000100517", "fillingDate": "1995-03-08", "acceptedDate": "1995-03-08 00:00:00", "calendarYear": "1994", "period": "FY", "revenue": 13950000000, "costOfRevenue": 0, "grossProfit": 13950000000, "grossProfitRatio": 1, "researchAndDevelopmentExpenses": 0, "generalAndAdministrativeExpenses": 0, "sellingAndMarketingExpenses": 165000000, "sellingGeneralAndAdministrativeExpenses": 165000000, "otherExpenses": 13264000000, "operatingExpenses": 13429000000, "costAndExpenses": 13429000000, "interestIncome": 0, "interestExpense": 0, "depreciationAndAmortization": 640000000, "ebitda": 1309000000, "ebitdaratio": 0.0938351254, "operatingIncome": 521000000, "operatingIncomeRatio": 0.0373476703, "totalOtherIncomeExpensesNet": -63000000, "incomeBeforeTax": 171000000, "incomeBeforeTaxRatio": 0.0122580645, "incomeTaxExpense": 94000000, "netIncome": 51000000, "netIncomeRatio": 0.003655914, "eps": -0.15, "epsdiluted": -0.15, "weightedAverageShsOut": 49739460, "weightedAverageShsOutDil": 49739460, "link": "https://www.sec.gov/Archives/edgar/data/100517/000010051795000011/0000100517-95-000011-index.html", "finalLink": "https://www.sec.gov/Archives/edgar/data/100517/", "calculatedOtherExpenses": 13264000000, "calculatedOperatingExpenses": 13429000000, "calculatedNetInterest": 0, "calculatedOtherIncome": -350000000, "calculatedIncomeNonControlling": 26000000, "calculatedEbitda": 1161000000}, {"date": "1993-12-31", "symbol": "UAL", "reportedCurrency": "USD", "cik": "0000100517", "fillingDate": "1993-12-31", "acceptedDate": "1993-12-30 19:00:00", "calendarYear": "1993", "period": "FY", "revenue": 14511000000, "costOfRevenue": 3658000000, "grossProfit": 10853000000, "grossProfitRatio": 0.7479153745, "researchAndDevelopmentExpenses": 0, "generalAndAdministrativeExpenses": 0, "sellingAndMarketingExpenses": 0, "sellingGeneralAndAdministrativeExpenses": 9909000000, "otherExpenses": 681000000, "operatingExpenses": 10590000000, "costAndExpenses": 14248000000, "interestIncome": 0, "interestExpense": 0, "depreciationAndAmortization": -681000000, "ebitda": 947000000, "ebitdaratio": 0.0652608366, "operatingIncome": 263000000, "operatingIncomeRatio": 0.0181241817, "totalOtherIncomeExpensesNet": -3000000, "incomeBeforeTax": -47000000, "incomeBeforeTaxRatio": -0.0032389222, "incomeTaxExpense": -16000000, "netIncome": -50000000, "netIncomeRatio": -0.0034456619, "eps": -1.01, "epsdiluted": -1.01, "weightedAverageShsOut": 49739460, "weightedAverageShsOutDil": 49739460, "link": "", "finalLink": "", "calculatedOtherExpenses": 681000000, "calculatedOperatingExpenses": 10590000000, "calculatedNetInterest": 0, "calculatedOtherIncome": -310000000, "calculatedIncomeNonControlling": 19000000, "calculatedEbitda": -418000000}, {"date": "1992-12-31", "symbol": "UAL", "reportedCurrency": "USD", "cik": "0000100517", "fillingDate": "1992-12-31", "acceptedDate": "1992-12-30 19:00:00", "calendarYear": "1992", "period": "FY", "revenue": 12889700000, "costOfRevenue": 3408100000, "grossProfit": 9481600000, "grossProfitRatio": 0.7355950876, "researchAndDevelopmentExpenses": 0, "generalAndAdministrativeExpenses": 0, "sellingAndMarketingExpenses": 0, "sellingGeneralAndAdministrativeExpenses": 9293800000, "otherExpenses": 725600000, "operatingExpenses": 10019400000, "costAndExpenses": 13427500000, "interestIncome": 0, "interestExpense": 0, "depreciationAndAmortization": -725600000, "ebitda": 70400000, "ebitdaratio": 0.0054617253, "operatingIncome": -537800000, "operatingIncomeRatio": -0.0417232364, "totalOtherIncomeExpensesNet": 117400000, "incomeBeforeTax": -656000000, "incomeBeforeTaxRatio": -0.050893349, "incomeTaxExpense": -239000000, "netIncome": -957000000, "netIncomeRatio": -0.0742453277, "eps": -19.24, "epsdiluted": -19.24, "weightedAverageShsOut": 49739460, "weightedAverageShsOutDil": 49739460, "link": "", "finalLink": "", "calculatedOtherExpenses": 725600000, "calculatedOperatingExpenses": 10019400000, "calculatedNetInterest": 0, "calculatedOtherIncome": -118200000, "calculatedIncomeNonControlling": 540000000, "calculatedEbitda": -1263400000}, {"date": "1991-12-31", "symbol": "UAL", "reportedCurrency": "USD", "cik": "0000100517", "fillingDate": "1991-12-31", "acceptedDate": "1991-12-30 19:00:00", "calendarYear": "1991", "period": "FY", "revenue": 11663000000, "costOfRevenue": 5589000000, "grossProfit": 6074000000, "grossProfitRatio": 0.520792249, "researchAndDevelopmentExpenses": 0, "generalAndAdministrativeExpenses": 4057000000, "sellingAndMarketingExpenses": 0, "sellingGeneralAndAdministrativeExpenses": 4057000000, "otherExpenses": 2511000000, "operatingExpenses": 6568000000, "costAndExpenses": 12157000000, "interestIncome": 0, "interestExpense": -210000000, "depreciationAndAmortization": 603800000, "ebitda": -114200000, "ebitdaratio": -0.0097916488, "operatingIncome": -494000000, "operatingIncomeRatio": -0.0423561691, "totalOtherIncomeExpensesNet": -14000000, "incomeBeforeTax": -508000000, "incomeBeforeTaxRatio": -0.0435565463, "incomeTaxExpense": -176000000, "netIncome": -332000000, "netIncomeRatio": -0.0284660893, "eps": -3.57, "epsdiluted": -3.57, "weightedAverageShsOut": 93000000, "weightedAverageShsOutDil": 93000000, "link": "", "finalLink": "", "calculatedOtherExpenses": 2511000000, "calculatedOperatingExpenses": 6568000000, "calculatedNetInterest": 210000000, "calculatedOtherIncome": -224000000, "calculatedIncomeNonControlling": 0, "calculatedEbitda": 109800000}, {"date": "1990-12-31", "symbol": "UAL", "reportedCurrency": "USD", "cik": "0000100517", "fillingDate": "1990-12-31", "acceptedDate": "1990-12-30 19:00:00", "calendarYear": "1990", "period": "FY", "revenue": 11037000000, "costOfRevenue": 5018000000, "grossProfit": 6019000000, "grossProfitRatio": 0.5453474676, "researchAndDevelopmentExpenses": 0, "generalAndAdministrativeExpenses": 3550000000, "sellingAndMarketingExpenses": 0, "sellingGeneralAndAdministrativeExpenses": 3550000000, "otherExpenses": 2506000000, "operatingExpenses": 6056000000, "costAndExpenses": 11074000000, "interestIncome": 0, "interestExpense": -192000000, "depreciationAndAmortization": 559600000, "ebitda": 531600000, "ebitdaratio": 0.0481652623, "operatingIncome": -36000000, "operatingIncomeRatio": -0.0032617559, "totalOtherIncomeExpensesNet": 200000000, "incomeBeforeTax": 164000000, "incomeBeforeTaxRatio": 0.0148591103, "incomeTaxExpense": 70000000, "netIncome": 94000000, "netIncomeRatio": 0.0085168071, "eps": 1.08, "epsdiluted": 1.08, "weightedAverageShsOut": 87000000, "weightedAverageShsOutDil": 87000000, "link": "", "finalLink": "", "calculatedOtherExpenses": 2505000000, "calculatedOperatingExpenses": 6055000000, "calculatedNetInterest": 192000000, "calculatedOtherIncome": 8000000, "calculatedIncomeNonControlling": 0, "calculatedEbitda": 523600000}, {"date": "1989-12-31", "symbol": "UAL", "reportedCurrency": "USD", "cik": "0000100517", "fillingDate": "1989-12-31", "acceptedDate": "1989-12-30 19:00:00", "calendarYear": "1989", "period": "FY", "revenue": 9794000000, "costOfRevenue": 3877000000, "grossProfit": 5917000000, "grossProfitRatio": 0.6041453951, "researchAndDevelopmentExpenses": 0, "generalAndAdministrativeExpenses": 3158000000, "sellingAndMarketingExpenses": 0, "sellingGeneralAndAdministrativeExpenses": 3158000000, "otherExpenses": 2294000000, "operatingExpenses": 5452000000, "costAndExpenses": 9329000000, "interestIncome": 0, "interestExpense": -221000000, "depreciationAndAmortization": 517000000, "ebitda": 834000000, "ebitdaratio": 0.085154176, "operatingIncome": 465000000, "operatingIncomeRatio": 0.0474780478, "totalOtherIncomeExpensesNet": 74000000, "incomeBeforeTax": 539000000, "incomeBeforeTaxRatio": 0.0550336941, "incomeTaxExpense": 214000000, "netIncome": 324000000, "netIncomeRatio": 0.0330814785, "eps": 3.72, "epsdiluted": 3.72, "weightedAverageShsOut": 87000000, "weightedAverageShsOutDil": 87000000, "link": "", "finalLink": "", "calculatedOtherExpenses": 2294000000, "calculatedOperatingExpenses": 5452000000, "calculatedNetInterest": 221000000, "calculatedOtherIncome": -147000000, "calculatedIncomeNonControlling": 1000000, "calculatedEbitda": 982000000}, {"date": "1988-12-31", "symbol": "UAL", "reportedCurrency": "USD", "cik": "0000100517", "fillingDate": "1988-12-31", "acceptedDate": "1988-12-30 19:00:00", "calendarYear": "1988", "period": "FY", "revenue": 8982000000, "costOfRevenue": 3262000000, "grossProfit": 5720000000, "grossProfitRatio": 0.636829214, "researchAndDevelopmentExpenses": 0, "generalAndAdministrativeExpenses": 2838000000, "sellingAndMarketingExpenses": 0, "sellingGeneralAndAdministrativeExpenses": 2838000000, "otherExpenses": 2217000000, "operatingExpenses": 5055000000, "costAndExpenses": 8317000000, "interestIncome": 0, "interestExpense": -245000000, "depreciationAndAmortization": 518400000, "ebitda": 1786400000, "ebitdaratio": 0.1988866622, "operatingIncome": 665000000, "operatingIncomeRatio": 0.0740369628, "totalOtherIncomeExpensesNet": 324000000, "incomeBeforeTax": 989000000, "incomeBeforeTaxRatio": 0.1101091071, "incomeTaxExpense": 389000000, "netIncome": 1124000000, "netIncomeRatio": 0.1251391672, "eps": 9.45, "epsdiluted": 9.45, "weightedAverageShsOut": 119000000, "weightedAverageShsOutDil": 119000000, "link": "", "finalLink": "", "calculatedOtherExpenses": 2217000000, "calculatedOperatingExpenses": 5055000000, "calculatedNetInterest": 245000000, "calculatedOtherIncome": 79000000, "calculatedIncomeNonControlling": -524000000, "calculatedEbitda": 1183400000}, {"date": "1987-12-31", "symbol": "UAL", "reportedCurrency": "USD", "cik": "0000100517", "fillingDate": "1987-12-31", "acceptedDate": "1987-12-30 19:00:00", "calendarYear": "1987", "period": "FY", "revenue": 8305000000, "costOfRevenue": 2895000000, "grossProfit": 5410000000, "grossProfitRatio": 0.6514148104, "researchAndDevelopmentExpenses": 0, "generalAndAdministrativeExpenses": 2778000000, "sellingAndMarketingExpenses": 0, "sellingGeneralAndAdministrativeExpenses": 2778000000, "otherExpenses": 2385000000, "operatingExpenses": 5163000000, "costAndExpenses": 8058000000, "interestIncome": 0, "interestExpense": -258000000, "depreciationAndAmortization": 550500000, "ebitda": 619500000, "ebitdaratio": 0.0745936183, "operatingIncome": 247000000, "operatingIncomeRatio": 0.0297411198, "totalOtherIncomeExpensesNet": -260000000, "incomeBeforeTax": -13000000, "incomeBeforeTaxRatio": -0.0015653221, "incomeTaxExpense": -8000000, "netIncome": 335000000, "netIncomeRatio": 0.0403371463, "eps": 1.5, "epsdiluted": 1.5, "weightedAverageShsOut": 223000000, "weightedAverageShsOutDil": 223000000, "link": "", "finalLink": "", "calculatedOtherExpenses": 2385000000, "calculatedOperatingExpenses": 5163000000, "calculatedNetInterest": 258000000, "calculatedOtherIncome": -518000000, "calculatedIncomeNonControlling": -340000000, "calculatedEbitda": 797500000}, {"date": "1986-12-31", "symbol": "UAL", "reportedCurrency": "USD", "cik": "0000100517", "fillingDate": "1986-12-31", "acceptedDate": "1986-12-30 19:00:00", "calendarYear": "1986", "period": "FY", "revenue": 7119000000, "costOfRevenue": 2534000000, "grossProfit": 4585000000, "grossProfitRatio": 0.6440511308, "researchAndDevelopmentExpenses": 0, "generalAndAdministrativeExpenses": 2558000000, "sellingAndMarketingExpenses": 0, "sellingGeneralAndAdministrativeExpenses": 2558000000, "otherExpenses": 1937000000, "operatingExpenses": 4495000000, "costAndExpenses": 7029000000, "interestIncome": 0, "interestExpense": -223000000, "depreciationAndAmortization": 502300000, "ebitda": 175300000, "ebitdaratio": 0.024624245, "operatingIncome": 90000000, "operatingIncomeRatio": 0.012642225, "totalOtherIncomeExpensesNet": -318000000, "incomeBeforeTax": -228000000, "incomeBeforeTaxRatio": -0.0320269701, "incomeTaxExpense": -115000000, "netIncome": 11000000, "netIncomeRatio": 0.0015451608, "eps": 0.0608, "epsdiluted": 0.0608, "weightedAverageShsOut": 181000000, "weightedAverageShsOutDil": 181000000, "link": "", "finalLink": "", "calculatedOtherExpenses": 1937000000, "calculatedOperatingExpenses": 4495000000, "calculatedNetInterest": 223000000, "calculatedOtherIncome": -541000000, "calculatedIncomeNonControlling": -124000000, "calculatedEbitda": 592300000}, {"date": "1985-12-31", "symbol": "UAL", "reportedCurrency": "USD", "cik": "0000100517", "fillingDate": "1985-12-31", "acceptedDate": "1985-12-30 19:00:00", "calendarYear": "1985", "period": "FY", "revenue": 5292000000, "costOfRevenue": 2039000000, "grossProfit": 3253000000, "grossProfitRatio": 0.6147014361, "researchAndDevelopmentExpenses": 0, "generalAndAdministrativeExpenses": 2030000000, "sellingAndMarketingExpenses": 0, "sellingGeneralAndAdministrativeExpenses": 2030000000, "otherExpenses": 1465000000, "operatingExpenses": 3495000000, "costAndExpenses": 5534000000, "interestIncome": 0, "interestExpense": -159000000, "depreciationAndAmortization": 424100000, "ebitda": 102100000, "ebitdaratio": 0.0192932729, "operatingIncome": -243000000, "operatingIncomeRatio": -0.0459183673, "totalOtherIncomeExpensesNet": 34000000, "incomeBeforeTax": -209000000, "incomeBeforeTaxRatio": -0.0394935752, "incomeTaxExpense": -114000000, "netIncome": -49000000, "netIncomeRatio": -0.0092592593, "eps": -0.35, "epsdiluted": -0.35, "weightedAverageShsOut": 139000000, "weightedAverageShsOutDil": 139000000, "link": "", "finalLink": "", "calculatedOtherExpenses": 1466000000, "calculatedOperatingExpenses": 3496000000, "calculatedNetInterest": 159000000, "calculatedOtherIncome": -125000000, "calculatedIncomeNonControlling": -46000000, "calculatedEbitda": 181100000}, {"date": "1984-12-31", "symbol": "UAL", "reportedCurrency": "USD", "cik": "0000100517", "fillingDate": "1984-12-31", "acceptedDate": "1984-12-30 19:00:00", "calendarYear": "1984", "period": "FY", "revenue": 6968000000, "costOfRevenue": 4654000000, "grossProfit": 2314000000, "grossProfitRatio": 0.3320895522, "researchAndDevelopmentExpenses": 0, "generalAndAdministrativeExpenses": 0, "sellingAndMarketingExpenses": 0, "sellingGeneralAndAdministrativeExpenses": 0, "otherExpenses": 1670000000, "operatingExpenses": 1670000000, "costAndExpenses": 6324000000, "interestIncome": 0, "interestExpense": -154000000, "depreciationAndAmortization": -294000000, "ebitda": 349000000, "ebitdaratio": 0.0500861079, "operatingIncome": 643000000, "operatingIncomeRatio": 0.0922789897, "totalOtherIncomeExpensesNet": -161000000, "incomeBeforeTax": 482000000, "incomeBeforeTaxRatio": 0.0691733639, "incomeTaxExpense": 221000000, "netIncome": 282000000, "netIncomeRatio": 0.0404707233, "eps": 1.73, "epsdiluted": 1.73, "weightedAverageShsOut": 163000000, "weightedAverageShsOutDil": 163000000, "link": "", "finalLink": "", "calculatedOtherExpenses": 1671000000, "calculatedOperatingExpenses": 1671000000, "calculatedNetInterest": 154000000, "calculatedOtherIncome": -315000000, "calculatedIncomeNonControlling": -21000000, "calculatedEbitda": 349000000}, {"date": "1983-12-31", "symbol": "UAL", "reportedCurrency": "USD", "cik": "0000100517", "fillingDate": "1983-12-31", "acceptedDate": "1983-12-30 19:00:00", "calendarYear": "1983", "period": "FY", "revenue": 6022000000, "costOfRevenue": 4311000000, "grossProfit": 1711000000, "grossProfitRatio": 0.2841248755, "researchAndDevelopmentExpenses": 0, "generalAndAdministrativeExpenses": 0, "sellingAndMarketingExpenses": 0, "sellingGeneralAndAdministrativeExpenses": 0, "otherExpenses": 1495000000, "operatingExpenses": 1495000000, "costAndExpenses": 5806000000, "interestIncome": 0, "interestExpense": -195000000, "depreciationAndAmortization": -163000000, "ebitda": 53000000, "ebitdaratio": 0.0088010628, "operatingIncome": 216000000, "operatingIncomeRatio": 0.0358684822, "totalOtherIncomeExpensesNet": 32000000, "incomeBeforeTax": 248000000, "incomeBeforeTaxRatio": 0.0411823315, "incomeTaxExpense": 106000000, "netIncome": 142000000, "netIncomeRatio": 0.0235802059, "eps": 1.1, "epsdiluted": 1.1, "weightedAverageShsOut": 129000000, "weightedAverageShsOutDil": 129000000, "link": "", "finalLink": "", "calculatedOtherExpenses": 1495000000, "calculatedOperatingExpenses": 1495000000, "calculatedNetInterest": 195000000, "calculatedOtherIncome": -163000000, "calculatedIncomeNonControlling": 0, "calculatedEbitda": 53000000}]}