{"originalCurrency": "USD", "convertedCurrency": "USD", "report": [{"date": "2023-12-31", "symbol": "UBER", "reportedCurrency": "USD", "cik": "0001543151", "fillingDate": "2024-02-15", "acceptedDate": "2024-02-15 16:30:29", "calendarYear": "2023", "period": "FY", "revenue": 37281000000, "costOfRevenue": 22457000000, "grossProfit": 14824000000, "grossProfitRatio": 0.397628819, "researchAndDevelopmentExpenses": 3164000000, "generalAndAdministrativeExpenses": 2682000000, "sellingAndMarketingExpenses": 4356000000, "sellingGeneralAndAdministrativeExpenses": 7038000000, "otherExpenses": -198000000, "operatingExpenses": 13714000000, "costAndExpenses": 36171000000, "interestIncome": 484000000, "interestExpense": 633000000, "depreciationAndAmortization": 823000000, "ebitda": 2219000000, "ebitdaratio": 0.0595209356, "operatingIncome": 1110000000, "operatingIncomeRatio": 0.0297738795, "totalOtherIncomeExpensesNet": 1360000000, "incomeBeforeTax": 2321000000, "incomeBeforeTaxRatio": 0.0622569137, "incomeTaxExpense": 213000000, "netIncome": 1887000000, "netIncomeRatio": 0.0506155951, "eps": 0.93, "epsdiluted": 0.87, "weightedAverageShsOut": 2035651000, "weightedAverageShsOutDil": 2091782000, "link": "https://www.sec.gov/Archives/edgar/data/1543151/000154315124000012/0001543151-24-000012-index.htm", "finalLink": "https://www.sec.gov/Archives/edgar/data/1543151/000154315124000012/uber-20231231.htm", "calculatedOtherExpenses": 3512000000, "calculatedOperatingExpenses": 13714000000, "calculatedNetInterest": -149000000, "calculatedOtherIncome": 1360000000, "calculatedIncomeNonControlling": 221000000, "calculatedEbitda": 1933000000}, {"date": "2022-12-31", "symbol": "UBER", "reportedCurrency": "USD", "cik": "0001543151", "fillingDate": "2023-02-21", "acceptedDate": "2023-02-21 16:10:08", "calendarYear": "2022", "period": "FY", "revenue": 31877000000, "costOfRevenue": 19659000000, "grossProfit": 12218000000, "grossProfitRatio": 0.3832857546, "researchAndDevelopmentExpenses": 2798000000, "generalAndAdministrativeExpenses": 3136000000, "sellingAndMarketingExpenses": 4756000000, "sellingGeneralAndAdministrativeExpenses": 7892000000, "otherExpenses": 3360000000, "operatingExpenses": 14050000000, "costAndExpenses": 33709000000, "interestIncome": 139000000, "interestExpense": 565000000, "depreciationAndAmortization": 1087000000, "ebitda": -745000000, "ebitdaratio": -0.0233710826, "operatingIncome": -1832000000, "operatingIncomeRatio": -0.0574709038, "totalOtherIncomeExpensesNet": -7594000000, "incomeBeforeTax": -9426000000, "incomeBeforeTaxRatio": -0.2956990934, "incomeTaxExpense": -181000000, "netIncome": -9245000000, "netIncomeRatio": -0.2900210183, "eps": -4.69, "epsdiluted": -4.68, "weightedAverageShsOut": 1972131000, "weightedAverageShsOutDil": 1974928000, "link": "https://www.sec.gov/Archives/edgar/data/1543151/000154315123000010/0001543151-23-000010-index.htm", "finalLink": "https://www.sec.gov/Archives/edgar/data/1543151/000154315123000010/uber-20221231.htm", "calculatedOtherExpenses": 3360000000, "calculatedOperatingExpenses": 14050000000, "calculatedNetInterest": -426000000, "calculatedOtherIncome": -7168000000, "calculatedIncomeNonControlling": 0, "calculatedEbitda": -745000000}, {"date": "2021-12-31", "symbol": "UBER", "reportedCurrency": "USD", "cik": "0001543151", "fillingDate": "2022-02-24", "acceptedDate": "2022-02-24 16:33:34", "calendarYear": "2021", "period": "FY", "revenue": 17455000000, "costOfRevenue": 9351000000, "grossProfit": 8104000000, "grossProfitRatio": 0.4642795761, "researchAndDevelopmentExpenses": 2054000000, "generalAndAdministrativeExpenses": 2316000000, "sellingAndMarketingExpenses": 4789000000, "sellingGeneralAndAdministrativeExpenses": 7105000000, "otherExpenses": 2779000000, "operatingExpenses": 11938000000, "costAndExpenses": 21289000000, "interestIncome": 37000000, "interestExpense": 483000000, "depreciationAndAmortization": 1022000000, "ebitda": -2812000000, "ebitdaratio": -0.1610999714, "operatingIncome": -3834000000, "operatingIncomeRatio": -0.2196505299, "totalOtherIncomeExpensesNet": 2809000000, "incomeBeforeTax": -1025000000, "incomeBeforeTaxRatio": -0.0587224291, "incomeTaxExpense": -492000000, "netIncome": -533000000, "netIncomeRatio": -0.0305356631, "eps": -0.28, "epsdiluted": -0.28, "weightedAverageShsOut": 1892546000, "weightedAverageShsOutDil": 1892546000, "link": "https://www.sec.gov/Archives/edgar/data/1543151/000154315122000008/0001543151-22-000008-index.htm", "finalLink": "https://www.sec.gov/Archives/edgar/data/1543151/000154315122000008/uber-20211231.htm", "calculatedOtherExpenses": 2779000000, "calculatedOperatingExpenses": 11938000000, "calculatedNetInterest": -446000000, "calculatedOtherIncome": 3255000000, "calculatedIncomeNonControlling": 0, "calculatedEbitda": -2812000000}, {"date": "2020-12-31", "symbol": "UBER", "reportedCurrency": "USD", "cik": "0001543151", "fillingDate": "2021-03-01", "acceptedDate": "2021-03-01 08:06:48", "calendarYear": "2020", "period": "FY", "revenue": 11139000000, "costOfRevenue": 5154000000, "grossProfit": 5985000000, "grossProfitRatio": 0.5373013736, "researchAndDevelopmentExpenses": 2205000000, "generalAndAdministrativeExpenses": 2666000000, "sellingAndMarketingExpenses": 3583000000, "sellingGeneralAndAdministrativeExpenses": 6249000000, "otherExpenses": 2394000000, "operatingExpenses": 10848000000, "costAndExpenses": 16002000000, "interestIncome": 55000000, "interestExpense": 458000000, "depreciationAndAmortization": 689000000, "ebitda": -4174000000, "ebitdaratio": -0.3747194542, "operatingIncome": -4863000000, "operatingIncomeRatio": -0.4365741988, "totalOtherIncomeExpensesNet": -2083000000, "incomeBeforeTax": -6946000000, "incomeBeforeTaxRatio": -0.6235748272, "incomeTaxExpense": -192000000, "netIncome": -6754000000, "netIncomeRatio": -0.6063380914, "eps": -3.85, "epsdiluted": -3.85, "weightedAverageShsOut": 1752960000, "weightedAverageShsOutDil": 1752960000, "link": "https://www.sec.gov/Archives/edgar/data/1543151/000154315121000014/0001543151-21-000014-index.htm", "finalLink": "https://www.sec.gov/Archives/edgar/data/1543151/000154315121000014/uber-20201231.htm", "calculatedOtherExpenses": 2394000000, "calculatedOperatingExpenses": 10848000000, "calculatedNetInterest": -403000000, "calculatedOtherIncome": -1680000000, "calculatedIncomeNonControlling": 0, "calculatedEbitda": -4174000000}, {"date": "2019-12-31", "symbol": "UBER", "reportedCurrency": "USD", "cik": "0001543151", "fillingDate": "2020-03-02", "acceptedDate": "2020-03-02 16:12:35", "calendarYear": "2019", "period": "FY", "revenue": 14147000000, "costOfRevenue": 7208000000, "grossProfit": 6939000000, "grossProfitRatio": 0.490492684, "researchAndDevelopmentExpenses": 4836000000, "generalAndAdministrativeExpenses": 3299000000, "sellingAndMarketingExpenses": 4626000000, "sellingGeneralAndAdministrativeExpenses": 7925000000, "otherExpenses": 2774000000, "operatingExpenses": 15535000000, "costAndExpenses": 22743000000, "interestIncome": 234000000, "interestExpense": 559000000, "depreciationAndAmortization": 730000000, "ebitda": -7866000000, "ebitdaratio": -0.5560189439, "operatingIncome": -8596000000, "operatingIncomeRatio": -0.6076199901, "totalOtherIncomeExpensesNet": 163000000, "incomeBeforeTax": -8433000000, "incomeBeforeTaxRatio": -0.5960981127, "incomeTaxExpense": 45000000, "netIncome": -8478000000, "netIncomeRatio": -0.5992789991, "eps": -6.79, "epsdiluted": -6.79, "weightedAverageShsOut": 1248353000, "weightedAverageShsOutDil": 1248353000, "link": "https://www.sec.gov/Archives/edgar/data/1543151/000154315120000010/0001543151-20-000010-index.htm", "finalLink": "https://www.sec.gov/Archives/edgar/data/1543151/000154315120000010/fy2019q410kfinancialst.htm", "calculatedOtherExpenses": 2774000000, "calculatedOperatingExpenses": 15535000000, "calculatedNetInterest": -325000000, "calculatedOtherIncome": 488000000, "calculatedIncomeNonControlling": 0, "calculatedEbitda": -7866000000}, {"date": "2018-12-31", "symbol": "UBER", "reportedCurrency": "USD", "cik": "0001543151", "fillingDate": "2018-12-31", "acceptedDate": "2018-12-30 19:00:00", "calendarYear": "2018", "period": "FY", "revenue": 11270000000, "costOfRevenue": 5623000000, "grossProfit": 5647000000, "grossProfitRatio": 0.5010647737, "researchAndDevelopmentExpenses": 1505000000, "generalAndAdministrativeExpenses": 2082000000, "sellingAndMarketingExpenses": 3151000000, "sellingGeneralAndAdministrativeExpenses": 5233000000, "otherExpenses": 225000000, "operatingExpenses": 8680000000, "costAndExpenses": 14303000000, "interestIncome": 104000000, "interestExpense": 648000000, "depreciationAndAmortization": 426000000, "ebitda": -2278000000, "ebitdaratio": -0.2021295475, "operatingIncome": -3033000000, "operatingIncomeRatio": -0.2691215617, "totalOtherIncomeExpensesNet": 4889000000, "incomeBeforeTax": 1312000000, "incomeBeforeTaxRatio": 0.1164152618, "incomeTaxExpense": 283000000, "netIncome": 997000000, "netIncomeRatio": 0.0884649512, "eps": 0.91, "epsdiluted": 0.91, "weightedAverageShsOut": 1092241000, "weightedAverageShsOutDil": 1092241000, "link": "", "finalLink": "", "calculatedOtherExpenses": 1942000000, "calculatedOperatingExpenses": 8680000000, "calculatedNetInterest": -544000000, "calculatedOtherIncome": 4889000000, "calculatedIncomeNonControlling": 32000000, "calculatedEbitda": -2607000000}, {"date": "2017-12-31", "symbol": "UBER", "reportedCurrency": "USD", "cik": "0001543151", "fillingDate": "2017-12-31", "acceptedDate": "2017-12-30 19:00:00", "calendarYear": "2017", "period": "FY", "revenue": 7932000000, "costOfRevenue": 4160000000, "grossProfit": 3772000000, "grossProfitRatio": 0.4755421079, "researchAndDevelopmentExpenses": 1201000000, "generalAndAdministrativeExpenses": 2263000000, "sellingAndMarketingExpenses": 2524000000, "sellingGeneralAndAdministrativeExpenses": 4787000000, "otherExpenses": 44000000, "operatingExpenses": 7852000000, "costAndExpenses": 12012000000, "interestIncome": 71000000, "interestExpense": 479000000, "depreciationAndAmortization": 510000000, "ebitda": -3455000000, "ebitdaratio": -0.435577408, "operatingIncome": -4080000000, "operatingIncomeRatio": -0.5143721634, "totalOtherIncomeExpensesNet": -87000000, "incomeBeforeTax": -4575000000, "incomeBeforeTaxRatio": -0.5767776097, "incomeTaxExpense": -542000000, "netIncome": -4033000000, "netIncomeRatio": -0.5084467978, "eps": -3.69, "epsdiluted": -3.69, "weightedAverageShsOut": 1092241000, "weightedAverageShsOutDil": 1092241000, "link": "", "finalLink": "", "calculatedOtherExpenses": 1864000000, "calculatedOperatingExpenses": 7852000000, "calculatedNetInterest": -408000000, "calculatedOtherIncome": -87000000, "calculatedIncomeNonControlling": 0, "calculatedEbitda": -3570000000}, {"date": "2016-12-31", "symbol": "UBER", "reportedCurrency": "USD", "cik": "0001543151", "fillingDate": "2016-12-31", "acceptedDate": "2016-12-30 19:00:00", "calendarYear": "2016", "period": "FY", "revenue": 3845000000, "costOfRevenue": 2228000000, "grossProfit": 1617000000, "grossProfitRatio": 0.4205461638, "researchAndDevelopmentExpenses": 864000000, "generalAndAdministrativeExpenses": 981000000, "sellingAndMarketingExpenses": 1594000000, "sellingGeneralAndAdministrativeExpenses": 2575000000, "otherExpenses": 66000000, "operatingExpenses": 4640000000, "costAndExpenses": 6868000000, "interestIncome": 22000000, "interestExpense": 334000000, "depreciationAndAmortization": 347000000, "ebitda": -2588000000, "ebitdaratio": -0.6730819246, "operatingIncome": -3023000000, "operatingIncomeRatio": -0.7862158648, "totalOtherIncomeExpensesNet": 117000000, "incomeBeforeTax": -3218000000, "incomeBeforeTaxRatio": -0.8369310793, "incomeTaxExpense": 28000000, "netIncome": -370000000, "netIncomeRatio": -0.0962288687, "eps": -0.25, "epsdiluted": -0.24, "weightedAverageShsOut": 1458714000, "weightedAverageShsOutDil": 1525531000, "link": "", "finalLink": "", "calculatedOtherExpenses": 1201000000, "calculatedOperatingExpenses": 4640000000, "calculatedNetInterest": -312000000, "calculatedOtherIncome": 117000000, "calculatedIncomeNonControlling": -2876000000, "calculatedEbitda": -2676000000}]}