{"originalCurrency": "USD", "convertedCurrency": "USD", "report": [{"date": "2023-12-31", "symbol": "UBSI", "reportedCurrency": "USD", "cik": "0000729986", "fillingDate": "2024-02-29", "acceptedDate": "2024-02-29 16:20:03", "calendarYear": "2023", "period": "FY", "revenue": 1504693000, "costOfRevenue": 1599000, "grossProfit": 1503094000, "grossProfitRatio": 0.9989373248, "researchAndDevelopmentExpenses": 0, "generalAndAdministrativeExpenses": 309553000, "sellingAndMarketingExpenses": 9330000, "sellingGeneralAndAdministrativeExpenses": 309553000, "otherExpenses": -199354000, "operatingExpenses": 199354000, "costAndExpenses": 1068459000, "interestIncome": 1401320000, "interestExpense": 90302000, "depreciationAndAmortization": 22307000, "ebitda": 5116000, "ebitdaratio": 0.0034000291, "operatingIncome": -17191000, "operatingIncomeRatio": -0.0114249219, "totalOtherIncomeExpensesNet": 463805000, "incomeBeforeTax": 463805000, "incomeBeforeTaxRatio": 0.3082389564, "incomeTaxExpense": 97492000, "netIncome": 366313000, "netIncomeRatio": 0.2434470021, "eps": 2.72, "epsdiluted": 2.71, "weightedAverageShsOut": 134505058, "weightedAverageShsOutDil": 134753820, "link": "https://www.sec.gov/Archives/edgar/data/729986/000119312524053462/0001193125-24-053462-index.htm", "finalLink": "https://www.sec.gov/Archives/edgar/data/729986/000119312524053462/d815282d10k.htm", "calculatedOtherExpenses": 1210732000, "calculatedOperatingExpenses": 1520285000, "calculatedNetInterest": 1311018000, "calculatedOtherIncome": -830022000, "calculatedIncomeNonControlling": 0, "calculatedEbitda": 5116000}, {"date": "2022-12-31", "symbol": "UBSI", "reportedCurrency": "USD", "cik": "0000729986", "fillingDate": "2023-03-01", "acceptedDate": "2023-03-01 15:08:02", "calendarYear": "2022", "period": "FY", "revenue": 1031613000, "costOfRevenue": 0, "grossProfit": 1031613000, "grossProfitRatio": 1, "researchAndDevelopmentExpenses": 0, "generalAndAdministrativeExpenses": 300340000, "sellingAndMarketingExpenses": 8160000, "sellingGeneralAndAdministrativeExpenses": 300340000, "otherExpenses": -746144000, "operatingExpenses": -445804000, "costAndExpenses": -445804000, "interestIncome": 1006457000, "interestExpense": 105559000, "depreciationAndAmortization": 5516000, "ebitda": 591325000, "ebitdaratio": 0.5732042927, "operatingIncome": 585809000, "operatingIncomeRatio": 0.5678573263, "totalOtherIncomeExpensesNet": -105559000, "incomeBeforeTax": 480250000, "incomeBeforeTaxRatio": 0.465533102, "incomeTaxExpense": 100623000, "netIncome": 379627000, "netIncomeRatio": 0.3679936178, "eps": 2.81, "epsdiluted": 2.8, "weightedAverageShsOut": 134776241, "weightedAverageShsOutDil": 135117512, "link": "https://www.sec.gov/Archives/edgar/data/729986/000119312523056045/0001193125-23-056045-index.htm", "finalLink": "https://www.sec.gov/Archives/edgar/data/729986/000119312523056045/d426237d10k.htm", "calculatedOtherExpenses": 145464000, "calculatedOperatingExpenses": 445804000, "calculatedNetInterest": 900898000, "calculatedOtherIncome": -1006457000, "calculatedIncomeNonControlling": 0, "calculatedEbitda": 591325000}, {"date": "2021-12-31", "symbol": "UBSI", "reportedCurrency": "USD", "cik": "0000729986", "fillingDate": "2022-03-01", "acceptedDate": "2022-03-01 14:52:19", "calendarYear": "2021", "period": "FY", "revenue": 1008580000, "costOfRevenue": 0, "grossProfit": 1008580000, "grossProfitRatio": 1, "researchAndDevelopmentExpenses": 0, "generalAndAdministrativeExpenses": 373633000, "sellingAndMarketingExpenses": 5781000, "sellingGeneralAndAdministrativeExpenses": 373633000, "otherExpenses": -919360000, "operatingExpenses": -545727000, "costAndExpenses": -545727000, "interestIncome": 795117000, "interestExpense": 52383000, "depreciationAndAmortization": 5908000, "ebitda": 468761000, "ebitdaratio": 0.4647732456, "operatingIncome": 462853000, "operatingIncomeRatio": 0.458915505, "totalOtherIncomeExpensesNet": 462853000, "incomeBeforeTax": 462853000, "incomeBeforeTaxRatio": 0.458915505, "incomeTaxExpense": 95115000, "netIncome": 367738000, "netIncomeRatio": 0.3646096492, "eps": 2.84, "epsdiluted": 2.83, "weightedAverageShsOut": 129276452, "weightedAverageShsOutDil": 129512853, "link": "https://www.sec.gov/Archives/edgar/data/729986/000119312522061038/0001193125-22-061038-index.htm", "finalLink": "https://www.sec.gov/Archives/edgar/data/729986/000119312522061038/d233531d10k.htm", "calculatedOtherExpenses": 172094000, "calculatedOperatingExpenses": 545727000, "calculatedNetInterest": 742734000, "calculatedOtherIncome": -742734000, "calculatedIncomeNonControlling": 0, "calculatedEbitda": 468761000}, {"date": "2020-12-31", "symbol": "UBSI", "reportedCurrency": "USD", "cik": "0000729986", "fillingDate": "2021-03-01", "acceptedDate": "2021-03-01 15:39:30", "calendarYear": "2020", "period": "FY", "revenue": 1036747000, "costOfRevenue": 0, "grossProfit": 1036747000, "grossProfitRatio": 1, "researchAndDevelopmentExpenses": 0, "generalAndAdministrativeExpenses": 369083000, "sellingAndMarketingExpenses": 5611000, "sellingGeneralAndAdministrativeExpenses": 369083000, "otherExpenses": -1042202000, "operatingExpenses": -673119000, "costAndExpenses": -673119000, "interestIncome": 802270000, "interestExpense": 108609000, "depreciationAndAmortization": 6605000, "ebitda": 370233000, "ebitdaratio": 0.3571102689, "operatingIncome": 363628000, "operatingIncomeRatio": 0.35073938, "totalOtherIncomeExpensesNet": 359740000, "incomeBeforeTax": 363628000, "incomeBeforeTaxRatio": 0.35073938, "incomeTaxExpense": 74605000, "netIncome": 289023000, "netIncomeRatio": 0.2787787184, "eps": 2.4, "epsdiluted": 2.4, "weightedAverageShsOut": 120017247, "weightedAverageShsOutDil": 120090232, "link": "https://www.sec.gov/Archives/edgar/data/729986/000119312521063344/0001193125-21-063344-index.htm", "finalLink": "https://www.sec.gov/Archives/edgar/data/729986/000119312521063344/d41296d10k.htm", "calculatedOtherExpenses": 304036000, "calculatedOperatingExpenses": 673119000, "calculatedNetInterest": 693661000, "calculatedOtherIncome": -693661000, "calculatedIncomeNonControlling": 0, "calculatedEbitda": 370233000}, {"date": "2019-12-31", "symbol": "UBSI", "reportedCurrency": "USD", "cik": "0000729986", "fillingDate": "2020-03-02", "acceptedDate": "2020-03-02 16:15:50", "calendarYear": "2019", "period": "FY", "revenue": 732141000, "costOfRevenue": 0, "grossProfit": 732141000, "grossProfitRatio": 1, "researchAndDevelopmentExpenses": 0, "generalAndAdministrativeExpenses": 240009000, "sellingAndMarketingExpenses": 5082000, "sellingGeneralAndAdministrativeExpenses": 240009000, "otherExpenses": -643976000, "operatingExpenses": -403967000, "costAndExpenses": -403967000, "interestIncome": 766297000, "interestExpense": 184640000, "depreciationAndAmortization": 7016000, "ebitda": 335190000, "ebitdaratio": 0.4578216491, "operatingIncome": 328174000, "operatingIncomeRatio": 0.4482387955, "totalOtherIncomeExpensesNet": 324439000, "incomeBeforeTax": 328174000, "incomeBeforeTaxRatio": 0.4482387955, "incomeTaxExpense": 68075000, "netIncome": 260099000, "netIncomeRatio": 0.3552580719, "eps": 2.55, "epsdiluted": 2.55, "weightedAverageShsOut": 101585599, "weightedAverageShsOutDil": 101852577, "link": "https://www.sec.gov/Archives/edgar/data/729986/000119312520058900/0001193125-20-058900-index.htm", "finalLink": "https://www.sec.gov/Archives/edgar/data/729986/000119312520058900/d837039d10k.htm", "calculatedOtherExpenses": 163958000, "calculatedOperatingExpenses": 403967000, "calculatedNetInterest": 581657000, "calculatedOtherIncome": -581657000, "calculatedIncomeNonControlling": 0, "calculatedEbitda": 335190000}, {"date": "2018-12-31", "symbol": "UBSI", "reportedCurrency": "USD", "cik": "0000729986", "fillingDate": "2019-03-01", "acceptedDate": "2019-03-01 15:54:24", "calendarYear": "2018", "period": "FY", "revenue": 717357000, "costOfRevenue": 4734000, "grossProfit": 712623000, "grossProfitRatio": 0.9934007753, "researchAndDevelopmentExpenses": 0, "generalAndAdministrativeExpenses": 235904000, "sellingAndMarketingExpenses": 4643000, "sellingGeneralAndAdministrativeExpenses": 235904000, "otherExpenses": -492292000, "operatingExpenses": -256388000, "costAndExpenses": -256388000, "interestIncome": 717715000, "interestExpense": 129070000, "depreciationAndAmortization": -21061000, "ebitda": 435174000, "ebitdaratio": 0.60663519, "operatingIncome": 456235000, "operatingIncomeRatio": 0.6359943515, "totalOtherIncomeExpensesNet": -129070000, "incomeBeforeTax": 327165000, "incomeBeforeTaxRatio": 0.4560699903, "incomeTaxExpense": 70823000, "netIncome": 256342000, "netIncomeRatio": 0.3573422996, "eps": 2.46, "epsdiluted": 2.46, "weightedAverageShsOut": 104015976, "weightedAverageShsOutDil": 104298825, "link": "https://www.sec.gov/Archives/edgar/data/729986/000119312519060795/0001193125-19-060795-index.htm", "finalLink": "https://www.sec.gov/Archives/edgar/data/729986/000119312519060795/d609374d10k.htm", "calculatedOtherExpenses": 20484000, "calculatedOperatingExpenses": 256388000, "calculatedNetInterest": 588645000, "calculatedOtherIncome": -717715000, "calculatedIncomeNonControlling": 0, "calculatedEbitda": 435174000}, {"date": "2017-12-31", "symbol": "UBSI", "reportedCurrency": "USD", "cik": "0000729986", "fillingDate": "2018-03-01", "acceptedDate": "2018-03-01 15:24:03", "calendarYear": "2017", "period": "FY", "revenue": 680642000, "costOfRevenue": 1809000, "grossProfit": 678833000, "grossProfitRatio": 0.9973422151, "researchAndDevelopmentExpenses": 0, "generalAndAdministrativeExpenses": 229460000, "sellingAndMarketingExpenses": 4519000, "sellingGeneralAndAdministrativeExpenses": 229460000, "otherExpenses": -577996000, "operatingExpenses": -348536000, "costAndExpenses": 1809000, "interestIncome": 623806000, "interestExpense": 74809000, "depreciationAndAmortization": 7772000, "ebitda": 338069000, "ebitdaratio": 0.496691359, "operatingIncome": 330297000, "operatingIncomeRatio": 0.4852727278, "totalOtherIncomeExpensesNet": -45470000, "incomeBeforeTax": 284827000, "incomeBeforeTaxRatio": 0.4184681521, "incomeTaxExpense": 134246000, "netIncome": 150581000, "netIncomeRatio": 0.2212337763, "eps": 1.54, "epsdiluted": 1.54, "weightedAverageShsOut": 97502633, "weightedAverageShsOutDil": 97890078, "link": "https://www.sec.gov/Archives/edgar/data/729986/000119312518066863/0001193125-18-066863-index.htm", "finalLink": "https://www.sec.gov/Archives/edgar/data/729986/000119312518066863/d462848d10k.htm", "calculatedOtherExpenses": 119076000, "calculatedOperatingExpenses": 348536000, "calculatedNetInterest": 548997000, "calculatedOtherIncome": -594467000, "calculatedIncomeNonControlling": 0, "calculatedEbitda": 338069000}, {"date": "2016-12-31", "symbol": "UBSI", "reportedCurrency": "USD", "cik": "0000729986", "fillingDate": "2017-03-01", "acceptedDate": "2017-03-01 14:16:45", "calendarYear": "2016", "period": "FY", "revenue": 495363000, "costOfRevenue": 1742000, "grossProfit": 493621000, "grossProfitRatio": 0.9964833869, "researchAndDevelopmentExpenses": 0, "generalAndAdministrativeExpenses": 146074000, "sellingAndMarketingExpenses": 3410000, "sellingGeneralAndAdministrativeExpenses": 146074000, "otherExpenses": -384691000, "operatingExpenses": -238617000, "costAndExpenses": 1742000, "interestIncome": 470341000, "interestExpense": 45010000, "depreciationAndAmortization": 3944000, "ebitda": 258948000, "ebitdaratio": 0.5227439272, "operatingIncome": 255004000, "operatingIncomeRatio": 0.5147820891, "totalOtherIncomeExpensesNet": -32346000, "incomeBeforeTax": 222658000, "incomeBeforeTaxRatio": 0.4494845194, "incomeTaxExpense": 75575000, "netIncome": 147083000, "netIncomeRatio": 0.2969196327, "eps": 2, "epsdiluted": 1.99, "weightedAverageShsOut": 73531992, "weightedAverageShsOutDil": 73893127, "link": "https://www.sec.gov/Archives/edgar/data/729986/000119312517065038/0001193125-17-065038-index.htm", "finalLink": "https://www.sec.gov/Archives/edgar/data/729986/000119312517065038/d295425d10k.htm", "calculatedOtherExpenses": 92543000, "calculatedOperatingExpenses": 238617000, "calculatedNetInterest": 425331000, "calculatedOtherIncome": -457677000, "calculatedIncomeNonControlling": 0, "calculatedEbitda": 258948000}, {"date": "2015-12-31", "symbol": "UBSI", "reportedCurrency": "USD", "cik": "0000729986", "fillingDate": "2016-02-29", "acceptedDate": "2016-02-29 14:46:40", "calendarYear": "2015", "period": "FY", "revenue": 457750000, "costOfRevenue": 1505000, "grossProfit": 456245000, "grossProfitRatio": 0.9967121791, "researchAndDevelopmentExpenses": 0, "generalAndAdministrativeExpenses": 138443000, "sellingAndMarketingExpenses": 4110999, "sellingGeneralAndAdministrativeExpenses": 138443000, "otherExpenses": -354367000, "operatingExpenses": -215924000, "costAndExpenses": 1505000, "interestIncome": 423630000, "interestExpense": 39506000, "depreciationAndAmortization": 3420000, "ebitda": 243741000, "ebitdaratio": 0.5324762425, "operatingIncome": 240321000, "operatingIncomeRatio": 0.5250049153, "totalOtherIncomeExpensesNet": -36832000, "incomeBeforeTax": 203489000, "incomeBeforeTaxRatio": 0.4445417804, "incomeTaxExpense": 65530000, "netIncome": 137959000, "netIncomeRatio": 0.3013850355, "eps": 1.99, "epsdiluted": 1.98, "weightedAverageShsOut": 69334849, "weightedAverageShsOutDil": 69625531, "link": "https://www.sec.gov/Archives/edgar/data/729986/000119312516484917/0001193125-16-484917-index.htm", "finalLink": "https://www.sec.gov/Archives/edgar/data/729986/000119312516484917/d221835d10k.htm", "calculatedOtherExpenses": 77481000, "calculatedOperatingExpenses": 215924000, "calculatedNetInterest": 384124000, "calculatedOtherIncome": -420956000, "calculatedIncomeNonControlling": 0, "calculatedEbitda": 243741000}, {"date": "2014-12-31", "symbol": "UBSI", "reportedCurrency": "USD", "cik": "0000729986", "fillingDate": "2015-03-02", "acceptedDate": "2015-03-02 12:07:34", "calendarYear": "2014", "period": "FY", "revenue": 447694000, "costOfRevenue": 1391000, "grossProfit": 446303000, "grossProfitRatio": 0.9968929671, "researchAndDevelopmentExpenses": 0, "generalAndAdministrativeExpenses": 133300000, "sellingAndMarketingExpenses": 4759000, "sellingGeneralAndAdministrativeExpenses": 133300000, "otherExpenses": -344330000, "operatingExpenses": -211030000, "costAndExpenses": 1391000, "interestIncome": 418542000, "interestExpense": 42834000, "depreciationAndAmortization": 4021000, "ebitda": 239294000, "ebitdaratio": 0.5345034778, "operatingIncome": 235273000, "operatingIncomeRatio": 0.5255218967, "totalOtherIncomeExpensesNet": -40387000, "incomeBeforeTax": 194886000, "incomeBeforeTaxRatio": 0.4353107256, "incomeTaxExpense": 64998000, "netIncome": 129888000, "netIncomeRatio": 0.2901267384, "eps": 1.93, "epsdiluted": 1.92, "weightedAverageShsOut": 67404254, "weightedAverageShsOutDil": 67648673, "link": "https://www.sec.gov/Archives/edgar/data/729986/000119312515072491/0001193125-15-072491-index.htm", "finalLink": "https://www.sec.gov/Archives/edgar/data/729986/000119312515072491/d833856d10k.htm", "calculatedOtherExpenses": 77730000, "calculatedOperatingExpenses": 211030000, "calculatedNetInterest": 375708000, "calculatedOtherIncome": -416095000, "calculatedIncomeNonControlling": 0, "calculatedEbitda": 239294000}, {"date": "2013-12-31", "symbol": "UBSI", "reportedCurrency": "USD", "cik": "0000729986", "fillingDate": "2014-03-03", "acceptedDate": "2014-03-03 12:14:31", "calendarYear": "2013", "period": "FY", "revenue": 337669000, "costOfRevenue": 1332000, "grossProfit": 336337000, "grossProfitRatio": 0.9960553086, "researchAndDevelopmentExpenses": 0, "generalAndAdministrativeExpenses": 108626000, "sellingAndMarketingExpenses": 3777000, "sellingGeneralAndAdministrativeExpenses": 108626000, "otherExpenses": -273896000, "operatingExpenses": -165270000, "costAndExpenses": 1332000, "interestIncome": 306154000, "interestExpense": 36313000, "depreciationAndAmortization": 1969000, "ebitda": 173036000, "ebitdaratio": 0.5124426583, "operatingIncome": 171067000, "operatingIncomeRatio": 0.5066115042, "totalOtherIncomeExpensesNet": -46023000, "incomeBeforeTax": 125044000, "incomeBeforeTaxRatio": 0.3703153088, "incomeTaxExpense": 39416000, "netIncome": 85628000, "netIncomeRatio": 0.2535856119, "eps": 1.7, "epsdiluted": 1.7, "weightedAverageShsOut": 50353452, "weightedAverageShsOutDil": 50426078, "link": "https://www.sec.gov/Archives/edgar/data/729986/000119312514079483/0001193125-14-079483-index.htm", "finalLink": "https://www.sec.gov/Archives/edgar/data/729986/000119312514079483/d634368d10k.htm", "calculatedOtherExpenses": 56644000, "calculatedOperatingExpenses": 165270000, "calculatedNetInterest": 269841000, "calculatedOtherIncome": -315864000, "calculatedIncomeNonControlling": 0, "calculatedEbitda": 173036000}, {"date": "2012-12-31", "symbol": "UBSI", "reportedCurrency": "USD", "cik": "0000729986", "fillingDate": "2013-02-28", "acceptedDate": "2013-02-28 16:15:12", "calendarYear": "2012", "period": "FY", "revenue": 343999000, "costOfRevenue": 1315000, "grossProfit": 342684000, "grossProfitRatio": 0.9961773145, "researchAndDevelopmentExpenses": 0, "generalAndAdministrativeExpenses": 111176000, "sellingAndMarketingExpenses": 4270000, "sellingGeneralAndAdministrativeExpenses": 111176000, "otherExpenses": -279318000, "operatingExpenses": -168142000, "costAndExpenses": 1315000, "interestIncome": 323897000, "interestExpense": 46190000, "depreciationAndAmortization": 2852000, "ebitda": 177394000, "ebitdaratio": 0.5156817316, "operatingIncome": 174542000, "operatingIncomeRatio": 0.5073910099, "totalOtherIncomeExpensesNet": -53061000, "incomeBeforeTax": 121481000, "incomeBeforeTaxRatio": 0.3531434684, "incomeTaxExpense": 38874000, "netIncome": 82607000, "netIncomeRatio": 0.240137326, "eps": 1.64, "epsdiluted": 1.64, "weightedAverageShsOut": 50265620, "weightedAverageShsOutDil": 50298019, "link": "https://www.sec.gov/Archives/edgar/data/729986/000119312513084200/0001193125-13-084200-index.htm", "finalLink": "https://www.sec.gov/Archives/edgar/data/729986/000119312513084200/d448569d10k.htm", "calculatedOtherExpenses": 56966000, "calculatedOperatingExpenses": 168142000, "calculatedNetInterest": 277707000, "calculatedOtherIncome": -330768000, "calculatedIncomeNonControlling": 0, "calculatedEbitda": 177394000}, {"date": "2011-12-31", "symbol": "UBSI", "reportedCurrency": "USD", "cik": "0000729986", "fillingDate": "2012-02-29", "acceptedDate": "2012-02-29 11:15:55", "calendarYear": "2011", "period": "FY", "revenue": 338566000, "costOfRevenue": 6587000, "grossProfit": 331979000, "grossProfitRatio": 0.9805444138, "researchAndDevelopmentExpenses": 0, "generalAndAdministrativeExpenses": 90437000, "sellingAndMarketingExpenses": 0, "sellingGeneralAndAdministrativeExpenses": 90437000, "otherExpenses": 20414000, "operatingExpenses": 110851000, "costAndExpenses": 117438000, "interestIncome": 323109000, "interestExpense": 55794000, "depreciationAndAmortization": 2429000, "ebitda": 173510000, "ebitdaratio": 0.5124850103, "operatingIncome": 171081000, "operatingIncomeRatio": 0.5053106337, "totalOtherIncomeExpensesNet": -60705000, "incomeBeforeTax": 110376000, "incomeBeforeTaxRatio": 0.3260102905, "incomeTaxExpense": 34766000, "netIncome": 75610000, "netIncomeRatio": 0.2233242558, "eps": 1.62, "epsdiluted": 1.61, "weightedAverageShsOut": 46803432, "weightedAverageShsOutDil": 46837363, "link": "https://www.sec.gov/Archives/edgar/data/729986/000119312512087709/0001193125-12-087709-index.htm", "finalLink": "https://www.sec.gov/Archives/edgar/data/729986/000119312512087709/d260740d10k.htm", "calculatedOtherExpenses": 70461000, "calculatedOperatingExpenses": 160898000, "calculatedNetInterest": 267315000, "calculatedOtherIncome": -328020000, "calculatedIncomeNonControlling": 0, "calculatedEbitda": 173510000}, {"date": "2010-12-31", "symbol": "UBSI", "reportedCurrency": "USD", "cik": "0000729986", "fillingDate": "2011-02-25", "acceptedDate": "2011-02-25 13:29:57", "calendarYear": "2010", "period": "FY", "revenue": 316110000, "costOfRevenue": 5906000, "grossProfit": 310204000, "grossProfitRatio": 0.9813166303, "researchAndDevelopmentExpenses": 0, "generalAndAdministrativeExpenses": 98128000, "sellingAndMarketingExpenses": 0, "sellingGeneralAndAdministrativeExpenses": 98128000, "otherExpenses": 9815000, "operatingExpenses": 107943000, "costAndExpenses": 113849000, "interestIncome": 329288000, "interestExpense": 85196000, "depreciationAndAmortization": 1884000, "ebitda": 196388000, "ebitdaratio": 0.6212647496, "operatingIncome": 194504000, "operatingIncomeRatio": 0.615304799, "totalOtherIncomeExpensesNet": -90100000, "incomeBeforeTax": 104404000, "incomeBeforeTaxRatio": 0.3302774351, "incomeTaxExpense": 32457000, "netIncome": 71947000, "netIncomeRatio": 0.2276011515, "eps": 1.65, "epsdiluted": 1.65, "weightedAverageShsOut": 43547965, "weightedAverageShsOutDil": 43625183, "link": "https://www.sec.gov/Archives/edgar/data/729986/000119312511046998/0001193125-11-046998-index.htm", "finalLink": "https://www.sec.gov/Archives/edgar/data/729986/000119312511046998/d10k.htm", "calculatedOtherExpenses": 17572000, "calculatedOperatingExpenses": 115700000, "calculatedNetInterest": 244092000, "calculatedOtherIncome": -334192000, "calculatedIncomeNonControlling": 0, "calculatedEbitda": 196388000}, {"date": "2009-12-31", "symbol": "UBSI", "reportedCurrency": "USD", "cik": "0000729986", "fillingDate": "2010-02-26", "acceptedDate": "2010-02-26 10:33:44", "calendarYear": "2009", "period": "FY", "revenue": 325660000, "costOfRevenue": 26219000, "grossProfit": 299441000, "grossProfitRatio": 0.9194896518, "researchAndDevelopmentExpenses": 0, "generalAndAdministrativeExpenses": 78093000, "sellingAndMarketingExpenses": 0, "sellingGeneralAndAdministrativeExpenses": 78093000, "otherExpenses": 15020000, "operatingExpenses": 93113000, "costAndExpenses": 119332000, "interestIncome": 377044000, "interestExpense": 120374000, "depreciationAndAmortization": 2561000, "ebitda": 205446000, "ebitdaratio": 0.6308604066, "operatingIncome": 202885000, "operatingIncomeRatio": 0.6229963766, "totalOtherIncomeExpensesNet": -124636000, "incomeBeforeTax": 78249000, "incomeBeforeTaxRatio": 0.2402782043, "incomeTaxExpense": 10951000, "netIncome": 67298000, "netIncomeRatio": 0.2066511085, "eps": 1.55, "epsdiluted": 1.55, "weightedAverageShsOut": 43404920, "weightedAverageShsOutDil": 43457258, "link": "https://www.sec.gov/Archives/edgar/data/729986/000119312510041977/0001193125-10-041977-index.htm", "finalLink": "https://www.sec.gov/Archives/edgar/data/729986/000119312510041977/d10k.htm", "calculatedOtherExpenses": 18463000, "calculatedOperatingExpenses": 96556000, "calculatedNetInterest": 256670000, "calculatedOtherIncome": -381306000, "calculatedIncomeNonControlling": 0, "calculatedEbitda": 205446000}, {"date": "2008-12-31", "symbol": "UBSI", "reportedCurrency": "USD", "cik": "0000729986", "fillingDate": "2009-02-26", "acceptedDate": "2009-02-26 15:26:44", "calendarYear": "2008", "period": "FY", "revenue": 320095000, "costOfRevenue": 0, "grossProfit": 320095000, "grossProfitRatio": 1, "researchAndDevelopmentExpenses": 0, "generalAndAdministrativeExpenses": 89865000, "sellingAndMarketingExpenses": 0, "sellingGeneralAndAdministrativeExpenses": 89865000, "otherExpenses": -108974000, "operatingExpenses": -19109000, "costAndExpenses": -19109000, "interestIncome": 429911000, "interestExpense": 177119000, "depreciationAndAmortization": 6658000, "ebitda": 307644000, "ebitdaratio": 0.9611021728, "operatingIncome": 300986000, "operatingIncomeRatio": 0.9403020978, "totalOtherIncomeExpensesNet": -177119000, "incomeBeforeTax": 123867000, "incomeBeforeTaxRatio": 0.3869694934, "incomeTaxExpense": 36913000, "netIncome": 86954000, "netIncomeRatio": 0.2716506037, "eps": 2.01, "epsdiluted": 2, "weightedAverageShsOut": 43286894, "weightedAverageShsOutDil": 43434083, "link": "https://www.sec.gov/Archives/edgar/data/729986/000095015209001847/0000950152-09-001847-index.htm", "finalLink": "https://www.sec.gov/Archives/edgar/data/729986/000095015209001847/l35097ae10vk.htm", "calculatedOtherExpenses": -70756000, "calculatedOperatingExpenses": 19109000, "calculatedNetInterest": 252792000, "calculatedOtherIncome": -429911000, "calculatedIncomeNonControlling": 0, "calculatedEbitda": 307644000}, {"date": "2007-12-31", "symbol": "UBSI", "reportedCurrency": "USD", "cik": "0000729986", "fillingDate": "2008-02-27", "acceptedDate": "2008-02-27 13:55:35", "calendarYear": "2007", "period": "FY", "revenue": 283168000, "costOfRevenue": 0, "grossProfit": 283168000, "grossProfitRatio": 1, "researchAndDevelopmentExpenses": 0, "generalAndAdministrativeExpenses": 64795000, "sellingAndMarketingExpenses": 0, "sellingGeneralAndAdministrativeExpenses": 64795000, "otherExpenses": -4744000, "operatingExpenses": 60051000, "costAndExpenses": 60051000, "interestIncome": 438729000, "interestExpense": 213310000, "depreciationAndAmortization": 6588000, "ebitda": 349807000, "ebitdaratio": 1.2353337948, "operatingIncome": 343219000, "operatingIncomeRatio": 1.2120684541, "totalOtherIncomeExpensesNet": -213310000, "incomeBeforeTax": 129909000, "incomeBeforeTaxRatio": 0.4587700588, "incomeTaxExpense": 39235000, "netIncome": 90674000, "netIncomeRatio": 0.3202127359, "eps": 2.16, "epsdiluted": 2.15, "weightedAverageShsOut": 41901422, "weightedAverageShsOutDil": 42222899, "link": "https://www.sec.gov/Archives/edgar/data/729986/000095015208001455/0000950152-08-001455-index.htm", "finalLink": "https://www.sec.gov/Archives/edgar/data/729986/000095015208001455/l29853ae10vk.htm", "calculatedOtherExpenses": -124846000, "calculatedOperatingExpenses": -60051000, "calculatedNetInterest": 225419000, "calculatedOtherIncome": -438729000, "calculatedIncomeNonControlling": 0, "calculatedEbitda": 349807000}, {"date": "2006-12-31", "symbol": "UBSI", "reportedCurrency": "USD", "cik": "0000729986", "fillingDate": "2007-02-26", "acceptedDate": "2007-02-26 14:22:17", "calendarYear": "2006", "period": "FY", "revenue": 268626000, "costOfRevenue": 0, "grossProfit": 268626000, "grossProfitRatio": 1, "researchAndDevelopmentExpenses": 0, "generalAndAdministrativeExpenses": 62331000, "sellingAndMarketingExpenses": 0, "sellingGeneralAndAdministrativeExpenses": 62331000, "otherExpenses": -19851000, "operatingExpenses": 42480000, "costAndExpenses": 42480000, "interestIncome": 400683000, "interestExpense": 181090000, "depreciationAndAmortization": 10263000, "ebitda": 321369000, "ebitdaratio": 1.1963436153, "operatingIncome": 311106000, "operatingIncomeRatio": 1.1581380805, "totalOtherIncomeExpensesNet": -181090000, "incomeBeforeTax": 130016000, "incomeBeforeTaxRatio": 0.4840037822, "incomeTaxExpense": 40767000, "netIncome": 89249000, "netIncomeRatio": 0.3322425975, "eps": 2.15, "epsdiluted": 2.13, "weightedAverageShsOut": 41532121, "weightedAverageShsOutDil": 41942889, "link": "https://www.sec.gov/Archives/edgar/data/729986/000095015207001485/0000950152-07-001485-index.htm", "finalLink": "https://www.sec.gov/Archives/edgar/data/729986/000095015207001485/l24080ae10vk.htm", "calculatedOtherExpenses": -104811000, "calculatedOperatingExpenses": -42480000, "calculatedNetInterest": 219593000, "calculatedOtherIncome": -400683000, "calculatedIncomeNonControlling": 0, "calculatedEbitda": 321369000}, {"date": "2005-12-31", "symbol": "UBSI", "reportedCurrency": "USD", "cik": "0000729986", "fillingDate": "2006-03-02", "acceptedDate": "2006-03-02 09:38:18", "calendarYear": "2005", "period": "FY", "revenue": 273452000, "costOfRevenue": 0, "grossProfit": 273452000, "grossProfitRatio": 1, "researchAndDevelopmentExpenses": 0, "generalAndAdministrativeExpenses": 59197000, "sellingAndMarketingExpenses": 0, "sellingGeneralAndAdministrativeExpenses": 59197000, "otherExpenses": -61524000, "operatingExpenses": -2327000, "costAndExpenses": -2327000, "interestIncome": 345278000, "interestExpense": 124451000, "depreciationAndAmortization": 13192000, "ebitda": 284317000, "ebitdaratio": 1.0397327502, "operatingIncome": 271125000, "operatingIncomeRatio": 0.9914902798, "totalOtherIncomeExpensesNet": -124451000, "incomeBeforeTax": 146674000, "incomeBeforeTaxRatio": 0.536379328, "incomeTaxExpense": 46265000, "netIncome": 100409000, "netIncomeRatio": 0.3671905856, "eps": 2.36, "epsdiluted": 2.33, "weightedAverageShsOut": 42514445, "weightedAverageShsOutDil": 43024861, "link": "https://www.sec.gov/Archives/edgar/data/729986/000095015206001632/0000950152-06-001632-index.htm", "finalLink": "https://www.sec.gov/Archives/edgar/data/729986/000095015206001632/j1823301e10vk.htm", "calculatedOtherExpenses": -56870000, "calculatedOperatingExpenses": 2327000, "calculatedNetInterest": 220827000, "calculatedOtherIncome": -345278000, "calculatedIncomeNonControlling": 0, "calculatedEbitda": 284317000}, {"date": "2004-12-31", "symbol": "UBSI", "reportedCurrency": "USD", "cik": "0000729986", "fillingDate": "2005-03-15", "acceptedDate": "2005-03-15 15:18:40", "calendarYear": "2004", "period": "FY", "revenue": 258667000, "costOfRevenue": 0, "grossProfit": 258667000, "grossProfitRatio": 1, "researchAndDevelopmentExpenses": 0, "generalAndAdministrativeExpenses": 56526000, "sellingAndMarketingExpenses": 0, "sellingGeneralAndAdministrativeExpenses": 56526000, "otherExpenses": -94746000, "operatingExpenses": -38220000, "costAndExpenses": -38220000, "interestIncome": 293350000, "interestExpense": 88914000, "depreciationAndAmortization": 13556000, "ebitda": 234003000, "ebitdaratio": 0.9046496074, "operatingIncome": 220447000, "operatingIncomeRatio": 0.8522424585, "totalOtherIncomeExpensesNet": -103361000, "incomeBeforeTax": 117086000, "incomeBeforeTaxRatio": 0.4526514785, "incomeTaxExpense": 33771000, "netIncome": 97762000, "netIncomeRatio": 0.3779453892, "eps": 2.25, "epsdiluted": 2.22, "weightedAverageShsOut": 43404586, "weightedAverageShsOutDil": 43978914, "link": "https://www.sec.gov/Archives/edgar/data/729986/000095015205002146/0000950152-05-002146-index.htm", "finalLink": "https://www.sec.gov/Archives/edgar/data/729986/000095015205002146/j1231001e10vk.htm", "calculatedOtherExpenses": -18306000, "calculatedOperatingExpenses": 38220000, "calculatedNetInterest": 204436000, "calculatedOtherIncome": -307797000, "calculatedIncomeNonControlling": -14447000, "calculatedEbitda": 234003000}, {"date": "2003-12-31", "symbol": "UBSI", "reportedCurrency": "USD", "cik": "0000729986", "fillingDate": "2004-03-12", "acceptedDate": "2004-03-12 14:01:53", "calendarYear": "2003", "period": "FY", "revenue": 296673000, "costOfRevenue": 0, "grossProfit": 296673000, "grossProfitRatio": 1, "researchAndDevelopmentExpenses": 0, "generalAndAdministrativeExpenses": 93299000, "sellingAndMarketingExpenses": 0, "sellingGeneralAndAdministrativeExpenses": 93299000, "otherExpenses": -338066000, "operatingExpenses": -244767000, "costAndExpenses": -244767000, "interestIncome": 297508000, "interestExpense": 104151000, "depreciationAndAmortization": 19115000, "ebitda": 235786000, "ebitdaratio": 0.7947673027, "operatingIncome": 51906000, "operatingIncomeRatio": 0.1749603098, "totalOtherIncomeExpensesNet": 60614000, "incomeBeforeTax": 112520000, "incomeBeforeTaxRatio": 0.379272802, "incomeTaxExpense": 33755000, "netIncome": 78765000, "netIncomeRatio": 0.2654943321, "eps": 1.87, "epsdiluted": 1.85, "weightedAverageShsOut": 42076180, "weightedAverageShsOutDil": 42620568, "link": "https://www.sec.gov/Archives/edgar/data/729986/000095012804000266/0000950128-04-000266-index.htm", "finalLink": "https://www.sec.gov/Archives/edgar/data/729986/000095012804000266/j0551301e10vk.htm", "calculatedOtherExpenses": 151468000, "calculatedOperatingExpenses": 244767000, "calculatedNetInterest": 193357000, "calculatedOtherIncome": -132743000, "calculatedIncomeNonControlling": 0, "calculatedEbitda": 71021000}, {"date": "2002-12-31", "symbol": "UBSI", "reportedCurrency": "USD", "cik": "0000729986", "fillingDate": "2003-03-26", "acceptedDate": "2003-03-26 16:01:20", "calendarYear": "2002", "period": "FY", "revenue": 280400000, "costOfRevenue": 0, "grossProfit": 280400000, "grossProfitRatio": 1, "researchAndDevelopmentExpenses": 0, "generalAndAdministrativeExpenses": 79999000, "sellingAndMarketingExpenses": 0, "sellingGeneralAndAdministrativeExpenses": 79999000, "otherExpenses": -324257000, "operatingExpenses": -244258000, "costAndExpenses": -244258000, "interestIncome": 339478000, "interestExpense": 132557000, "depreciationAndAmortization": 6100000, "ebitda": 266990000, "ebitdaratio": 0.9521754636, "operatingIncome": 36142000, "operatingIncomeRatio": 0.1288944365, "totalOtherIncomeExpensesNet": 92191000, "incomeBeforeTax": 128333000, "incomeBeforeTaxRatio": 0.4576783167, "incomeTaxExpense": 39400000, "netIncome": 88933000, "netIncomeRatio": 0.3171647646, "eps": 2.09, "epsdiluted": 2.06, "weightedAverageShsOut": 42551675, "weightedAverageShsOutDil": 43171359, "link": "https://www.sec.gov/Archives/edgar/data/729986/000091664103000753/0000916641-03-000753-index.htm", "finalLink": "https://www.sec.gov/Archives/edgar/data/729986/000091664103000753/d10k.htm", "calculatedOtherExpenses": 164259000, "calculatedOperatingExpenses": 244258000, "calculatedNetInterest": 206921000, "calculatedOtherIncome": -114730000, "calculatedIncomeNonControlling": 0, "calculatedEbitda": 42242000}, {"date": "2001-12-31", "symbol": "UBSI", "reportedCurrency": "USD", "cik": "0000729986", "fillingDate": "2002-03-28", "acceptedDate": "2002-03-28 00:00:00", "calendarYear": "2001", "period": "FY", "revenue": 247308000, "costOfRevenue": 0, "grossProfit": 247308000, "grossProfitRatio": 1, "researchAndDevelopmentExpenses": 0, "generalAndAdministrativeExpenses": 61109000, "sellingAndMarketingExpenses": 0, "sellingGeneralAndAdministrativeExpenses": 61109000, "otherExpenses": -14180000, "operatingExpenses": 46929000, "costAndExpenses": 46929000, "interestIncome": 360610000, "interestExpense": 175507000, "depreciationAndAmortization": 8731000, "ebitda": 302968000, "ebitdaratio": 1.2250634836, "operatingIncome": 294237000, "operatingIncomeRatio": 1.1897593284, "totalOtherIncomeExpensesNet": -175507000, "incomeBeforeTax": 118730000, "incomeBeforeTaxRatio": 0.4800896049, "incomeTaxExpense": 38739000, "netIncome": 79991000, "netIncomeRatio": 0.323446876, "eps": 1.93, "epsdiluted": 1.9, "weightedAverageShsOut": 41497304, "weightedAverageShsOutDil": 42064919, "link": "https://www.sec.gov/Archives/edgar/data/729986/000095016902000053/0000950169-02-000053-index.htm", "finalLink": "https://www.sec.gov/Archives/edgar/data/729986/000095016902000053/d10k.txt", "calculatedOtherExpenses": -108038000, "calculatedOperatingExpenses": -46929000, "calculatedNetInterest": 185103000, "calculatedOtherIncome": -360610000, "calculatedIncomeNonControlling": 0, "calculatedEbitda": 302968000}, {"date": "2000-12-31", "symbol": "UBSI", "reportedCurrency": "USD", "cik": "0000729986", "fillingDate": "2001-03-29", "acceptedDate": "2001-03-29 00:00:00", "calendarYear": "2000", "period": "FY", "revenue": 213867000, "costOfRevenue": 0, "grossProfit": 213867000, "grossProfitRatio": 1, "researchAndDevelopmentExpenses": 0, "generalAndAdministrativeExpenses": 53174000, "sellingAndMarketingExpenses": 0, "sellingGeneralAndAdministrativeExpenses": 53174000, "otherExpenses": 18425000, "operatingExpenses": 71599000, "costAndExpenses": 71599000, "interestIncome": 377847000, "interestExpense": 197766000, "depreciationAndAmortization": 9516000, "ebitda": 294982000, "ebitdaratio": 1.3792777754, "operatingIncome": 285466000, "operatingIncomeRatio": 1.3347828323, "totalOtherIncomeExpensesNet": -197766000, "incomeBeforeTax": 87700000, "incomeBeforeTaxRatio": 0.4100679394, "incomeTaxExpense": 28724000, "netIncome": 58976000, "netIncomeRatio": 0.2757601687, "eps": 1.41, "epsdiluted": 1.4, "weightedAverageShsOut": 41958956, "weightedAverageShsOutDil": 42260270, "link": "https://www.sec.gov/Archives/edgar/data/729986/000102140801001933/0001021408-01-001933-index.htm", "finalLink": "https://www.sec.gov/Archives/edgar/data/729986/000102140801001933/0001021408-01-001933-0001.txt", "calculatedOtherExpenses": -124773000, "calculatedOperatingExpenses": -71599000, "calculatedNetInterest": 180081000, "calculatedOtherIncome": -377847000, "calculatedIncomeNonControlling": 0, "calculatedEbitda": 294982000}, {"date": "1999-12-31", "symbol": "UBSI", "reportedCurrency": "USD", "cik": "0000729986", "fillingDate": "2000-03-28", "acceptedDate": "2000-03-28 00:00:00", "calendarYear": "1999", "period": "FY", "revenue": 231400000, "costOfRevenue": 0, "grossProfit": 231400000, "grossProfitRatio": 1, "researchAndDevelopmentExpenses": 0, "generalAndAdministrativeExpenses": 60100000, "sellingAndMarketingExpenses": 0, "sellingGeneralAndAdministrativeExpenses": 60100000, "otherExpenses": -12100000, "operatingExpenses": 48000000, "costAndExpenses": 48000000, "interestIncome": 354700000, "interestExpense": 174400000, "depreciationAndAmortization": 11400000, "ebitda": 290800000, "ebitdaratio": 1.2566983578, "operatingIncome": 279400000, "operatingIncomeRatio": 1.2074330164, "totalOtherIncomeExpensesNet": -174400000, "incomeBeforeTax": 105000000, "incomeBeforeTaxRatio": 0.4537597234, "incomeTaxExpense": 34800000, "netIncome": 70200000, "netIncomeRatio": 0.3033707865, "eps": 1.63, "epsdiluted": 1.61, "weightedAverageShsOut": 43100977, "weightedAverageShsOutDil": 43722081, "link": "https://www.sec.gov/Archives/edgar/data/729986/000095016900000247/0000950169-00-000247-index.html", "finalLink": "https://www.sec.gov/Archives/edgar/data/729986/000095016900000247/0000950169-00-000247.txt", "calculatedOtherExpenses": -108100000, "calculatedOperatingExpenses": -48000000, "calculatedNetInterest": 180300000, "calculatedOtherIncome": -354700000, "calculatedIncomeNonControlling": 0, "calculatedEbitda": 290800000}, {"date": "1998-12-31", "symbol": "UBSI", "reportedCurrency": "USD", "cik": "0000729986", "fillingDate": "1999-03-30", "acceptedDate": "1999-03-30 00:00:00", "calendarYear": "1998", "period": "FY", "revenue": 212100000, "costOfRevenue": 0, "grossProfit": 212100000, "grossProfitRatio": 1, "researchAndDevelopmentExpenses": 0, "generalAndAdministrativeExpenses": 69600000, "sellingAndMarketingExpenses": 0, "sellingGeneralAndAdministrativeExpenses": 69600000, "otherExpenses": -64400000, "operatingExpenses": 5200000, "costAndExpenses": 5200000, "interestIncome": 325700000, "interestExpense": 155400000, "depreciationAndAmortization": 13700000, "ebitda": 231000000, "ebitdaratio": 1.0891089109, "operatingIncome": 217300000, "operatingIncomeRatio": 1.0245167374, "totalOtherIncomeExpensesNet": -155400000, "incomeBeforeTax": 61900000, "incomeBeforeTaxRatio": 0.2918434701, "incomeTaxExpense": 17500000, "netIncome": 44400000, "netIncomeRatio": 0.2093352192, "eps": 1.04, "epsdiluted": 1.02, "weightedAverageShsOut": 42757638, "weightedAverageShsOutDil": 43461222, "link": "https://www.sec.gov/Archives/edgar/data/729986/000095016899000965/0000950168-99-000965-index.html", "finalLink": "https://www.sec.gov/Archives/edgar/data/729986/0000950168-99-000965.txt", "calculatedOtherExpenses": -74800000, "calculatedOperatingExpenses": -5200000, "calculatedNetInterest": 170300000, "calculatedOtherIncome": -325700000, "calculatedIncomeNonControlling": 0, "calculatedEbitda": 231000000}, {"date": "1997-12-31", "symbol": "UBSI", "reportedCurrency": "USD", "cik": "0000729986", "fillingDate": "1998-03-30", "acceptedDate": "1998-03-30 00:00:00", "calendarYear": "1997", "period": "FY", "revenue": 125500000, "costOfRevenue": 0, "grossProfit": 125500000, "grossProfitRatio": 1, "researchAndDevelopmentExpenses": 0, "generalAndAdministrativeExpenses": 27400000, "sellingAndMarketingExpenses": 0, "sellingGeneralAndAdministrativeExpenses": 27400000, "otherExpenses": -6000000, "operatingExpenses": 21400000, "costAndExpenses": 21400000, "interestIncome": 190300000, "interestExpense": 84500000, "depreciationAndAmortization": 5600000, "ebitda": 152500000, "ebitdaratio": 1.2151394422, "operatingIncome": 146900000, "operatingIncomeRatio": 1.1705179283, "totalOtherIncomeExpensesNet": -84500000, "incomeBeforeTax": 62400000, "incomeBeforeTaxRatio": 0.4972111554, "incomeTaxExpense": 21500000, "netIncome": 40900000, "netIncomeRatio": 0.3258964143, "eps": 1.24, "epsdiluted": 1.22, "weightedAverageShsOut": 29901961, "weightedAverageShsOutDil": 30198020, "link": "https://www.sec.gov/Archives/edgar/data/729986/000095016998000353/0000950169-98-000353-index.html", "finalLink": "https://www.sec.gov/Archives/edgar/data/729986/0000950169-98-000353.txt", "calculatedOtherExpenses": -48800000, "calculatedOperatingExpenses": -21400000, "calculatedNetInterest": 105800000, "calculatedOtherIncome": -190300000, "calculatedIncomeNonControlling": 0, "calculatedEbitda": 152500000}, {"date": "1996-12-31", "symbol": "UBSI", "reportedCurrency": "USD", "cik": "0000729986", "fillingDate": "1997-03-31", "acceptedDate": "1997-03-31 00:00:00", "calendarYear": "1996", "period": "FY", "revenue": 113400000, "costOfRevenue": 0, "grossProfit": 113400000, "grossProfitRatio": 1, "researchAndDevelopmentExpenses": 0, "generalAndAdministrativeExpenses": 28700000, "sellingAndMarketingExpenses": 0, "sellingGeneralAndAdministrativeExpenses": 28700000, "otherExpenses": -21700000, "operatingExpenses": 7000000, "costAndExpenses": 7000000, "interestIncome": 172400000, "interestExpense": 73200000, "depreciationAndAmortization": 4200000, "ebitda": 124600000, "ebitdaratio": 1.0987654321, "operatingIncome": 120400000, "operatingIncomeRatio": 1.0617283951, "totalOtherIncomeExpensesNet": -73200000, "incomeBeforeTax": 47200000, "incomeBeforeTaxRatio": 0.4162257496, "incomeTaxExpense": 16700000, "netIncome": 30500000, "netIncomeRatio": 0.2689594356, "eps": 0.94, "epsdiluted": 0.93, "weightedAverageShsOut": 30294118, "weightedAverageShsOutDil": 30294118, "link": "https://www.sec.gov/Archives/edgar/data/729986/000095013297000259/0000950132-97-000259-index.html", "finalLink": "https://www.sec.gov/Archives/edgar/data/729986/0000950132-97-000259.txt", "calculatedOtherExpenses": -35700000, "calculatedOperatingExpenses": -7000000, "calculatedNetInterest": 99200000, "calculatedOtherIncome": -172400000, "calculatedIncomeNonControlling": 0, "calculatedEbitda": 124600000}, {"date": "1995-12-31", "symbol": "UBSI", "reportedCurrency": "USD", "cik": "0000729986", "fillingDate": "1996-04-01", "acceptedDate": "1996-04-01 00:00:00", "calendarYear": "1995", "period": "FY", "revenue": 94300000, "costOfRevenue": 0, "grossProfit": 94300000, "grossProfitRatio": 1, "researchAndDevelopmentExpenses": 0, "generalAndAdministrativeExpenses": 22100000, "sellingAndMarketingExpenses": 0, "sellingGeneralAndAdministrativeExpenses": 22100000, "otherExpenses": -18200000, "operatingExpenses": 3900000, "costAndExpenses": 3900000, "interestIncome": 136500000, "interestExpense": 54800000, "depreciationAndAmortization": 2900000, "ebitda": 101100000, "ebitdaratio": 1.0721102863, "operatingIncome": 98200000, "operatingIncomeRatio": 1.0413573701, "totalOtherIncomeExpensesNet": -54800000, "incomeBeforeTax": 43400000, "incomeBeforeTaxRatio": 0.460233298, "incomeTaxExpense": 15300000, "netIncome": 28100000, "netIncomeRatio": 0.2979851538, "eps": 1.18, "epsdiluted": 1.18, "weightedAverageShsOut": 23857164, "weightedAverageShsOutDil": 23857164, "link": "https://www.sec.gov/Archives/edgar/data/729986/000095013296000206/0000950132-96-000206-index.html", "finalLink": "https://www.sec.gov/Archives/edgar/data/729986/0000950132-96-000206.txt", "calculatedOtherExpenses": -26000000, "calculatedOperatingExpenses": -3900000, "calculatedNetInterest": 81700000, "calculatedOtherIncome": -136500000, "calculatedIncomeNonControlling": 0, "calculatedEbitda": 101100000}, {"date": "1994-12-31", "symbol": "UBSI", "reportedCurrency": "USD", "cik": "0000729986", "fillingDate": "1995-03-21", "acceptedDate": "1995-03-21 00:00:00", "calendarYear": "1994", "period": "FY", "revenue": 88500000, "costOfRevenue": 0, "grossProfit": 88500000, "grossProfitRatio": 1, "researchAndDevelopmentExpenses": 0, "generalAndAdministrativeExpenses": 22100000, "sellingAndMarketingExpenses": 0, "sellingGeneralAndAdministrativeExpenses": 22100000, "otherExpenses": -28700000, "operatingExpenses": -6600000, "costAndExpenses": -6600000, "interestIncome": 121200000, "interestExpense": 43900000, "depreciationAndAmortization": 5600000, "ebitda": 87500000, "ebitdaratio": 0.988700565, "operatingIncome": 81900000, "operatingIncomeRatio": 0.9254237288, "totalOtherIncomeExpensesNet": -43900000, "incomeBeforeTax": 38000000, "incomeBeforeTaxRatio": 0.4293785311, "incomeTaxExpense": 13100000, "netIncome": 24900000, "netIncomeRatio": 0.2813559322, "eps": 1.04, "epsdiluted": 1.04, "weightedAverageShsOut": 23986124, "weightedAverageShsOutDil": 23986124, "link": "https://www.sec.gov/Archives/edgar/data/729986/000095013295000081/0000950132-95-000081-index.html", "finalLink": "https://www.sec.gov/Archives/edgar/data/729986/0000950132-95-000081.txt", "calculatedOtherExpenses": -15500000, "calculatedOperatingExpenses": 6600000, "calculatedNetInterest": 77300000, "calculatedOtherIncome": -121200000, "calculatedIncomeNonControlling": 0, "calculatedEbitda": 87500000}, {"date": "1993-12-31", "symbol": "UBSI", "reportedCurrency": "USD", "cik": "0000729986", "fillingDate": "1993-12-31", "acceptedDate": "1993-12-30 19:00:00", "calendarYear": "1993", "period": "FY", "revenue": 84200000, "costOfRevenue": 0, "grossProfit": 84200000, "grossProfitRatio": 1, "researchAndDevelopmentExpenses": 0, "generalAndAdministrativeExpenses": 22300000, "sellingAndMarketingExpenses": 0, "sellingGeneralAndAdministrativeExpenses": 22300000, "otherExpenses": -30000000, "operatingExpenses": -7700000, "costAndExpenses": -7700000, "interestIncome": 116500000, "interestExpense": 45000000, "depreciationAndAmortization": 4700000, "ebitda": 81200000, "ebitdaratio": 0.9643705463, "operatingIncome": 76500000, "operatingIncomeRatio": 0.9085510689, "totalOtherIncomeExpensesNet": -46300000, "incomeBeforeTax": 30200000, "incomeBeforeTaxRatio": 0.3586698337, "incomeTaxExpense": 9800000, "netIncome": 21700000, "netIncomeRatio": 0.257719715, "eps": 0.92, "epsdiluted": 0.92, "weightedAverageShsOut": 23586957, "weightedAverageShsOutDil": 23586957, "link": "", "finalLink": "", "calculatedOtherExpenses": -14600000, "calculatedOperatingExpenses": 7700000, "calculatedNetInterest": 71500000, "calculatedOtherIncome": -117800000, "calculatedIncomeNonControlling": -1300000, "calculatedEbitda": 81200000}, {"date": "1992-12-31", "symbol": "UBSI", "reportedCurrency": "USD", "cik": "0000729986", "fillingDate": "1992-12-31", "acceptedDate": "1992-12-30 19:00:00", "calendarYear": "1992", "period": "FY", "revenue": 67100000, "costOfRevenue": 0, "grossProfit": 67100000, "grossProfitRatio": 1, "researchAndDevelopmentExpenses": 0, "generalAndAdministrativeExpenses": 18600000, "sellingAndMarketingExpenses": 0, "sellingGeneralAndAdministrativeExpenses": 18600000, "otherExpenses": -18400000, "operatingExpenses": 200000, "costAndExpenses": 200000, "interestIncome": 102300000, "interestExpense": 44600000, "depreciationAndAmortization": 2500000, "ebitda": 69800000, "ebitdaratio": 1.0402384501, "operatingIncome": 67300000, "operatingIncomeRatio": 1.0029806259, "totalOtherIncomeExpensesNet": -44600000, "incomeBeforeTax": 22700000, "incomeBeforeTaxRatio": 0.3383010432, "incomeTaxExpense": 6900000, "netIncome": 15800000, "netIncomeRatio": 0.2354694486, "eps": 0.8, "epsdiluted": 0.8, "weightedAverageShsOut": 19750000, "weightedAverageShsOutDil": 19750000, "link": "", "finalLink": "", "calculatedOtherExpenses": -18800000, "calculatedOperatingExpenses": -200000, "calculatedNetInterest": 57700000, "calculatedOtherIncome": -102300000, "calculatedIncomeNonControlling": 0, "calculatedEbitda": 69800000}, {"date": "1991-12-31", "symbol": "UBSI", "reportedCurrency": "USD", "cik": "0000729986", "fillingDate": "1991-12-31", "acceptedDate": "1991-12-30 19:00:00", "calendarYear": "1991", "period": "FY", "revenue": 60600000, "costOfRevenue": 0, "grossProfit": 60600000, "grossProfitRatio": 1, "researchAndDevelopmentExpenses": 0, "generalAndAdministrativeExpenses": 17800000, "sellingAndMarketingExpenses": 0, "sellingGeneralAndAdministrativeExpenses": 17800000, "otherExpenses": -7100000, "operatingExpenses": 10700000, "costAndExpenses": 10700000, "interestIncome": 105600000, "interestExpense": 52900000, "depreciationAndAmortization": 1800000, "ebitda": 73100000, "ebitdaratio": 1.2062706271, "operatingIncome": 71300000, "operatingIncomeRatio": 1.1765676568, "totalOtherIncomeExpensesNet": -52900000, "incomeBeforeTax": 18400000, "incomeBeforeTaxRatio": 0.303630363, "incomeTaxExpense": 5300000, "netIncome": 13100000, "netIncomeRatio": 0.2161716172, "eps": 0.75, "epsdiluted": 0.75, "weightedAverageShsOut": 17466667, "weightedAverageShsOutDil": 17466667, "link": "", "finalLink": "", "calculatedOtherExpenses": -28500000, "calculatedOperatingExpenses": -10700000, "calculatedNetInterest": 52700000, "calculatedOtherIncome": -105600000, "calculatedIncomeNonControlling": 0, "calculatedEbitda": 73100000}, {"date": "1990-12-31", "symbol": "UBSI", "reportedCurrency": "USD", "cik": "0000729986", "fillingDate": "1990-12-31", "acceptedDate": "1990-12-30 19:00:00", "calendarYear": "1990", "period": "FY", "revenue": 58100000, "costOfRevenue": 0, "grossProfit": 58100000, "grossProfitRatio": 1, "researchAndDevelopmentExpenses": 0, "generalAndAdministrativeExpenses": 17200000, "sellingAndMarketingExpenses": 0, "sellingGeneralAndAdministrativeExpenses": 17200000, "otherExpenses": 1400000, "operatingExpenses": 18600000, "costAndExpenses": 18600000, "interestIncome": 112200000, "interestExpense": 61800000, "depreciationAndAmortization": 1900000, "ebitda": 78600000, "ebitdaratio": 1.3528399312, "operatingIncome": 76700000, "operatingIncomeRatio": 1.3201376936, "totalOtherIncomeExpensesNet": -61800000, "incomeBeforeTax": 14900000, "incomeBeforeTaxRatio": 0.256454389, "incomeTaxExpense": 4200000, "netIncome": 10700000, "netIncomeRatio": 0.1841652324, "eps": 0.62, "epsdiluted": 0.62, "weightedAverageShsOut": 17258065, "weightedAverageShsOutDil": 17258065, "link": "", "finalLink": "", "calculatedOtherExpenses": -35800000, "calculatedOperatingExpenses": -18600000, "calculatedNetInterest": 50400000, "calculatedOtherIncome": -112200000, "calculatedIncomeNonControlling": 0, "calculatedEbitda": 78600000}, {"date": "1989-12-31", "symbol": "UBSI", "reportedCurrency": "USD", "cik": "0000729986", "fillingDate": "1989-12-31", "acceptedDate": "1989-12-30 19:00:00", "calendarYear": "1989", "period": "FY", "revenue": 53300000, "costOfRevenue": 0, "grossProfit": 53300000, "grossProfitRatio": 1, "researchAndDevelopmentExpenses": 0, "generalAndAdministrativeExpenses": 16600000, "sellingAndMarketingExpenses": 0, "sellingGeneralAndAdministrativeExpenses": 16600000, "otherExpenses": 3900000, "operatingExpenses": 20500000, "costAndExpenses": 20500000, "interestIncome": 104400000, "interestExpense": 58000000, "depreciationAndAmortization": 2000000, "ebitda": 75800000, "ebitdaratio": 1.4221388368, "operatingIncome": 73800000, "operatingIncomeRatio": 1.3846153846, "totalOtherIncomeExpensesNet": -58000000, "incomeBeforeTax": 15800000, "incomeBeforeTaxRatio": 0.296435272, "incomeTaxExpense": 4300000, "netIncome": 11500000, "netIncomeRatio": 0.2157598499, "eps": 0.74, "epsdiluted": 0.74, "weightedAverageShsOut": 15540541, "weightedAverageShsOutDil": 15540541, "link": "", "finalLink": "", "calculatedOtherExpenses": -37100000, "calculatedOperatingExpenses": -20500000, "calculatedNetInterest": 46400000, "calculatedOtherIncome": -104400000, "calculatedIncomeNonControlling": 0, "calculatedEbitda": 75800000}, {"date": "1988-12-31", "symbol": "UBSI", "reportedCurrency": "USD", "cik": "0000729986", "fillingDate": "1988-12-31", "acceptedDate": "1988-12-30 19:00:00", "calendarYear": "1988", "period": "FY", "revenue": 0, "costOfRevenue": 0, "grossProfit": 0, "grossProfitRatio": 0, "researchAndDevelopmentExpenses": 0, "generalAndAdministrativeExpenses": 0, "sellingAndMarketingExpenses": 0, "sellingGeneralAndAdministrativeExpenses": 0, "otherExpenses": 10300000, "operatingExpenses": 10300000, "costAndExpenses": 10300000, "interestIncome": 0, "interestExpense": 0, "depreciationAndAmortization": 0, "ebitda": 10300000, "ebitdaratio": 0, "operatingIncome": 10300000, "operatingIncomeRatio": 0, "totalOtherIncomeExpensesNet": 0, "incomeBeforeTax": 0, "incomeBeforeTaxRatio": 0, "incomeTaxExpense": -10300000, "netIncome": 10300000, "netIncomeRatio": 0, "eps": 0.67, "epsdiluted": 0.67, "weightedAverageShsOut": 15373134, "weightedAverageShsOutDil": 15373134, "link": "", "finalLink": "", "calculatedOtherExpenses": -10300000, "calculatedOperatingExpenses": -10300000, "calculatedNetInterest": 0, "calculatedOtherIncome": -10300000, "calculatedIncomeNonControlling": 0, "calculatedEbitda": 10300000}, {"date": "1987-12-31", "symbol": "UBSI", "reportedCurrency": "USD", "cik": "0000729986", "fillingDate": "1987-12-31", "acceptedDate": "1987-12-30 19:00:00", "calendarYear": "1987", "period": "FY", "revenue": 0, "costOfRevenue": 0, "grossProfit": 0, "grossProfitRatio": 0, "researchAndDevelopmentExpenses": 0, "generalAndAdministrativeExpenses": 0, "sellingAndMarketingExpenses": 0, "sellingGeneralAndAdministrativeExpenses": 0, "otherExpenses": 7300000, "operatingExpenses": 7300000, "costAndExpenses": 7300000, "interestIncome": 0, "interestExpense": 0, "depreciationAndAmortization": 0, "ebitda": 7300000, "ebitdaratio": 0, "operatingIncome": 7300000, "operatingIncomeRatio": 0, "totalOtherIncomeExpensesNet": 0, "incomeBeforeTax": 0, "incomeBeforeTaxRatio": 0, "incomeTaxExpense": -7300000, "netIncome": 7300000, "netIncomeRatio": 0, "eps": 0.68, "epsdiluted": 0.68, "weightedAverageShsOut": 10735294, "weightedAverageShsOutDil": 10735294, "link": "", "finalLink": "", "calculatedOtherExpenses": -7300000, "calculatedOperatingExpenses": -7300000, "calculatedNetInterest": 0, "calculatedOtherIncome": -7300000, "calculatedIncomeNonControlling": 0, "calculatedEbitda": 7300000}, {"date": "1986-12-31", "symbol": "UBSI", "reportedCurrency": "USD", "cik": "0000729986", "fillingDate": "1986-12-31", "acceptedDate": "1986-12-30 19:00:00", "calendarYear": "1986", "period": "FY", "revenue": 0, "costOfRevenue": 0, "grossProfit": 0, "grossProfitRatio": 0, "researchAndDevelopmentExpenses": 0, "generalAndAdministrativeExpenses": 0, "sellingAndMarketingExpenses": 0, "sellingGeneralAndAdministrativeExpenses": 0, "otherExpenses": 1900000, "operatingExpenses": 1900000, "costAndExpenses": 1900000, "interestIncome": 0, "interestExpense": 0, "depreciationAndAmortization": 0, "ebitda": 1900000, "ebitdaratio": 0, "operatingIncome": 1900000, "operatingIncomeRatio": 0, "totalOtherIncomeExpensesNet": 0, "incomeBeforeTax": 0, "incomeBeforeTaxRatio": 0, "incomeTaxExpense": -1900000, "netIncome": 1900000, "netIncomeRatio": 0, "eps": 0.19, "epsdiluted": 0.19, "weightedAverageShsOut": 10000000, "weightedAverageShsOutDil": 10000000, "link": "", "finalLink": "", "calculatedOtherExpenses": -1900000, "calculatedOperatingExpenses": -1900000, "calculatedNetInterest": 0, "calculatedOtherIncome": -1900000, "calculatedIncomeNonControlling": 0, "calculatedEbitda": 1900000}, {"date": "1985-12-31", "symbol": "UBSI", "reportedCurrency": "USD", "cik": "0000729986", "fillingDate": "1985-12-31", "acceptedDate": "1985-12-30 19:00:00", "calendarYear": "1985", "period": "FY", "revenue": 0, "costOfRevenue": 0, "grossProfit": 0, "grossProfitRatio": 0, "researchAndDevelopmentExpenses": 0, "generalAndAdministrativeExpenses": 0, "sellingAndMarketingExpenses": 0, "sellingGeneralAndAdministrativeExpenses": 0, "otherExpenses": 4400000, "operatingExpenses": 4400000, "costAndExpenses": 4400000, "interestIncome": 0, "interestExpense": 0, "depreciationAndAmortization": 0, "ebitda": 4400000, "ebitdaratio": 0, "operatingIncome": 4400000, "operatingIncomeRatio": 0, "totalOtherIncomeExpensesNet": 0, "incomeBeforeTax": 0, "incomeBeforeTaxRatio": 0, "incomeTaxExpense": -4400000, "netIncome": 4400000, "netIncomeRatio": 0, "eps": 0.44, "epsdiluted": 0.44, "weightedAverageShsOut": 10000000, "weightedAverageShsOutDil": 10000000, "link": "", "finalLink": "", "calculatedOtherExpenses": -4400000, "calculatedOperatingExpenses": -4400000, "calculatedNetInterest": 0, "calculatedOtherIncome": -4400000, "calculatedIncomeNonControlling": 0, "calculatedEbitda": 4400000}]}