{"originalCurrency": "USD", "convertedCurrency": "USD", "report": [{"date": "2023-12-31", "symbol": "UCBIO", "reportedCurrency": "USD", "cik": "0000857855", "fillingDate": "2023-12-31", "acceptedDate": "2023-12-29 19:00:00", "calendarYear": "2023", "period": "FY", "revenue": 1312590000, "costOfRevenue": 0, "grossProfit": 1312590000, "grossProfitRatio": 1, "researchAndDevelopmentExpenses": 0, "generalAndAdministrativeExpenses": 345913000, "sellingAndMarketingExpenses": 9473000, "sellingGeneralAndAdministrativeExpenses": 355386000, "otherExpenses": -182959000, "operatingExpenses": 182959000, "costAndExpenses": 1052835000, "interestIncome": 1237107000, "interestExpense": 23768000, "depreciationAndAmortization": 15175000, "ebitda": 14143000, "ebitdaratio": 0.0107748802, "operatingIncome": -1032000, "operatingIncomeRatio": -0.0007862318, "totalOtherIncomeExpensesNet": 232545000, "incomeBeforeTax": 232545000, "incomeBeforeTaxRatio": 0.1771649944, "incomeTaxExpense": 45001000, "netIncome": 187544000, "netIncomeRatio": 0.1428808691, "eps": 1.54, "epsdiluted": 1.54, "weightedAverageShsOut": 117603000, "weightedAverageShsOutDil": 117745000, "link": null, "finalLink": null, "calculatedOtherExpenses": 958236000, "calculatedOperatingExpenses": 1313622000, "calculatedNetInterest": 1213339000, "calculatedOtherIncome": -979762000, "calculatedIncomeNonControlling": 0, "calculatedEbitda": 14143000}, {"date": "2022-12-31", "symbol": "UCBIO", "reportedCurrency": "USD", "cik": "0000857855", "fillingDate": "2023-02-24", "acceptedDate": "2023-02-24 14:49:31", "calendarYear": "2022", "period": "FY", "revenue": 868131000, "costOfRevenue": 0, "grossProfit": 868131000, "grossProfitRatio": 1, "researchAndDevelopmentExpenses": 0, "generalAndAdministrativeExpenses": 286099000, "sellingAndMarketingExpenses": 8384000, "sellingGeneralAndAdministrativeExpenses": 294483000, "otherExpenses": -274317000, "operatingExpenses": 20166000, "costAndExpenses": 20166000, "interestIncome": 813155000, "interestExpense": 60798000, "depreciationAndAmortization": 6826000, "ebitda": 423626000, "ebitdaratio": 0.4879747411, "operatingIncome": 416800000, "operatingIncomeRatio": 0.4801118725, "totalOtherIncomeExpensesNet": -60798000, "incomeBeforeTax": 356002000, "incomeBeforeTaxRatio": 0.4100786632, "incomeTaxExpense": 78530000, "netIncome": 277472000, "netIncomeRatio": 0.3196199652, "eps": 2.52, "epsdiluted": 2.52, "weightedAverageShsOut": 106661000, "weightedAverageShsOutDil": 106778000, "link": "https://www.sec.gov/Archives/edgar/data/857855/000085785523000005/0000857855-23-000005-index.htm", "finalLink": "https://www.sec.gov/Archives/edgar/data/857855/000085785523000005/ucbi-20221231.htm", "calculatedOtherExpenses": 156848000, "calculatedOperatingExpenses": 451331000, "calculatedNetInterest": 752357000, "calculatedOtherIncome": -813155000, "calculatedIncomeNonControlling": 0, "calculatedEbitda": 423626000}, {"date": "2021-12-31", "symbol": "UCBIO", "reportedCurrency": "USD", "cik": "0000857855", "fillingDate": "2022-02-25", "acceptedDate": "2022-02-25 11:38:05", "calendarYear": "2021", "period": "FY", "revenue": 686512000, "costOfRevenue": 0, "grossProfit": 686512000, "grossProfitRatio": 1, "researchAndDevelopmentExpenses": 0, "generalAndAdministrativeExpenses": 248841000, "sellingAndMarketingExpenses": 5910000, "sellingGeneralAndAdministrativeExpenses": 254751000, "otherExpenses": -593500000, "operatingExpenses": -338749000, "costAndExpenses": -338749000, "interestIncome": 578794000, "interestExpense": 29760000, "depreciationAndAmortization": 4045000, "ebitda": 351808000, "ebitdaratio": 0.5124571748, "operatingIncome": 347763000, "operatingIncomeRatio": 0.506565071, "totalOtherIncomeExpensesNet": 347763000, "incomeBeforeTax": 347763000, "incomeBeforeTaxRatio": 0.506565071, "incomeTaxExpense": 77962000, "netIncome": 269801000, "netIncomeRatio": 0.3930025986, "eps": 2.97, "epsdiluted": 2.97, "weightedAverageShsOut": 87940000, "weightedAverageShsOutDil": 88097000, "link": "https://www.sec.gov/Archives/edgar/data/857855/000085785522000006/0000857855-22-000006-index.htm", "finalLink": "https://www.sec.gov/Archives/edgar/data/857855/000085785522000006/ucbi-20211231.htm", "calculatedOtherExpenses": 83998000, "calculatedOperatingExpenses": 338749000, "calculatedNetInterest": 549034000, "calculatedOtherIncome": -549034000, "calculatedIncomeNonControlling": 0, "calculatedEbitda": 351808000}, {"date": "2020-12-31", "symbol": "UCBIO", "reportedCurrency": "USD", "cik": "0000857855", "fillingDate": "2021-02-25", "acceptedDate": "2021-02-25 16:21:59", "calendarYear": "2020", "period": "FY", "revenue": 639362000, "costOfRevenue": 0, "grossProfit": 639362000, "grossProfitRatio": 1, "researchAndDevelopmentExpenses": 0, "generalAndAdministrativeExpenses": 230042000, "sellingAndMarketingExpenses": 15203000, "sellingGeneralAndAdministrativeExpenses": 245245000, "otherExpenses": -675162000, "operatingExpenses": -429917000, "costAndExpenses": -429917000, "interestIncome": 557996000, "interestExpense": 56237000, "depreciationAndAmortization": 4168000, "ebitda": 213613000, "ebitdaratio": 0.3341033718, "operatingIncome": 209445000, "operatingIncomeRatio": 0.3275843732, "totalOtherIncomeExpensesNet": 209445000, "incomeBeforeTax": 209445000, "incomeBeforeTaxRatio": 0.3275843732, "incomeTaxExpense": 45356000, "netIncome": 164089000, "netIncomeRatio": 0.2566449054, "eps": 1.91, "epsdiluted": 1.91, "weightedAverageShsOut": 83184000, "weightedAverageShsOutDil": 83248000, "link": "https://www.sec.gov/Archives/edgar/data/857855/000085785521000012/0000857855-21-000012-index.htm", "finalLink": "https://www.sec.gov/Archives/edgar/data/857855/000085785521000012/ucbi-20201231.htm", "calculatedOtherExpenses": 184672000, "calculatedOperatingExpenses": 429917000, "calculatedNetInterest": 501759000, "calculatedOtherIncome": -501759000, "calculatedIncomeNonControlling": 0, "calculatedEbitda": 213613000}, {"date": "2019-12-31", "symbol": "UCBIO", "reportedCurrency": "USD", "cik": "0000857855", "fillingDate": "2020-02-27", "acceptedDate": "2020-02-27 16:57:38", "calendarYear": "2019", "period": "FY", "revenue": 574107000, "costOfRevenue": 0, "grossProfit": 574107000, "grossProfitRatio": 1, "researchAndDevelopmentExpenses": 0, "generalAndAdministrativeExpenses": 201341000, "sellingAndMarketingExpenses": 6170000, "sellingGeneralAndAdministrativeExpenses": 207511000, "otherExpenses": -542906000, "operatingExpenses": -335395000, "costAndExpenses": -335395000, "interestIncome": 552706000, "interestExpense": 83312000, "depreciationAndAmortization": 4938000, "ebitda": 243650000, "ebitdaratio": 0.4243982394, "operatingIncome": 238712000, "operatingIncomeRatio": 0.4157970553, "totalOtherIncomeExpensesNet": 238712000, "incomeBeforeTax": 238712000, "incomeBeforeTaxRatio": 0.4157970553, "incomeTaxExpense": 52991000, "netIncome": 185721000, "netIncomeRatio": 0.323495446, "eps": 2313, "epsdiluted": 2.31, "weightedAverageShsOut": 79700000, "weightedAverageShsOutDil": 79708000, "link": "https://www.sec.gov/Archives/edgar/data/857855/000085785520000011/0000857855-20-000011-index.htm", "finalLink": "https://www.sec.gov/Archives/edgar/data/857855/000085785520000011/ucbi1231201910-k.htm", "calculatedOtherExpenses": 127884000, "calculatedOperatingExpenses": 335395000, "calculatedNetInterest": 469394000, "calculatedOtherIncome": -469394000, "calculatedIncomeNonControlling": 0, "calculatedEbitda": 243650000}, {"date": "2018-12-31", "symbol": "UCBIO", "reportedCurrency": "USD", "cik": "0000857855", "fillingDate": "2019-02-27", "acceptedDate": "2019-02-27 16:59:29", "calendarYear": "2018", "period": "FY", "revenue": 531711000, "costOfRevenue": 0, "grossProfit": 531711000, "grossProfitRatio": 1, "researchAndDevelopmentExpenses": 0, "generalAndAdministrativeExpenses": 189506000, "sellingAndMarketingExpenses": 5991000, "sellingGeneralAndAdministrativeExpenses": 195497000, "otherExpenses": -477645000, "operatingExpenses": -254455000, "costAndExpenses": -254455000, "interestIncome": 500080000, "interestExpense": 61330000, "depreciationAndAmortization": 6846000, "ebitda": 308227000, "ebitdaratio": 0.5796889664, "operatingIncome": 277256000, "operatingIncomeRatio": 0.5214411588, "totalOtherIncomeExpensesNet": -61330000, "incomeBeforeTax": 215926000, "incomeBeforeTaxRatio": 0.4060965449, "incomeTaxExpense": 49815000, "netIncome": 166111000, "netIncomeRatio": 0.3124084324, "eps": 2.09, "epsdiluted": 2.08, "weightedAverageShsOut": 79662000, "weightedAverageShsOutDil": 79671000, "link": "https://www.sec.gov/Archives/edgar/data/857855/000085785519000021/0000857855-19-000021-index.htm", "finalLink": "https://www.sec.gov/Archives/edgar/data/857855/000085785519000021/ucbi1231201810-k.htm", "calculatedOtherExpenses": 58958000, "calculatedOperatingExpenses": 254455000, "calculatedNetInterest": 438750000, "calculatedOtherIncome": -500080000, "calculatedIncomeNonControlling": 0, "calculatedEbitda": 284102000}, {"date": "2017-12-31", "symbol": "UCBIO", "reportedCurrency": "USD", "cik": "0000857855", "fillingDate": "2018-02-27", "acceptedDate": "2018-02-27 16:38:56", "calendarYear": "2017", "period": "FY", "revenue": 444245000, "costOfRevenue": 0, "grossProfit": 444245000, "grossProfitRatio": 1, "researchAndDevelopmentExpenses": 0, "generalAndAdministrativeExpenses": 159632000, "sellingAndMarketingExpenses": 4242000, "sellingGeneralAndAdministrativeExpenses": 163874000, "otherExpenses": -378901000, "operatingExpenses": -215027000, "costAndExpenses": -215027000, "interestIncome": 389720000, "interestExpense": 33735000, "depreciationAndAmortization": 4845000, "ebitda": 234063000, "ebitdaratio": 0.5268781866, "operatingIncome": 229218000, "operatingIncomeRatio": 0.5159720425, "totalOtherIncomeExpensesNet": -56384000, "incomeBeforeTax": 172834000, "incomeBeforeTaxRatio": 0.3890510867, "incomeTaxExpense": 105013000, "netIncome": 67821000, "netIncomeRatio": 0.1526657588, "eps": 0.92, "epsdiluted": 0.92, "weightedAverageShsOut": 73247000, "weightedAverageShsOutDil": 73259000, "link": "https://www.sec.gov/Archives/edgar/data/857855/000114420418011220/0001144204-18-011220-index.htm", "finalLink": "https://www.sec.gov/Archives/edgar/data/857855/000114420418011220/tv486591_10k.htm", "calculatedOtherExpenses": 51153000, "calculatedOperatingExpenses": 215027000, "calculatedNetInterest": 355985000, "calculatedOtherIncome": -412369000, "calculatedIncomeNonControlling": 0, "calculatedEbitda": 234063000}, {"date": "2016-12-31", "symbol": "UCBIO", "reportedCurrency": "USD", "cik": "0000857855", "fillingDate": "2017-02-27", "acceptedDate": "2017-02-27 16:18:08", "calendarYear": "2016", "period": "FY", "revenue": 403481000, "costOfRevenue": 0, "grossProfit": 403481000, "grossProfitRatio": 1, "researchAndDevelopmentExpenses": 0, "generalAndAdministrativeExpenses": 144655000, "sellingAndMarketingExpenses": 4426000, "sellingGeneralAndAdministrativeExpenses": 149081000, "otherExpenses": -338542000, "operatingExpenses": -189461000, "costAndExpenses": -189461000, "interestIncome": 335020000, "interestExpense": 25236000, "depreciationAndAmortization": 4182000, "ebitda": 218202000, "ebitdaratio": 0.5407986993, "operatingIncome": 214020000, "operatingIncomeRatio": 0.530433899, "totalOtherIncomeExpensesNet": -51028000, "incomeBeforeTax": 162992000, "incomeBeforeTaxRatio": 0.4039644989, "incomeTaxExpense": 62336000, "netIncome": 100656000, "netIncomeRatio": 0.2494689961, "eps": 1.4, "epsdiluted": 1.4, "weightedAverageShsOut": 71910000, "weightedAverageShsOutDil": 71915000, "link": "https://www.sec.gov/Archives/edgar/data/857855/000157104917001658/0001571049-17-001658-index.htm", "finalLink": "https://www.sec.gov/Archives/edgar/data/857855/000157104917001658/t1700132_10k.htm", "calculatedOtherExpenses": 40380000, "calculatedOperatingExpenses": 189461000, "calculatedNetInterest": 309784000, "calculatedOtherIncome": -360812000, "calculatedIncomeNonControlling": 0, "calculatedEbitda": 218202000}, {"date": "2015-12-31", "symbol": "UCBIO", "reportedCurrency": "USD", "cik": "0000857855", "fillingDate": "2016-02-26", "acceptedDate": "2016-02-26 15:58:31", "calendarYear": "2015", "period": "FY", "revenue": 329952000, "costOfRevenue": 0, "grossProfit": 329952000, "grossProfitRatio": 1, "researchAndDevelopmentExpenses": 0, "generalAndAdministrativeExpenses": 121794000, "sellingAndMarketingExpenses": 3667000, "sellingGeneralAndAdministrativeExpenses": 125461000, "otherExpenses": -319290000, "operatingExpenses": -193829000, "costAndExpenses": -193829000, "interestIncome": 278532000, "interestExpense": 21109000, "depreciationAndAmortization": 22652000, "ebitda": 158775000, "ebitdaratio": 0.4812063573, "operatingIncome": 136123000, "operatingIncomeRatio": 0.4125539472, "totalOtherIncomeExpensesNet": -21109000, "incomeBeforeTax": 115014000, "incomeBeforeTaxRatio": 0.348577975, "incomeTaxExpense": 43436000, "netIncome": 71578000, "netIncomeRatio": 0.2169345844, "eps": 1.09, "epsdiluted": 1.09, "weightedAverageShsOut": 65488000, "weightedAverageShsOutDil": 65492000, "link": "https://www.sec.gov/Archives/edgar/data/857855/000157104916012197/0001571049-16-012197-index.htm", "finalLink": "https://www.sec.gov/Archives/edgar/data/857855/000157104916012197/t1600096_10k.htm", "calculatedOtherExpenses": 68368000, "calculatedOperatingExpenses": 193829000, "calculatedNetInterest": 257423000, "calculatedOtherIncome": -278532000, "calculatedIncomeNonControlling": 0, "calculatedEbitda": 158775000}, {"date": "2014-12-31", "symbol": "UCBIO", "reportedCurrency": "USD", "cik": "0000857855", "fillingDate": "2015-02-27", "acceptedDate": "2015-02-27 14:45:34", "calendarYear": "2014", "period": "FY", "revenue": 278435000, "costOfRevenue": 0, "grossProfit": 278435000, "grossProfitRatio": 1, "researchAndDevelopmentExpenses": 0, "generalAndAdministrativeExpenses": 105733000, "sellingAndMarketingExpenses": 3461000, "sellingGeneralAndAdministrativeExpenses": 109194000, "otherExpenses": -236404000, "operatingExpenses": -127210000, "costAndExpenses": -127210000, "interestIncome": 248432000, "interestExpense": 25551000, "depreciationAndAmortization": 1348000, "ebitda": 152573000, "ebitdaratio": 0.5479663117, "operatingIncome": 151225000, "operatingIncomeRatio": 0.5431249663, "totalOtherIncomeExpensesNet": -44155000, "incomeBeforeTax": 107070000, "incomeBeforeTaxRatio": 0.3845421732, "incomeTaxExpense": 39450000, "netIncome": 67620000, "netIncomeRatio": 0.2428573994, "eps": 1.11, "epsdiluted": 1.11, "weightedAverageShsOut": 60588000, "weightedAverageShsOutDil": 60590000, "link": "https://www.sec.gov/Archives/edgar/data/857855/000157104915001493/0001571049-15-001493-index.htm", "finalLink": "https://www.sec.gov/Archives/edgar/data/857855/000157104915001493/t81558_10k.htm", "calculatedOtherExpenses": 18016000, "calculatedOperatingExpenses": 127210000, "calculatedNetInterest": 222881000, "calculatedOtherIncome": -267036000, "calculatedIncomeNonControlling": 0, "calculatedEbitda": 152573000}, {"date": "2013-12-31", "symbol": "UCBIO", "reportedCurrency": "USD", "cik": "0000857855", "fillingDate": "2014-02-28", "acceptedDate": "2014-02-28 13:46:03", "calendarYear": "2013", "period": "FY", "revenue": 274756000, "costOfRevenue": 0, "grossProfit": 274756000, "grossProfitRatio": 1, "researchAndDevelopmentExpenses": 0, "generalAndAdministrativeExpenses": 105452000, "sellingAndMarketingExpenses": 3718000, "sellingGeneralAndAdministrativeExpenses": 109170000, "otherExpenses": -296935000, "operatingExpenses": -187765000, "costAndExpenses": -187765000, "interestIncome": 245840000, "interestExpense": 27682000, "depreciationAndAmortization": 2031000, "ebitda": 89022000, "ebitdaratio": 0.3240038434, "operatingIncome": 86991000, "operatingIncomeRatio": 0.3166118301, "totalOtherIncomeExpensesNet": -52039000, "incomeBeforeTax": 34952000, "incomeBeforeTaxRatio": 0.1272110527, "incomeTaxExpense": -238188000, "netIncome": 273140000, "netIncomeRatio": 0.9941184178, "eps": 4.44, "epsdiluted": 4.44, "weightedAverageShsOut": 58787000, "weightedAverageShsOutDil": 58845000, "link": "https://www.sec.gov/Archives/edgar/data/857855/000118811214000516/0001188112-14-000516-index.htm", "finalLink": "https://www.sec.gov/Archives/edgar/data/857855/000118811214000516/t78389_10k.htm", "calculatedOtherExpenses": 78595000, "calculatedOperatingExpenses": 187765000, "calculatedNetInterest": 218158000, "calculatedOtherIncome": -270197000, "calculatedIncomeNonControlling": 0, "calculatedEbitda": 89022000}, {"date": "2012-12-31", "symbol": "UCBIO", "reportedCurrency": "USD", "cik": "0000857855", "fillingDate": "2013-03-01", "acceptedDate": "2013-03-01 12:08:35", "calendarYear": "2012", "period": "FY", "revenue": 284180000, "costOfRevenue": 0, "grossProfit": 284180000, "grossProfitRatio": 1, "researchAndDevelopmentExpenses": 0, "generalAndAdministrativeExpenses": 106123000, "sellingAndMarketingExpenses": 3855000, "sellingGeneralAndAdministrativeExpenses": 109978000, "otherExpenses": -291277000, "operatingExpenses": -181299000, "costAndExpenses": -181299000, "interestIncome": 265739000, "interestExpense": 38330000, "depreciationAndAmortization": 2917000, "ebitda": 105798000, "ebitdaratio": 0.3722922092, "operatingIncome": 102881000, "operatingIncomeRatio": 0.3620275881, "totalOtherIncomeExpensesNet": -63975000, "incomeBeforeTax": 38906000, "incomeBeforeTaxRatio": 0.1369061862, "incomeTaxExpense": 1050000, "netIncome": 37856000, "netIncomeRatio": 0.1332113449, "eps": 0.44, "epsdiluted": 0.44, "weightedAverageShsOut": 57857000, "weightedAverageShsOutDil": 57857000, "link": "https://www.sec.gov/Archives/edgar/data/857855/000119312513086813/0001193125-13-086813-index.htm", "finalLink": "https://www.sec.gov/Archives/edgar/data/857855/000119312513086813/d444036d10k.htm", "calculatedOtherExpenses": 71321000, "calculatedOperatingExpenses": 181299000, "calculatedNetInterest": 227409000, "calculatedOtherIncome": -291384000, "calculatedIncomeNonControlling": 0, "calculatedEbitda": 105798000}, {"date": "2011-12-31", "symbol": "UCBIO", "reportedCurrency": "USD", "cik": "0000857855", "fillingDate": "2012-03-14", "acceptedDate": "2012-03-13 21:02:08", "calendarYear": "2011", "period": "FY", "revenue": 281870000, "costOfRevenue": 0, "grossProfit": 281870000, "grossProfitRatio": 1, "researchAndDevelopmentExpenses": 0, "generalAndAdministrativeExpenses": 118610000, "sellingAndMarketingExpenses": 4291000, "sellingGeneralAndAdministrativeExpenses": 122901000, "otherExpenses": -551757000, "operatingExpenses": -428856000, "costAndExpenses": -428856000, "interestIncome": 297637000, "interestExpense": 65675000, "depreciationAndAmortization": 3016000, "ebitda": -143970000, "ebitdaratio": -0.510767375, "operatingIncome": -146986000, "operatingIncomeRatio": -0.5214673431, "totalOtherIncomeExpensesNet": -83743000, "incomeBeforeTax": -230729000, "incomeBeforeTaxRatio": -0.8185652961, "incomeTaxExpense": -3983000, "netIncome": -226746000, "netIncomeRatio": -0.8044346685, "eps": -5.68, "epsdiluted": -5.68, "weightedAverageShsOut": 39943000, "weightedAverageShsOutDil": 39943000, "link": "https://www.sec.gov/Archives/edgar/data/857855/000119312512113067/0001193125-12-113067-index.htm", "finalLink": "https://www.sec.gov/Archives/edgar/data/857855/000119312512113067/d287506d10k.htm", "calculatedOtherExpenses": 305955000, "calculatedOperatingExpenses": 428856000, "calculatedNetInterest": 231962000, "calculatedOtherIncome": -315705000, "calculatedIncomeNonControlling": 0, "calculatedEbitda": -143970000}, {"date": "2010-12-31", "symbol": "UCBIO", "reportedCurrency": "USD", "cik": "0000857855", "fillingDate": "2011-03-16", "acceptedDate": "2011-03-16 17:11:43", "calendarYear": "2010", "period": "FY", "revenue": 289599000, "costOfRevenue": 0, "grossProfit": 289599000, "grossProfitRatio": 1, "researchAndDevelopmentExpenses": 0, "generalAndAdministrativeExpenses": 100690000, "sellingAndMarketingExpenses": 4625000, "sellingGeneralAndAdministrativeExpenses": 105315000, "otherExpenses": -712742000, "operatingExpenses": -607427000, "costAndExpenses": -607427000, "interestIncome": 341122000, "interestExpense": 100071000, "depreciationAndAmortization": 3160000, "ebitda": -314668000, "ebitdaratio": -1.0865645254, "operatingIncome": -317828000, "operatingIncomeRatio": -1.0974761653, "totalOtherIncomeExpensesNet": -114464000, "incomeBeforeTax": -432292000, "incomeBeforeTaxRatio": -1.4927261489, "incomeTaxExpense": -85492000, "netIncome": -345635000, "netIncomeRatio": -1.1934951433, "eps": -18.26, "epsdiluted": -18.26, "weightedAverageShsOut": 18924800, "weightedAverageShsOutDil": 18924800, "link": "https://www.sec.gov/Archives/edgar/data/857855/000118811211000581/0001188112-11-000581-index.htm", "finalLink": "https://www.sec.gov/Archives/edgar/data/857855/000118811211000581/t69984_10k.htm", "calculatedOtherExpenses": 502112000, "calculatedOperatingExpenses": 607427000, "calculatedNetInterest": 241051000, "calculatedOtherIncome": -355515000, "calculatedIncomeNonControlling": -1165000, "calculatedEbitda": -314668000}, {"date": "2009-12-31", "symbol": "UCBIO", "reportedCurrency": "USD", "cik": "0000857855", "fillingDate": "2010-02-26", "acceptedDate": "2010-02-26 13:58:27", "calendarYear": "2009", "period": "FY", "revenue": 301883000, "costOfRevenue": 0, "grossProfit": 301883000, "grossProfitRatio": 1, "researchAndDevelopmentExpenses": 0, "generalAndAdministrativeExpenses": 114035000, "sellingAndMarketingExpenses": 4220000, "sellingGeneralAndAdministrativeExpenses": 118255000, "otherExpenses": -11390000, "operatingExpenses": 106865000, "costAndExpenses": 106865000, "interestIncome": 402829000, "interestExpense": 159734000, "depreciationAndAmortization": 3104000, "ebitda": -144393000, "ebitdaratio": -0.4783078212, "operatingIncome": -147497000, "operatingIncomeRatio": -0.4885899504, "totalOtherIncomeExpensesNet": -171183000, "incomeBeforeTax": -318680000, "incomeBeforeTaxRatio": -1.0556407615, "incomeTaxExpense": -90353000, "netIncome": -228327000, "netIncomeRatio": -0.7563426891, "eps": -18.91, "epsdiluted": -18.91, "weightedAverageShsOut": 12074800, "weightedAverageShsOutDil": 12074800, "link": "https://www.sec.gov/Archives/edgar/data/857855/000118811210000384/0001188112-10-000384-index.htm", "finalLink": "https://www.sec.gov/Archives/edgar/data/857855/000118811210000384/t67230_10k.htm", "calculatedOtherExpenses": 331125000, "calculatedOperatingExpenses": 449380000, "calculatedNetInterest": 243095000, "calculatedOtherIncome": -414278000, "calculatedIncomeNonControlling": 0, "calculatedEbitda": -144393000}, {"date": "2008-12-31", "symbol": "UCBIO", "reportedCurrency": "USD", "cik": "0000857855", "fillingDate": "2009-02-27", "acceptedDate": "2009-02-27 10:13:24", "calendarYear": "2008", "period": "FY", "revenue": 289584000, "costOfRevenue": 0, "grossProfit": 289584000, "grossProfitRatio": 1, "researchAndDevelopmentExpenses": 0, "generalAndAdministrativeExpenses": 116870000, "sellingAndMarketingExpenses": 6117000, "sellingGeneralAndAdministrativeExpenses": 6117000, "otherExpenses": -156712000, "operatingExpenses": -150595000, "costAndExpenses": -150595000, "interestIncome": 464708000, "interestExpense": 228265000, "depreciationAndAmortization": 3009000, "ebitda": 141998000, "ebitdaratio": 0.4903516769, "operatingIncome": 138989000, "operatingIncomeRatio": 0.4799609094, "totalOtherIncomeExpensesNet": -240104000, "incomeBeforeTax": -101115000, "incomeBeforeTaxRatio": -0.3491732969, "incomeTaxExpense": -37665000, "netIncome": -63450000, "netIncomeRatio": -0.2191074092, "eps": -6.55, "epsdiluted": -6.55, "weightedAverageShsOut": 9694045, "weightedAverageShsOutDil": 9694045, "link": "https://www.sec.gov/Archives/edgar/data/857855/000118811209000433/0001188112-09-000433-index.htm", "finalLink": "https://www.sec.gov/Archives/edgar/data/857855/000118811209000433/t64635_10k.htm", "calculatedOtherExpenses": 144478000, "calculatedOperatingExpenses": 150595000, "calculatedNetInterest": 236443000, "calculatedOtherIncome": -476547000, "calculatedIncomeNonControlling": 0, "calculatedEbitda": 141998000}, {"date": "2007-12-31", "symbol": "UCBIO", "reportedCurrency": "USD", "cik": "0000857855", "fillingDate": "2008-02-29", "acceptedDate": "2008-02-29 14:31:15", "calendarYear": "2007", "period": "FY", "revenue": 335253000, "costOfRevenue": 0, "grossProfit": 335253000, "grossProfitRatio": 1, "researchAndDevelopmentExpenses": 0, "generalAndAdministrativeExpenses": 115153000, "sellingAndMarketingExpenses": 7524000, "sellingGeneralAndAdministrativeExpenses": 122677000, "otherExpenses": 190061000, "operatingExpenses": 190061000, "costAndExpenses": 190061000, "interestIncome": 549036000, "interestExpense": 276434000, "depreciationAndAmortization": 13946000, "ebitda": 379972000, "ebitdaratio": 1.1333888138, "operatingIncome": 68991000, "operatingIncomeRatio": 0.2057878677, "totalOtherIncomeExpensesNet": 40482000, "incomeBeforeTax": 89592000, "incomeBeforeTaxRatio": 0.2672369822, "incomeTaxExpense": 31599000, "netIncome": 57993000, "netIncomeRatio": 0.1729827921, "eps": 6.06, "epsdiluted": 5.97, "weightedAverageShsOut": 9536986, "weightedAverageShsOutDil": 9682453, "link": "https://www.sec.gov/Archives/edgar/data/857855/000118811208000622/0001188112-08-000622-index.htm", "finalLink": "https://www.sec.gov/Archives/edgar/data/857855/000118811208000622/t61796_10k.htm", "calculatedOtherExpenses": 143585000, "calculatedOperatingExpenses": 266262000, "calculatedNetInterest": 272602000, "calculatedOtherIncome": -252001000, "calculatedIncomeNonControlling": 0, "calculatedEbitda": 82937000}, {"date": "2006-12-31", "symbol": "UCBIO", "reportedCurrency": "USD", "cik": "0000857855", "fillingDate": "2007-02-27", "acceptedDate": "2007-02-27 16:48:22", "calendarYear": "2006", "period": "FY", "revenue": 285107000, "costOfRevenue": 0, "grossProfit": 285107000, "grossProfitRatio": 1, "researchAndDevelopmentExpenses": 0, "generalAndAdministrativeExpenses": 100964000, "sellingAndMarketingExpenses": 7623000, "sellingGeneralAndAdministrativeExpenses": 108587000, "otherExpenses": -76442000, "operatingExpenses": 32145000, "costAndExpenses": 32145000, "interestIncome": 444827000, "interestExpense": 208815000, "depreciationAndAmortization": 14817000, "ebitda": 332069000, "ebitdaratio": 1.1647171062, "operatingIncome": 317252000, "operatingIncomeRatio": 1.1127471441, "totalOtherIncomeExpensesNet": -208815000, "incomeBeforeTax": 108437000, "incomeBeforeTaxRatio": 0.3803379082, "incomeTaxExpense": 39622000, "netIncome": 68815000, "netIncomeRatio": 0.2413655224, "eps": 8.18, "epsdiluted": 7.99, "weightedAverageShsOut": 8394036, "weightedAverageShsOutDil": 8639666, "link": "https://www.sec.gov/Archives/edgar/data/857855/000095014407001655/0000950144-07-001655-index.htm", "finalLink": "https://www.sec.gov/Archives/edgar/data/857855/000095014407001655/g05668e10vk.htm", "calculatedOtherExpenses": -140732000, "calculatedOperatingExpenses": -32145000, "calculatedNetInterest": 236012000, "calculatedOtherIncome": -444827000, "calculatedIncomeNonControlling": 0, "calculatedEbitda": 332069000}, {"date": "2005-12-31", "symbol": "UCBIO", "reportedCurrency": "USD", "cik": "0000857855", "fillingDate": "2006-03-01", "acceptedDate": "2006-03-01 16:17:25", "calendarYear": "2005", "period": "FY", "revenue": 255904000, "costOfRevenue": 0, "grossProfit": 255904000, "grossProfitRatio": 1, "researchAndDevelopmentExpenses": 0, "generalAndAdministrativeExpenses": 99447000, "sellingAndMarketingExpenses": 6733000, "sellingGeneralAndAdministrativeExpenses": 106180000, "otherExpenses": -146255000, "operatingExpenses": -40075000, "costAndExpenses": -40075000, "interestIncome": 337182000, "interestExpense": 127426000, "depreciationAndAmortization": 15804000, "ebitda": 231633000, "ebitdaratio": 0.9051558397, "operatingIncome": 215829000, "operatingIncomeRatio": 0.8433983056, "totalOtherIncomeExpensesNet": -127426000, "incomeBeforeTax": 88403000, "incomeBeforeTaxRatio": 0.3454537639, "incomeTaxExpense": 31661000, "netIncome": 56742000, "netIncomeRatio": 0.2217315868, "eps": 7.07, "epsdiluted": 6.88, "weightedAverageShsOut": 7995874, "weightedAverageShsOutDil": 8254388, "link": "https://www.sec.gov/Archives/edgar/data/857855/000095014406001672/0000950144-06-001672-index.htm", "finalLink": "https://www.sec.gov/Archives/edgar/data/857855/000095014406001672/g99858e10vk.htm", "calculatedOtherExpenses": -66105000, "calculatedOperatingExpenses": 40075000, "calculatedNetInterest": 209756000, "calculatedOtherIncome": -337182000, "calculatedIncomeNonControlling": 0, "calculatedEbitda": 231633000}, {"date": "2004-12-31", "symbol": "UCBIO", "reportedCurrency": "USD", "cik": "0000857855", "fillingDate": "2005-03-01", "acceptedDate": "2005-03-01 14:42:29", "calendarYear": "2004", "period": "FY", "revenue": 202526000, "costOfRevenue": 0, "grossProfit": 202526000, "grossProfitRatio": 1, "researchAndDevelopmentExpenses": 0, "generalAndAdministrativeExpenses": 77995000, "sellingAndMarketingExpenses": 4403000, "sellingGeneralAndAdministrativeExpenses": 82398000, "otherExpenses": -138642000, "operatingExpenses": -56244000, "costAndExpenses": -56244000, "interestIncome": 237781000, "interestExpense": 74794000, "depreciationAndAmortization": 15361000, "ebitda": 161643000, "ebitdaratio": 0.7981345605, "operatingIncome": 146282000, "operatingIncomeRatio": 0.7222875088, "totalOtherIncomeExpensesNet": -74794000, "incomeBeforeTax": 71488000, "incomeBeforeTaxRatio": 0.3529818394, "incomeTaxExpense": 24897000, "netIncome": 46591000, "netIncomeRatio": 0.2300494751, "eps": 6.21, "epsdiluted": 6.02, "weightedAverageShsOut": 7505456, "weightedAverageShsOutDil": 7745630, "link": "https://www.sec.gov/Archives/edgar/data/857855/000095014405001928/0000950144-05-001928-index.htm", "finalLink": "https://www.sec.gov/Archives/edgar/data/857855/000095014405001928/g93491e10vk.htm", "calculatedOtherExpenses": -26154000, "calculatedOperatingExpenses": 56244000, "calculatedNetInterest": 162987000, "calculatedOtherIncome": -237781000, "calculatedIncomeNonControlling": 0, "calculatedEbitda": 161643000}, {"date": "2003-12-31", "symbol": "UCBIO", "reportedCurrency": "USD", "cik": "0000857855", "fillingDate": "2004-03-08", "acceptedDate": "2004-03-08 17:16:31", "calendarYear": "2003", "period": "FY", "revenue": 174773000, "costOfRevenue": 0, "grossProfit": 174773000, "grossProfitRatio": 1, "researchAndDevelopmentExpenses": 0, "generalAndAdministrativeExpenses": 68044000, "sellingAndMarketingExpenses": 3068000, "sellingGeneralAndAdministrativeExpenses": 71112000, "otherExpenses": -116800000, "operatingExpenses": -45688000, "costAndExpenses": -45688000, "interestIncome": 207189000, "interestExpense": 70600000, "depreciationAndAmortization": 14570000, "ebitda": 143655000, "ebitdaratio": 0.8219519033, "operatingIncome": 129085000, "operatingIncomeRatio": 0.7385866238, "totalOtherIncomeExpensesNet": -70600000, "incomeBeforeTax": 58485000, "incomeBeforeTaxRatio": 0.3346340682, "incomeTaxExpense": 20367000, "netIncome": 38118000, "netIncomeRatio": 0.2181000498, "eps": 5.36, "epsdiluted": 5.2, "weightedAverageShsOut": 7092735, "weightedAverageShsOutDil": 7325585, "link": "https://www.sec.gov/Archives/edgar/data/857855/000095014404002107/0000950144-04-002107-index.htm", "finalLink": "https://www.sec.gov/Archives/edgar/data/857855/000095014404002107/g87455e10vk.htm", "calculatedOtherExpenses": -25424000, "calculatedOperatingExpenses": 45688000, "calculatedNetInterest": 136589000, "calculatedOtherIncome": -207189000, "calculatedIncomeNonControlling": 0, "calculatedEbitda": 143655000}, {"date": "2002-12-31", "symbol": "UCBIO", "reportedCurrency": "USD", "cik": "0000857855", "fillingDate": "2003-03-20", "acceptedDate": "2003-03-20 13:47:09", "calendarYear": "2002", "period": "FY", "revenue": 147930000, "costOfRevenue": 0, "grossProfit": 147930000, "grossProfitRatio": 1, "researchAndDevelopmentExpenses": 0, "generalAndAdministrativeExpenses": 57735000, "sellingAndMarketingExpenses": 2994000, "sellingGeneralAndAdministrativeExpenses": 60729000, "otherExpenses": -82396000, "operatingExpenses": -21667000, "costAndExpenses": -21667000, "interestIncome": 193553000, "interestExpense": 76357000, "depreciationAndAmortization": 8559000, "ebitda": 134822000, "ebitdaratio": 0.9113905225, "operatingIncome": 126263000, "operatingIncomeRatio": 0.853532076, "totalOtherIncomeExpensesNet": -76357000, "incomeBeforeTax": 49906000, "incomeBeforeTaxRatio": 0.3373622659, "incomeTaxExpense": 17126000, "netIncome": 32780000, "netIncomeRatio": 0.2215912932, "eps": 4.91, "epsdiluted": 4.75, "weightedAverageShsOut": 6662882, "weightedAverageShsOutDil": 6907889, "link": "https://www.sec.gov/Archives/edgar/data/857855/000095014403003430/0000950144-03-003430-index.htm", "finalLink": "https://www.sec.gov/Archives/edgar/data/857855/000095014403003430/g81354e10vk.htm", "calculatedOtherExpenses": -39062000, "calculatedOperatingExpenses": 21667000, "calculatedNetInterest": 117196000, "calculatedOtherIncome": -193553000, "calculatedIncomeNonControlling": 0, "calculatedEbitda": 134822000}, {"date": "2001-12-31", "symbol": "UCBIO", "reportedCurrency": "USD", "cik": "0000857855", "fillingDate": "2002-03-15", "acceptedDate": "2002-03-15 00:00:00", "calendarYear": "2001", "period": "FY", "revenue": 132285000, "costOfRevenue": 0, "grossProfit": 132285000, "grossProfitRatio": 1, "researchAndDevelopmentExpenses": 0, "generalAndAdministrativeExpenses": 49982000, "sellingAndMarketingExpenses": 2764000, "sellingGeneralAndAdministrativeExpenses": 52746000, "otherExpenses": 83906000, "operatingExpenses": 83906000, "costAndExpenses": 83906000, "interestIncome": 207892000, "interestExpense": 100874000, "depreciationAndAmortization": 6299000, "ebitda": 147935000, "ebitdaratio": 1.1183051744, "operatingIncome": 141636000, "operatingIncomeRatio": 1.0706882867, "totalOtherIncomeExpensesNet": -100874000, "incomeBeforeTax": 40762000, "incomeBeforeTaxRatio": 0.3081377329, "incomeTaxExpense": 13531000, "netIncome": 27231000, "netIncomeRatio": 0.2058510035, "eps": 4.12, "epsdiluted": 4.03, "weightedAverageShsOut": 6585265, "weightedAverageShsOutDil": 6779774, "link": "https://www.sec.gov/Archives/edgar/data/857855/000110704902000327/0001107049-02-000327-index.htm", "finalLink": "https://www.sec.gov/Archives/edgar/data/857855/000110704902000327/united10k.htm", "calculatedOtherExpenses": -62097000, "calculatedOperatingExpenses": -9351000, "calculatedNetInterest": 107018000, "calculatedOtherIncome": -207892000, "calculatedIncomeNonControlling": 0, "calculatedEbitda": 147935000}, {"date": "2000-12-31", "symbol": "UCBIO", "reportedCurrency": "USD", "cik": "0000857855", "fillingDate": "2001-04-02", "acceptedDate": "2001-04-02 00:00:00", "calendarYear": "2000", "period": "FY", "revenue": 23844000, "costOfRevenue": 0, "grossProfit": 23844000, "grossProfitRatio": 1, "researchAndDevelopmentExpenses": 0, "generalAndAdministrativeExpenses": 46134000, "sellingAndMarketingExpenses": 0, "sellingGeneralAndAdministrativeExpenses": 46134000, "otherExpenses": 67696000, "operatingExpenses": 113830000, "costAndExpenses": 113830000, "interestIncome": 210748000, "interestExpense": 116591000, "depreciationAndAmortization": 5451000, "ebitda": 143125000, "ebitdaratio": 6.0025582956, "operatingIncome": 137674000, "operatingIncomeRatio": 5.7739473243, "totalOtherIncomeExpensesNet": -116591000, "incomeBeforeTax": 21083000, "incomeBeforeTaxRatio": 0.8842056702, "incomeTaxExpense": 6566000, "netIncome": 14517000, "netIncomeRatio": 0.6088324107, "eps": 2.26, "epsdiluted": 2.23, "weightedAverageShsOut": 6421303, "weightedAverageShsOutDil": 6606461, "link": "https://www.sec.gov/Archives/edgar/data/857855/000110704901500272/0001107049-01-500272-index.htm", "finalLink": "https://www.sec.gov/Archives/edgar/data/857855/000110704901500272/uni10k40.txt", "calculatedOtherExpenses": -159964000, "calculatedOperatingExpenses": -113830000, "calculatedNetInterest": 94157000, "calculatedOtherIncome": -210748000, "calculatedIncomeNonControlling": 0, "calculatedEbitda": 143125000}, {"date": "1999-12-31", "symbol": "UCBIO", "reportedCurrency": "USD", "cik": "0000857855", "fillingDate": "2000-03-13", "acceptedDate": "2000-03-13 00:00:00", "calendarYear": "1999", "period": "FY", "revenue": 15940000, "costOfRevenue": 0, "grossProfit": 15940000, "grossProfitRatio": 1, "researchAndDevelopmentExpenses": 0, "generalAndAdministrativeExpenses": 30366000, "sellingAndMarketingExpenses": 0, "sellingGeneralAndAdministrativeExpenses": 30366000, "otherExpenses": 55001000, "operatingExpenses": 85367000, "costAndExpenses": 85367000, "interestIncome": 149740000, "interestExpense": 81766000, "depreciationAndAmortization": 5135000, "ebitda": 106442000, "ebitdaratio": 6.6776662484, "operatingIncome": 101307000, "operatingIncomeRatio": 6.3555207026, "totalOtherIncomeExpensesNet": -81766000, "incomeBeforeTax": 19541000, "incomeBeforeTaxRatio": 1.2259096612, "incomeTaxExpense": 5893000, "netIncome": 13648000, "netIncomeRatio": 0.8562107905, "eps": 2.57, "epsdiluted": 2.5, "weightedAverageShsOut": 6283526, "weightedAverageShsOutDil": 6496738, "link": "https://www.sec.gov/Archives/edgar/data/857855/000110704900000042/0001107049-00-000042-index.html", "finalLink": "https://www.sec.gov/Archives/edgar/data/857855/000110704900000042/", "calculatedOtherExpenses": -115733000, "calculatedOperatingExpenses": -85367000, "calculatedNetInterest": 67974000, "calculatedOtherIncome": -149740000, "calculatedIncomeNonControlling": 0, "calculatedEbitda": 106442000}, {"date": "1998-12-31", "symbol": "UCBIO", "reportedCurrency": "USD", "cik": "0000857855", "fillingDate": "1999-03-23", "acceptedDate": "1999-03-23 00:00:00", "calendarYear": "1998", "period": "FY", "revenue": 11083000, "costOfRevenue": 0, "grossProfit": 11083000, "grossProfitRatio": 1, "researchAndDevelopmentExpenses": 0, "generalAndAdministrativeExpenses": 22887000, "sellingAndMarketingExpenses": 0, "sellingGeneralAndAdministrativeExpenses": 22887000, "otherExpenses": 40410000, "operatingExpenses": 63297000, "costAndExpenses": 63297000, "interestIncome": 109139000, "interestExpense": 56640000, "depreciationAndAmortization": 2846000, "ebitda": 77226000, "ebitdaratio": 6.9679689615, "operatingIncome": 74380000, "operatingIncomeRatio": 6.7111792836, "totalOtherIncomeExpensesNet": -56640000, "incomeBeforeTax": 17740000, "incomeBeforeTaxRatio": 1.6006496436, "incomeTaxExpense": 5588000, "netIncome": 12152000, "netIncomeRatio": 1.0964540287, "eps": 2.5, "epsdiluted": 2.47, "weightedAverageShsOut": 6233652, "weightedAverageShsOutDil": 6424420, "link": "https://www.sec.gov/Archives/edgar/data/857855/000091019599000164/0000910195-99-000164-index.html", "finalLink": "https://www.sec.gov/Archives/edgar/data/857855/", "calculatedOtherExpenses": -86184000, "calculatedOperatingExpenses": -63297000, "calculatedNetInterest": 52499000, "calculatedOtherIncome": -109139000, "calculatedIncomeNonControlling": 0, "calculatedEbitda": 77226000}, {"date": "1997-12-31", "symbol": "UCBIO", "reportedCurrency": "USD", "cik": "0000857855", "fillingDate": "1998-03-27", "acceptedDate": "1998-03-27 00:00:00", "calendarYear": "1997", "period": "FY", "revenue": 9614000, "costOfRevenue": 0, "grossProfit": 9614000, "grossProfitRatio": 1, "researchAndDevelopmentExpenses": 0, "generalAndAdministrativeExpenses": 17695000, "sellingAndMarketingExpenses": 0, "sellingGeneralAndAdministrativeExpenses": 17695000, "otherExpenses": 34740000, "operatingExpenses": 52435000, "costAndExpenses": 52435000, "interestIncome": 89780000, "interestExpense": 46548000, "depreciationAndAmortization": 2448000, "ebitda": 64497000, "ebitdaratio": 6.7086540462, "operatingIncome": 62049000, "operatingIncomeRatio": 6.4540253797, "totalOtherIncomeExpensesNet": -46548000, "incomeBeforeTax": 15501000, "incomeBeforeTaxRatio": 1.6123361764, "incomeTaxExpense": 4766000, "netIncome": 10735000, "netIncomeRatio": 1.1166007905, "eps": 2.36, "epsdiluted": 2.34, "weightedAverageShsOut": 3192000, "weightedAverageShsOutDil": 3192000, "link": "https://www.sec.gov/Archives/edgar/data/857855/000091019598000136/0000910195-98-000136-index.html", "finalLink": "https://www.sec.gov/Archives/edgar/data/857855/", "calculatedOtherExpenses": -70130000, "calculatedOperatingExpenses": -52435000, "calculatedNetInterest": 43232000, "calculatedOtherIncome": -89780000, "calculatedIncomeNonControlling": 0, "calculatedEbitda": 64497000}, {"date": "1996-12-31", "symbol": "UCBIO", "reportedCurrency": "USD", "cik": "0000857855", "fillingDate": "1997-03-28", "acceptedDate": "1997-03-28 00:00:00", "calendarYear": "1996", "period": "FY", "revenue": 6779000, "costOfRevenue": 0, "grossProfit": 6779000, "grossProfitRatio": 1, "researchAndDevelopmentExpenses": 0, "generalAndAdministrativeExpenses": 12693000, "sellingAndMarketingExpenses": 0, "sellingGeneralAndAdministrativeExpenses": 12693000, "otherExpenses": 24298000, "operatingExpenses": 36991000, "costAndExpenses": 36991000, "interestIncome": 63126000, "interestExpense": 31758000, "depreciationAndAmortization": 2176000, "ebitda": 45946000, "ebitdaratio": 6.7776958253, "operatingIncome": 43770000, "operatingIncomeRatio": 6.4567045287, "totalOtherIncomeExpensesNet": -31758000, "incomeBeforeTax": 12012000, "incomeBeforeTaxRatio": 1.7719427644, "incomeTaxExpense": 3811000, "netIncome": 8201000, "netIncomeRatio": 1.2097654521, "eps": 2.1, "epsdiluted": 2.1, "weightedAverageShsOut": 3903279, "weightedAverageShsOutDil": 3903279, "link": "https://www.sec.gov/Archives/edgar/data/857855/000093176397000429/0000931763-97-000429-index.html", "finalLink": "https://www.sec.gov/Archives/edgar/data/857855/", "calculatedOtherExpenses": -49684000, "calculatedOperatingExpenses": -36991000, "calculatedNetInterest": 31368000, "calculatedOtherIncome": -63126000, "calculatedIncomeNonControlling": 0, "calculatedEbitda": 45946000}]}