{"originalCurrency": "USD", "convertedCurrency": "USD", "report": [{"date": "2023-12-29", "symbol": "UCTT", "reportedCurrency": "USD", "cik": "0001275014", "fillingDate": "2024-03-06", "acceptedDate": "2024-03-06 16:33:45", "calendarYear": "2023", "period": "FY", "revenue": 1734500000, "costOfRevenue": 1457200000, "grossProfit": 277300000, "grossProfitRatio": 0.1598731623, "researchAndDevelopmentExpenses": 28300000, "generalAndAdministrativeExpenses": 162000000, "sellingAndMarketingExpenses": 51800000, "sellingGeneralAndAdministrativeExpenses": 209100000, "otherExpenses": -1800000, "operatingExpenses": 237400000, "costAndExpenses": 1694600000, "interestIncome": 4099999, "interestExpense": 48800000, "depreciationAndAmortization": 61700000, "ebitda": 101600000, "ebitdaratio": 0.0585759585, "operatingIncome": 39900000, "operatingIncomeRatio": 0.0230037475, "totalOtherIncomeExpensesNet": -51200000, "incomeBeforeTax": -11300000, "incomeBeforeTaxRatio": -0.0065148458, "incomeTaxExpense": 10900000, "netIncome": -31100000, "netIncomeRatio": -0.0179302393, "eps": -0.7, "epsdiluted": -0.7, "weightedAverageShsOut": 44700000, "weightedAverageShsOutDil": 44700000, "link": "https://www.sec.gov/Archives/edgar/data/1275014/000095017024027213/0000950170-24-027213-index.htm", "finalLink": "https://www.sec.gov/Archives/edgar/data/1275014/000095017024027213/uctt-20231229.htm", "calculatedOtherExpenses": 0, "calculatedOperatingExpenses": 237400000, "calculatedNetInterest": -44700001, "calculatedOtherIncome": -6499999, "calculatedIncomeNonControlling": 8900000, "calculatedEbitda": 101600000}, {"date": "2022-12-30", "symbol": "UCTT", "reportedCurrency": "USD", "cik": "0001275014", "fillingDate": "2023-02-28", "acceptedDate": "2023-02-28 16:35:02", "calendarYear": "2022", "period": "FY", "revenue": 2374300000, "costOfRevenue": 1909300000, "grossProfit": 465000000, "grossProfitRatio": 0.1958471971, "researchAndDevelopmentExpenses": 28500000, "generalAndAdministrativeExpenses": 184300000, "sellingAndMarketingExpenses": 54400000, "sellingGeneralAndAdministrativeExpenses": 238700000, "otherExpenses": 900000, "operatingExpenses": 267200000, "costAndExpenses": 2176500000, "interestIncome": 900000, "interestExpense": 33900000, "depreciationAndAmortization": 72300000, "ebitda": 271900000, "ebitdaratio": 0.1145179632, "operatingIncome": 199600000, "operatingIncomeRatio": 0.0840668829, "totalOtherIncomeExpensesNet": -111300000, "incomeBeforeTax": 88300000, "incomeBeforeTaxRatio": 0.0371899086, "incomeTaxExpense": 37900000, "netIncome": 40400000, "netIncomeRatio": 0.0170155414, "eps": 0.89, "epsdiluted": 0.88, "weightedAverageShsOut": 45200000, "weightedAverageShsOutDil": 45700000, "link": "https://www.sec.gov/Archives/edgar/data/1275014/000095017023005148/0000950170-23-005148-index.htm", "finalLink": "https://www.sec.gov/Archives/edgar/data/1275014/000095017023005148/uctt-20221230.htm", "calculatedOtherExpenses": -1800000, "calculatedOperatingExpenses": 265400000, "calculatedNetInterest": -33000000, "calculatedOtherIncome": -78300000, "calculatedIncomeNonControlling": 10000000, "calculatedEbitda": 271900000}, {"date": "2021-12-31", "symbol": "UCTT", "reportedCurrency": "USD", "cik": "0001275014", "fillingDate": "2022-03-01", "acceptedDate": "2022-03-01 16:34:58", "calendarYear": "2021", "period": "FY", "revenue": 2101615000, "costOfRevenue": 1671638000, "grossProfit": 429977000, "grossProfitRatio": 0.2045936102, "researchAndDevelopmentExpenses": 24508000, "generalAndAdministrativeExpenses": 171618000, "sellingAndMarketingExpenses": 48178000, "sellingGeneralAndAdministrativeExpenses": 219796000, "otherExpenses": -7601000, "operatingExpenses": 244304000, "costAndExpenses": 1915942000, "interestIncome": 427000, "interestExpense": 24183000, "depreciationAndAmortization": 63703000, "ebitda": 249376000, "ebitdaratio": 0.1186592216, "operatingIncome": 185673000, "operatingIncomeRatio": 0.0883477706, "totalOtherIncomeExpensesNet": -31357000, "incomeBeforeTax": 154316000, "incomeBeforeTaxRatio": 0.0734273404, "incomeTaxExpense": 27931000, "netIncome": 119500000, "netIncomeRatio": 0.0568610331, "eps": 2.75, "epsdiluted": 2.69, "weightedAverageShsOut": 43500000, "weightedAverageShsOutDil": 44400000, "link": "https://www.sec.gov/Archives/edgar/data/1275014/000156459022008065/0001564590-22-008065-index.htm", "finalLink": "https://www.sec.gov/Archives/edgar/data/1275014/000156459022008065/uctt-10k_20211231.htm", "calculatedOtherExpenses": 0, "calculatedOperatingExpenses": 244304000, "calculatedNetInterest": -23756000, "calculatedOtherIncome": -7601000, "calculatedIncomeNonControlling": 6885000, "calculatedEbitda": 249376000}, {"date": "2020-12-25", "symbol": "UCTT", "reportedCurrency": "USD", "cik": "0001275014", "fillingDate": "2021-02-23", "acceptedDate": "2021-02-23 16:16:28", "calendarYear": "2020", "period": "FY", "revenue": 1398582000, "costOfRevenue": 1106821000, "grossProfit": 291761000, "grossProfitRatio": 0.2086120084, "researchAndDevelopmentExpenses": 14829000, "generalAndAdministrativeExpenses": 130434000, "sellingAndMarketingExpenses": 25128000, "sellingGeneralAndAdministrativeExpenses": 155562000, "otherExpenses": -5722000, "operatingExpenses": 170391000, "costAndExpenses": 1277212000, "interestIncome": 875000, "interestExpense": 16852000, "depreciationAndAmortization": 41788000, "ebitda": 163158000, "ebitdaratio": 0.1166595881, "operatingIncome": 121370000, "operatingIncomeRatio": 0.0867807536, "totalOtherIncomeExpensesNet": -21699000, "incomeBeforeTax": 99671000, "incomeBeforeTaxRatio": 0.0712657535, "incomeTaxExpense": 19281000, "netIncome": 77600000, "netIncomeRatio": 0.0554847696, "eps": 1.93, "epsdiluted": 1.89, "weightedAverageShsOut": 40200000, "weightedAverageShsOutDil": 41100000, "link": "https://www.sec.gov/Archives/edgar/data/1275014/000156459021007569/0001564590-21-007569-index.htm", "finalLink": "https://www.sec.gov/Archives/edgar/data/1275014/000156459021007569/uctt-10k_20201225.htm", "calculatedOtherExpenses": 0, "calculatedOperatingExpenses": 170391000, "calculatedNetInterest": -15977000, "calculatedOtherIncome": -5722000, "calculatedIncomeNonControlling": 2790000, "calculatedEbitda": 163158000}, {"date": "2019-12-27", "symbol": "UCTT", "reportedCurrency": "USD", "cik": "0001275014", "fillingDate": "2020-03-11", "acceptedDate": "2020-03-11 15:49:41", "calendarYear": "2019", "period": "FY", "revenue": 1066244000, "costOfRevenue": 869378000, "grossProfit": 196866000, "grossProfitRatio": 0.1846350366, "researchAndDevelopmentExpenses": 14618000, "generalAndAdministrativeExpenses": 129942000, "sellingAndMarketingExpenses": 22393000, "sellingGeneralAndAdministrativeExpenses": 152335000, "otherExpenses": -2400000, "operatingExpenses": 166953000, "costAndExpenses": 1036331000, "interestIncome": 400000, "interestExpense": 25600000, "depreciationAndAmortization": 43360000, "ebitda": 73273000, "ebitdaratio": 0.0687206681, "operatingIncome": 29913000, "operatingIncomeRatio": 0.0280545541, "totalOtherIncomeExpensesNet": -27501000, "incomeBeforeTax": 2412000, "incomeBeforeTaxRatio": 0.0022621464, "incomeTaxExpense": 10031000, "netIncome": -7619000, "netIncomeRatio": -0.007145644, "eps": -0.19, "epsdiluted": -0.19, "weightedAverageShsOut": 39500000, "weightedAverageShsOutDil": 39500000, "link": "https://www.sec.gov/Archives/edgar/data/1275014/000156459020010037/0001564590-20-010037-index.htm", "finalLink": "https://www.sec.gov/Archives/edgar/data/1275014/000156459020010037/uctt-10k_20191227.htm", "calculatedOtherExpenses": 0, "calculatedOperatingExpenses": 166953000, "calculatedNetInterest": -25200000, "calculatedOtherIncome": -2301000, "calculatedIncomeNonControlling": 0, "calculatedEbitda": 73273000}, {"date": "2018-12-28", "symbol": "UCTT", "reportedCurrency": "USD", "cik": "0001275014", "fillingDate": "2019-03-22", "acceptedDate": "2019-03-22 16:50:18", "calendarYear": "2018", "period": "FY", "revenue": 1096523000, "costOfRevenue": 920682000, "grossProfit": 175841000, "grossProfitRatio": 0.1603623453, "researchAndDevelopmentExpenses": 13287000, "generalAndAdministrativeExpenses": 85544000, "sellingAndMarketingExpenses": 16306000, "sellingGeneralAndAdministrativeExpenses": 101850000, "otherExpenses": 0, "operatingExpenses": 115137000, "costAndExpenses": 1035819000, "interestIncome": 0, "interestExpense": -8436000, "depreciationAndAmortization": 21907000, "ebitda": 82611000, "ebitdaratio": 0.075339049, "operatingIncome": 60704000, "operatingIncomeRatio": 0.0553604439, "totalOtherIncomeExpensesNet": -8436000, "incomeBeforeTax": 52268000, "incomeBeforeTaxRatio": 0.0476670348, "incomeTaxExpense": 15319000, "netIncome": 36596000, "netIncomeRatio": 0.0333745849, "eps": 0.95, "epsdiluted": 0.94, "weightedAverageShsOut": 38400000, "weightedAverageShsOutDil": 38919000, "link": "https://www.sec.gov/Archives/edgar/data/1275014/000156459019009033/0001564590-19-009033-index.htm", "finalLink": "https://www.sec.gov/Archives/edgar/data/1275014/000156459019009033/uctt-10k_20181228.htm", "calculatedOtherExpenses": 0, "calculatedOperatingExpenses": 115137000, "calculatedNetInterest": 8436000, "calculatedOtherIncome": -16872000, "calculatedIncomeNonControlling": 353000, "calculatedEbitda": 82611000}, {"date": "2017-12-29", "symbol": "UCTT", "reportedCurrency": "USD", "cik": "0001275014", "fillingDate": "2018-03-14", "acceptedDate": "2018-03-14 17:12:38", "calendarYear": "2017", "period": "FY", "revenue": 924351000, "costOfRevenue": 756722000, "grossProfit": 167629000, "grossProfitRatio": 0.1813477781, "researchAndDevelopmentExpenses": 11666000, "generalAndAdministrativeExpenses": 52818000, "sellingAndMarketingExpenses": 13748000, "sellingGeneralAndAdministrativeExpenses": 66566000, "otherExpenses": 0, "operatingExpenses": 78232000, "costAndExpenses": 834954000, "interestIncome": 0, "interestExpense": -2455000, "depreciationAndAmortization": 10712000, "ebitda": 89397000, "ebitdaratio": 0.0967132615, "operatingIncome": 89397000, "operatingIncomeRatio": 0.0967132615, "totalOtherIncomeExpensesNet": -2455000, "incomeBeforeTax": 86942000, "incomeBeforeTaxRatio": 0.094057344, "incomeTaxExpense": 11857000, "netIncome": 75085000, "netIncomeRatio": 0.0812299657, "eps": 2.25, "epsdiluted": 2.19, "weightedAverageShsOut": 33409000, "weightedAverageShsOutDil": 34303000, "link": "https://www.sec.gov/Archives/edgar/data/1275014/000156459018005652/0001564590-18-005652-index.htm", "finalLink": "https://www.sec.gov/Archives/edgar/data/1275014/000156459018005652/uctt-10k_20171229.htm", "calculatedOtherExpenses": 0, "calculatedOperatingExpenses": 78232000, "calculatedNetInterest": 2455000, "calculatedOtherIncome": -4910000, "calculatedIncomeNonControlling": 0, "calculatedEbitda": 100109000}, {"date": "2016-12-30", "symbol": "UCTT", "reportedCurrency": "USD", "cik": "0001275014", "fillingDate": "2017-03-15", "acceptedDate": "2017-03-15 15:10:14", "calendarYear": "2016", "period": "FY", "revenue": 562759000, "costOfRevenue": 475976000, "grossProfit": 86783000, "grossProfitRatio": 0.1542098838, "researchAndDevelopmentExpenses": 9900000, "generalAndAdministrativeExpenses": 42924000, "sellingAndMarketingExpenses": 11568000, "sellingGeneralAndAdministrativeExpenses": 54492000, "otherExpenses": 0, "operatingExpenses": 64392000, "costAndExpenses": 540368000, "interestIncome": 0, "interestExpense": -3444000, "depreciationAndAmortization": 11739000, "ebitda": 22391000, "ebitdaratio": 0.0397879021, "operatingIncome": 22391000, "operatingIncomeRatio": 0.0397879021, "totalOtherIncomeExpensesNet": -3444000, "incomeBeforeTax": 18947000, "incomeBeforeTaxRatio": 0.0336680533, "incomeTaxExpense": 8896000, "netIncome": 10051000, "netIncomeRatio": 0.0178602208, "eps": 0.31, "epsdiluted": 0.3, "weightedAverageShsOut": 32632000, "weightedAverageShsOutDil": 33150000, "link": "https://www.sec.gov/Archives/edgar/data/1275014/000156459017004405/0001564590-17-004405-index.htm", "finalLink": "https://www.sec.gov/Archives/edgar/data/1275014/000156459017004405/uctt-10k_20161230.htm", "calculatedOtherExpenses": 0, "calculatedOperatingExpenses": 64392000, "calculatedNetInterest": 3444000, "calculatedOtherIncome": -6888000, "calculatedIncomeNonControlling": 0, "calculatedEbitda": 34130000}, {"date": "2015-12-25", "symbol": "UCTT", "reportedCurrency": "USD", "cik": "0001275014", "fillingDate": "2016-03-09", "acceptedDate": "2016-03-09 16:22:46", "calendarYear": "2015", "period": "FY", "revenue": 469103000, "costOfRevenue": 398073000, "grossProfit": 71030000, "grossProfitRatio": 0.1514166398, "researchAndDevelopmentExpenses": 9578000, "generalAndAdministrativeExpenses": 44112000, "sellingAndMarketingExpenses": 11499000, "sellingGeneralAndAdministrativeExpenses": 55611000, "otherExpenses": 0, "operatingExpenses": 65189000, "costAndExpenses": 463262000, "interestIncome": 0, "interestExpense": -2234000, "depreciationAndAmortization": 10940000, "ebitda": 5841000, "ebitdaratio": 0.0124514232, "operatingIncome": 5841000, "operatingIncomeRatio": 0.0124514232, "totalOtherIncomeExpensesNet": -2234000, "incomeBeforeTax": 3607000, "incomeBeforeTaxRatio": 0.0076891429, "incomeTaxExpense": 14339000, "netIncome": -10732000, "netIncomeRatio": -0.0228777049, "eps": -0.34, "epsdiluted": -0.34, "weightedAverageShsOut": 31564000, "weightedAverageShsOutDil": 31564000, "link": "https://www.sec.gov/Archives/edgar/data/1275014/000119312516498459/0001193125-16-498459-index.htm", "finalLink": "https://www.sec.gov/Archives/edgar/data/1275014/000119312516498459/d108144d10k.htm", "calculatedOtherExpenses": 0, "calculatedOperatingExpenses": 65189000, "calculatedNetInterest": 2234000, "calculatedOtherIncome": -4468000, "calculatedIncomeNonControlling": 0, "calculatedEbitda": 16781000}, {"date": "2014-12-26", "symbol": "UCTT", "reportedCurrency": "USD", "cik": "0001275014", "fillingDate": "2015-03-11", "acceptedDate": "2015-03-11 17:06:36", "calendarYear": "2014", "period": "FY", "revenue": 513957000, "costOfRevenue": 440824000, "grossProfit": 73133000, "grossProfitRatio": 0.1422940051, "researchAndDevelopmentExpenses": 7067000, "generalAndAdministrativeExpenses": 37450000, "sellingAndMarketingExpenses": 10432000, "sellingGeneralAndAdministrativeExpenses": 47882000, "otherExpenses": 0, "operatingExpenses": 54949000, "costAndExpenses": 495773000, "interestIncome": 0, "interestExpense": -1854000, "depreciationAndAmortization": 7888000, "ebitda": 18184000, "ebitdaratio": 0.0353803917, "operatingIncome": 18184000, "operatingIncomeRatio": 0.0353803917, "totalOtherIncomeExpensesNet": -1854000, "incomeBeforeTax": 16330000, "incomeBeforeTaxRatio": 0.0317730861, "incomeTaxExpense": 4973000, "netIncome": 11357000, "netIncomeRatio": 0.0220971793, "eps": 0.39, "epsdiluted": 0.38, "weightedAverageShsOut": 29301000, "weightedAverageShsOutDil": 29936000, "link": "https://www.sec.gov/Archives/edgar/data/1275014/000119312515087568/0001193125-15-087568-index.htm", "finalLink": "https://www.sec.gov/Archives/edgar/data/1275014/000119312515087568/d824683d10k.htm", "calculatedOtherExpenses": 0, "calculatedOperatingExpenses": 54949000, "calculatedNetInterest": 1854000, "calculatedOtherIncome": -3708000, "calculatedIncomeNonControlling": 0, "calculatedEbitda": 26072000}, {"date": "2013-12-27", "symbol": "UCTT", "reportedCurrency": "USD", "cik": "0001275014", "fillingDate": "2014-03-12", "acceptedDate": "2014-03-12 17:21:04", "calendarYear": "2013", "period": "FY", "revenue": 444022000, "costOfRevenue": 376693000, "grossProfit": 67329000, "grossProfitRatio": 0.1516343785, "researchAndDevelopmentExpenses": 5543000, "generalAndAdministrativeExpenses": 36047000, "sellingAndMarketingExpenses": 9831000, "sellingGeneralAndAdministrativeExpenses": 45878000, "otherExpenses": 0, "operatingExpenses": 51421000, "costAndExpenses": 428114000, "interestIncome": 0, "interestExpense": -3309000, "depreciationAndAmortization": 9113000, "ebitda": 15908000, "ebitdaratio": 0.0358270536, "operatingIncome": 15908000, "operatingIncomeRatio": 0.0358270536, "totalOtherIncomeExpensesNet": -3309000, "incomeBeforeTax": 12599000, "incomeBeforeTaxRatio": 0.0283747202, "incomeTaxExpense": 2175000, "netIncome": 10424000, "netIncomeRatio": 0.0234763142, "eps": 0.37, "epsdiluted": 0.36, "weightedAverageShsOut": 28346000, "weightedAverageShsOutDil": 29037000, "link": "https://www.sec.gov/Archives/edgar/data/1275014/000119312514095837/0001193125-14-095837-index.htm", "finalLink": "https://www.sec.gov/Archives/edgar/data/1275014/000119312514095837/d652760d10k.htm", "calculatedOtherExpenses": 0, "calculatedOperatingExpenses": 51421000, "calculatedNetInterest": 3309000, "calculatedOtherIncome": -6618000, "calculatedIncomeNonControlling": 0, "calculatedEbitda": 25021000}, {"date": "2012-12-28", "symbol": "UCTT", "reportedCurrency": "USD", "cik": "0001275014", "fillingDate": "2013-03-13", "acceptedDate": "2013-03-13 17:26:32", "calendarYear": "2012", "period": "FY", "revenue": 403430000, "costOfRevenue": 347642000, "grossProfit": 55788000, "grossProfitRatio": 0.1382842129, "researchAndDevelopmentExpenses": 5121000, "generalAndAdministrativeExpenses": 35289000, "sellingAndMarketingExpenses": 7033000, "sellingGeneralAndAdministrativeExpenses": 42322000, "otherExpenses": 2431000, "operatingExpenses": 47443000, "costAndExpenses": 395085000, "interestIncome": 0, "interestExpense": 1648000, "depreciationAndAmortization": 6981000, "ebitda": 8345000, "ebitdaratio": 0.0206851251, "operatingIncome": 8345000, "operatingIncomeRatio": 0.0206851251, "totalOtherIncomeExpensesNet": -2431000, "incomeBeforeTax": 6697000, "incomeBeforeTaxRatio": 0.0166001537, "incomeTaxExpense": 1544000, "netIncome": 5153000, "netIncomeRatio": 0.0127729718, "eps": 0.2, "epsdiluted": 0.2, "weightedAverageShsOut": 25698000, "weightedAverageShsOutDil": 26261000, "link": "https://www.sec.gov/Archives/edgar/data/1275014/000119312513105509/0001193125-13-105509-index.htm", "finalLink": "https://www.sec.gov/Archives/edgar/data/1275014/000119312513105509/d444063d10k.htm", "calculatedOtherExpenses": 0, "calculatedOperatingExpenses": 47443000, "calculatedNetInterest": -1648000, "calculatedOtherIncome": 0, "calculatedIncomeNonControlling": 0, "calculatedEbitda": 15326000}, {"date": "2011-12-30", "symbol": "UCTT", "reportedCurrency": "USD", "cik": "0001275014", "fillingDate": "2012-03-21", "acceptedDate": "2012-03-21 06:09:18", "calendarYear": "2011", "period": "FY", "revenue": 452639000, "costOfRevenue": 393647000, "grossProfit": 58992000, "grossProfitRatio": 0.130329026, "researchAndDevelopmentExpenses": 5556000, "generalAndAdministrativeExpenses": 22633000, "sellingAndMarketingExpenses": 7257000, "sellingGeneralAndAdministrativeExpenses": 29890000, "otherExpenses": 0, "operatingExpenses": 35446000, "costAndExpenses": 429093000, "interestIncome": 0, "interestExpense": 1106000, "depreciationAndAmortization": 2945000, "ebitda": 23546000, "ebitdaratio": 0.0520193797, "operatingIncome": 23546000, "operatingIncomeRatio": 0.0520193797, "totalOtherIncomeExpensesNet": -1106000, "incomeBeforeTax": 22440000, "incomeBeforeTaxRatio": 0.0495759314, "incomeTaxExpense": -1294000, "netIncome": 23734000, "netIncomeRatio": 0.0524347217, "eps": 1.05, "epsdiluted": 1.01, "weightedAverageShsOut": 22689000, "weightedAverageShsOutDil": 23437000, "link": "https://www.sec.gov/Archives/edgar/data/1275014/000119312512124498/0001193125-12-124498-index.htm", "finalLink": "https://www.sec.gov/Archives/edgar/data/1275014/000119312512124498/d271294d10k.htm", "calculatedOtherExpenses": 0, "calculatedOperatingExpenses": 35446000, "calculatedNetInterest": -1106000, "calculatedOtherIncome": 0, "calculatedIncomeNonControlling": 0, "calculatedEbitda": 26491000}, {"date": "2010-12-31", "symbol": "UCTT", "reportedCurrency": "USD", "cik": "0001275014", "fillingDate": "2011-03-16", "acceptedDate": "2011-03-16 16:22:32", "calendarYear": "2010", "period": "FY", "revenue": 443134000, "costOfRevenue": 383993000, "grossProfit": 59141000, "grossProfitRatio": 0.133460759, "researchAndDevelopmentExpenses": 5487000, "generalAndAdministrativeExpenses": 21290000, "sellingAndMarketingExpenses": 6887000, "sellingGeneralAndAdministrativeExpenses": 28177000, "otherExpenses": 0, "operatingExpenses": 33664000, "costAndExpenses": 417657000, "interestIncome": 0, "interestExpense": 667000, "depreciationAndAmortization": 2323000, "ebitda": 25477000, "ebitdaratio": 0.0574927674, "operatingIncome": 25477000, "operatingIncomeRatio": 0.0574927674, "totalOtherIncomeExpensesNet": -667000, "incomeBeforeTax": 24810000, "incomeBeforeTaxRatio": 0.0559875794, "incomeTaxExpense": 4713000, "netIncome": 20097000, "netIncomeRatio": 0.0453519703, "eps": 0.92, "epsdiluted": 0.87, "weightedAverageShsOut": 21799000, "weightedAverageShsOutDil": 22975000, "link": "https://www.sec.gov/Archives/edgar/data/1275014/000119312511068704/0001193125-11-068704-index.htm", "finalLink": "https://www.sec.gov/Archives/edgar/data/1275014/000119312511068704/d10k.htm", "calculatedOtherExpenses": 0, "calculatedOperatingExpenses": 33664000, "calculatedNetInterest": -667000, "calculatedOtherIncome": 0, "calculatedIncomeNonControlling": 0, "calculatedEbitda": 27800000}, {"date": "2009-12-31", "symbol": "UCTT", "reportedCurrency": "USD", "cik": "0001275014", "fillingDate": "2010-03-30", "acceptedDate": "2010-03-29 20:46:45", "calendarYear": "2009", "period": "FY", "revenue": 159757000, "costOfRevenue": 151741000, "grossProfit": 8016000, "grossProfitRatio": 0.0501762051, "researchAndDevelopmentExpenses": 3212000, "generalAndAdministrativeExpenses": 16186000, "sellingAndMarketingExpenses": 4693000, "sellingGeneralAndAdministrativeExpenses": 20879000, "otherExpenses": 0, "operatingExpenses": 24091000, "costAndExpenses": 175832000, "interestIncome": 0, "interestExpense": 791000, "depreciationAndAmortization": 2279000, "ebitda": -16075000, "ebitdaratio": -0.100621569, "operatingIncome": -16075000, "operatingIncomeRatio": -0.100621569, "totalOtherIncomeExpensesNet": -791000, "incomeBeforeTax": -16866000, "incomeBeforeTaxRatio": -0.1055728387, "incomeTaxExpense": 3160000, "netIncome": -20026000, "netIncomeRatio": -0.1253528797, "eps": -0.94, "epsdiluted": -0.94, "weightedAverageShsOut": 21403000, "weightedAverageShsOutDil": 21403000, "link": "https://www.sec.gov/Archives/edgar/data/1275014/000119312510070394/0001193125-10-070394-index.htm", "finalLink": "https://www.sec.gov/Archives/edgar/data/1275014/000119312510070394/d10k.htm", "calculatedOtherExpenses": 0, "calculatedOperatingExpenses": 24091000, "calculatedNetInterest": -791000, "calculatedOtherIncome": 0, "calculatedIncomeNonControlling": 0, "calculatedEbitda": -13796000}, {"date": "2008-12-31", "symbol": "UCTT", "reportedCurrency": "USD", "cik": "0001275014", "fillingDate": "2009-03-19", "acceptedDate": "2009-03-18 21:49:16", "calendarYear": "2008", "period": "FY", "revenue": 266919000, "costOfRevenue": 241453000, "grossProfit": 25466000, "grossProfitRatio": 0.0954072209, "researchAndDevelopmentExpenses": 2904000, "generalAndAdministrativeExpenses": 24226000, "sellingAndMarketingExpenses": 5739000, "sellingGeneralAndAdministrativeExpenses": 29965000, "otherExpenses": 55080000, "operatingExpenses": 32869000, "costAndExpenses": 274322000, "interestIncome": 0, "interestExpense": 870000, "depreciationAndAmortization": 5599000, "ebitda": -1804000, "ebitdaratio": -0.0067586047, "operatingIncome": -62483000, "operatingIncomeRatio": -0.2340897426, "totalOtherIncomeExpensesNet": -55080000, "incomeBeforeTax": -63353000, "incomeBeforeTaxRatio": -0.2373491584, "incomeTaxExpense": -10936000, "netIncome": -52417000, "netIncomeRatio": -0.1963779274, "eps": -2.43, "epsdiluted": -2.43, "weightedAverageShsOut": 21542000, "weightedAverageShsOutDil": 21542000, "link": "https://www.sec.gov/Archives/edgar/data/1275014/000095013409005647/0000950134-09-005647-index.htm", "finalLink": "https://www.sec.gov/Archives/edgar/data/1275014/000095013409005647/f51808e10vk.htm", "calculatedOtherExpenses": 55080000, "calculatedOperatingExpenses": 87949000, "calculatedNetInterest": -870000, "calculatedOtherIncome": 0, "calculatedIncomeNonControlling": 0, "calculatedEbitda": -56884000}, {"date": "2007-12-28", "symbol": "UCTT", "reportedCurrency": "USD", "cik": "0001275014", "fillingDate": "2008-03-12", "acceptedDate": "2008-03-12 17:26:35", "calendarYear": "2007", "period": "FY", "revenue": 403807000, "costOfRevenue": 346347000, "grossProfit": 57460000, "grossProfitRatio": 0.1422957007, "researchAndDevelopmentExpenses": 2985000, "generalAndAdministrativeExpenses": 25054000, "sellingAndMarketingExpenses": 5914000, "sellingGeneralAndAdministrativeExpenses": 30968000, "otherExpenses": 0, "operatingExpenses": 33953000, "costAndExpenses": 380300000, "interestIncome": 0, "interestExpense": -1797000, "depreciationAndAmortization": 4375000, "ebitda": 27882000, "ebitdaratio": 0.0690478372, "operatingIncome": 23507000, "operatingIncomeRatio": 0.0582134535, "totalOtherIncomeExpensesNet": -1797000, "incomeBeforeTax": 21710000, "incomeBeforeTaxRatio": 0.0537633077, "incomeTaxExpense": 5817000, "netIncome": 15893000, "netIncomeRatio": 0.0393579111, "eps": 0.75, "epsdiluted": 0.72, "weightedAverageShsOut": 21293000, "weightedAverageShsOutDil": 22118000, "link": "https://www.sec.gov/Archives/edgar/data/1275014/000089161808000162/0000891618-08-000162-index.htm", "finalLink": "https://www.sec.gov/Archives/edgar/data/1275014/000089161808000162/f38318e10vk.htm", "calculatedOtherExpenses": 0, "calculatedOperatingExpenses": 33953000, "calculatedNetInterest": 1797000, "calculatedOtherIncome": -3594000, "calculatedIncomeNonControlling": 0, "calculatedEbitda": 27882000}, {"date": "2006-12-31", "symbol": "UCTT", "reportedCurrency": "USD", "cik": "0001275014", "fillingDate": "2007-03-29", "acceptedDate": "2007-03-29 17:24:17", "calendarYear": "2006", "period": "FY", "revenue": 337228000, "costOfRevenue": 286542000, "grossProfit": 50686000, "grossProfitRatio": 0.1503018729, "researchAndDevelopmentExpenses": 3051000, "generalAndAdministrativeExpenses": 17657000, "sellingAndMarketingExpenses": 4644000, "sellingGeneralAndAdministrativeExpenses": 22301000, "otherExpenses": 0, "operatingExpenses": 25352000, "costAndExpenses": 311894000, "interestIncome": 0, "interestExpense": -1758000, "depreciationAndAmortization": 3871000, "ebitda": 29205000, "ebitdaratio": 0.086603129, "operatingIncome": 25334000, "operatingIncomeRatio": 0.0751242483, "totalOtherIncomeExpensesNet": -1758000, "incomeBeforeTax": 23576000, "incomeBeforeTaxRatio": 0.069911158, "incomeTaxExpense": 7266000, "netIncome": 16310000, "netIncomeRatio": 0.0483649045, "eps": 0.85, "epsdiluted": 0.83, "weightedAverageShsOut": 19220000, "weightedAverageShsOutDil": 19649000, "link": "https://www.sec.gov/Archives/edgar/data/1275014/000089161807000206/0000891618-07-000206-index.htm", "finalLink": "https://www.sec.gov/Archives/edgar/data/1275014/000089161807000206/f27355e10vk.htm", "calculatedOtherExpenses": 0, "calculatedOperatingExpenses": 25352000, "calculatedNetInterest": 1758000, "calculatedOtherIncome": -3516000, "calculatedIncomeNonControlling": 0, "calculatedEbitda": 29205000}, {"date": "2005-12-31", "symbol": "UCTT", "reportedCurrency": "USD", "cik": "0001275014", "fillingDate": "2006-02-28", "acceptedDate": "2006-02-28 06:18:53", "calendarYear": "2005", "period": "FY", "revenue": 147534000, "costOfRevenue": 127457000, "grossProfit": 20077000, "grossProfitRatio": 0.1360838857, "researchAndDevelopmentExpenses": 2361000, "generalAndAdministrativeExpenses": 11593000, "sellingAndMarketingExpenses": 3357000, "sellingGeneralAndAdministrativeExpenses": 15154000, "otherExpenses": 205000, "operatingExpenses": 17515000, "costAndExpenses": 144972000, "interestIncome": 0, "interestExpense": 147000, "depreciationAndAmortization": 2388000, "ebitda": 4950000, "ebitdaratio": 0.0335515881, "operatingIncome": 2562000, "operatingIncomeRatio": 0.0173654886, "totalOtherIncomeExpensesNet": 149000, "incomeBeforeTax": 2711000, "incomeBeforeTaxRatio": 0.0183754253, "incomeTaxExpense": 705000, "netIncome": 2003000, "netIncomeRatio": 0.0135765315, "eps": 0.12, "epsdiluted": 0.12, "weightedAverageShsOut": 16241000, "weightedAverageShsOutDil": 17169000, "link": "https://www.sec.gov/Archives/edgar/data/1275014/000095013406003861/0000950134-06-003861-index.htm", "finalLink": "https://www.sec.gov/Archives/edgar/data/1275014/000095013406003861/f17722e10vk.htm", "calculatedOtherExpenses": 0, "calculatedOperatingExpenses": 17515000, "calculatedNetInterest": -147000, "calculatedOtherIncome": 296000, "calculatedIncomeNonControlling": 3000, "calculatedEbitda": 4950000}, {"date": "2004-12-31", "symbol": "UCTT", "reportedCurrency": "USD", "cik": "0001275014", "fillingDate": "2005-03-30", "acceptedDate": "2005-03-30 16:51:43", "calendarYear": "2004", "period": "FY", "revenue": 184204000, "costOfRevenue": 154995000, "grossProfit": 29209000, "grossProfitRatio": 0.1585687607, "researchAndDevelopmentExpenses": 2413000, "generalAndAdministrativeExpenses": 9019000, "sellingAndMarketingExpenses": 3569000, "sellingGeneralAndAdministrativeExpenses": 13348000, "otherExpenses": 760000, "operatingExpenses": 15761000, "costAndExpenses": 170756000, "interestIncome": 0, "interestExpense": -387000, "depreciationAndAmortization": 2365000, "ebitda": 15813000, "ebitdaratio": 0.0858450414, "operatingIncome": 13448000, "operatingIncomeRatio": 0.0730060151, "totalOtherIncomeExpensesNet": -387000, "incomeBeforeTax": 13061000, "incomeBeforeTaxRatio": 0.0709050835, "incomeTaxExpense": 4511000, "netIncome": 8550000, "netIncomeRatio": 0.0464159302, "eps": 0.59, "epsdiluted": 0.55, "weightedAverageShsOut": 14605000, "weightedAverageShsOutDil": 15542000, "link": "https://www.sec.gov/Archives/edgar/data/1275014/000095013405006380/0000950134-05-006380-index.htm", "finalLink": "https://www.sec.gov/Archives/edgar/data/1275014/000095013405006380/f07248e10vk.htm", "calculatedOtherExpenses": 0, "calculatedOperatingExpenses": 15761000, "calculatedNetInterest": 387000, "calculatedOtherIncome": -774000, "calculatedIncomeNonControlling": 0, "calculatedEbitda": 15813000}, {"date": "2003-12-31", "symbol": "UCTT", "reportedCurrency": "USD", "cik": "0001275014", "fillingDate": "2003-12-31", "acceptedDate": "2003-12-30 19:00:00", "calendarYear": "2003", "period": "FY", "revenue": 77520000, "costOfRevenue": 67313000, "grossProfit": 10207000, "grossProfitRatio": 0.1316692466, "researchAndDevelopmentExpenses": 1155000, "generalAndAdministrativeExpenses": 0, "sellingAndMarketingExpenses": 0, "sellingGeneralAndAdministrativeExpenses": 7254000, "otherExpenses": 0, "operatingExpenses": 8409000, "costAndExpenses": 75722000, "interestIncome": 0, "interestExpense": 0, "depreciationAndAmortization": 1808000, "ebitda": 3606000, "ebitdaratio": 0.0465170279, "operatingIncome": 1798000, "operatingIncomeRatio": 0.0231940144, "totalOtherIncomeExpensesNet": -1458000, "incomeBeforeTax": 340000, "incomeBeforeTaxRatio": 0.0043859649, "incomeTaxExpense": 232000, "netIncome": 108000, "netIncomeRatio": 0.0013931889, "eps": 0.01, "epsdiluted": 0.01, "weightedAverageShsOut": 9976000, "weightedAverageShsOutDil": 10711000, "link": "", "finalLink": "", "calculatedOtherExpenses": 0, "calculatedOperatingExpenses": 8409000, "calculatedNetInterest": 0, "calculatedOtherIncome": -1458000, "calculatedIncomeNonControlling": 0, "calculatedEbitda": 3606000}, {"date": "2002-12-31", "symbol": "UCTT", "reportedCurrency": "USD", "cik": "0001275014", "fillingDate": "2002-12-31", "acceptedDate": "2002-12-30 19:00:00", "calendarYear": "2002", "period": "FY", "revenue": 84254000, "costOfRevenue": 74958000, "grossProfit": 9296000, "grossProfitRatio": 0.1103330406, "researchAndDevelopmentExpenses": 1622000, "generalAndAdministrativeExpenses": 0, "sellingAndMarketingExpenses": 0, "sellingGeneralAndAdministrativeExpenses": 9506000, "otherExpenses": 0, "operatingExpenses": 11128000, "costAndExpenses": 86086000, "interestIncome": 0, "interestExpense": 0, "depreciationAndAmortization": 1708000, "ebitda": -122000, "ebitdaratio": -0.0014480025, "operatingIncome": -1832000, "operatingIncomeRatio": -0.0217437748, "totalOtherIncomeExpensesNet": -2000, "incomeBeforeTax": -2186000, "incomeBeforeTaxRatio": -0.0259453557, "incomeTaxExpense": -25000, "netIncome": -2161000, "netIncomeRatio": -0.0256486339, "eps": -0.5, "epsdiluted": -0.5, "weightedAverageShsOut": 4304000, "weightedAverageShsOutDil": 4304000, "link": "", "finalLink": "", "calculatedOtherExpenses": 0, "calculatedOperatingExpenses": 11128000, "calculatedNetInterest": 0, "calculatedOtherIncome": -354000, "calculatedIncomeNonControlling": 0, "calculatedEbitda": -124000}, {"date": "2001-12-31", "symbol": "UCTT", "reportedCurrency": "USD", "cik": "0001275014", "fillingDate": "2001-12-31", "acceptedDate": "2001-12-30 19:00:00", "calendarYear": "2001", "period": "FY", "revenue": 76486000, "costOfRevenue": 66129000, "grossProfit": 10357000, "grossProfitRatio": 0.1354104019, "researchAndDevelopmentExpenses": 613000, "generalAndAdministrativeExpenses": 3127000, "sellingAndMarketingExpenses": 1302000, "sellingGeneralAndAdministrativeExpenses": 4429000, "otherExpenses": 0, "operatingExpenses": 5042000, "costAndExpenses": 71171000, "interestIncome": 0, "interestExpense": 0, "depreciationAndAmortization": 0, "ebitda": 5315000, "ebitdaratio": 0.0694898413, "operatingIncome": 5315000, "operatingIncomeRatio": 0.0694898413, "totalOtherIncomeExpensesNet": -440000, "incomeBeforeTax": 4875000, "incomeBeforeTaxRatio": 0.0637371545, "incomeTaxExpense": 1981000, "netIncome": 2894000, "netIncomeRatio": 0.0378369898, "eps": 0.79, "epsdiluted": 0.64, "weightedAverageShsOut": 3680000, "weightedAverageShsOutDil": 4535000, "link": "", "finalLink": "", "calculatedOtherExpenses": 0, "calculatedOperatingExpenses": 5042000, "calculatedNetInterest": 0, "calculatedOtherIncome": -440000, "calculatedIncomeNonControlling": 0, "calculatedEbitda": 5315000}, {"date": "2000-12-31", "symbol": "UCTT", "reportedCurrency": "USD", "cik": "0001275014", "fillingDate": "2000-12-31", "acceptedDate": "2000-12-30 19:00:00", "calendarYear": "2000", "period": "FY", "revenue": 0, "costOfRevenue": 68242000, "grossProfit": -68242000, "grossProfitRatio": 0, "researchAndDevelopmentExpenses": 0, "generalAndAdministrativeExpenses": 0, "sellingAndMarketingExpenses": 0, "sellingGeneralAndAdministrativeExpenses": 0, "otherExpenses": 5505000, "operatingExpenses": 5505000, "costAndExpenses": 73747000, "interestIncome": 0, "interestExpense": 0, "depreciationAndAmortization": -83001000, "ebitda": -73747000, "ebitdaratio": 0, "operatingIncome": 9254000, "operatingIncomeRatio": 0, "totalOtherIncomeExpensesNet": -687000, "incomeBeforeTax": 8567000, "incomeBeforeTaxRatio": 0, "incomeTaxExpense": -136000, "netIncome": 8703000, "netIncomeRatio": 0, "eps": 2.36, "epsdiluted": 1.95, "weightedAverageShsOut": 3680000, "weightedAverageShsOutDil": 4467000, "link": "", "finalLink": "", "calculatedOtherExpenses": -77496000, "calculatedOperatingExpenses": -77496000, "calculatedNetInterest": 0, "calculatedOtherIncome": -687000, "calculatedIncomeNonControlling": 0, "calculatedEbitda": -73747000}]}