{"originalCurrency": "USD", "convertedCurrency": "USD", "report": [{"date": "2023-12-31", "symbol": "UDR", "reportedCurrency": "USD", "cik": "0000074208", "fillingDate": "2024-02-20", "acceptedDate": "2024-02-20 16:11:33", "calendarYear": "2023", "period": "FY", "revenue": 1627501000, "costOfRevenue": 1250397000, "grossProfit": 377104000, "grossProfitRatio": 0.2317073845, "researchAndDevelopmentExpenses": 0, "generalAndAdministrativeExpenses": 69929000, "sellingAndMarketingExpenses": 9200000, "sellingGeneralAndAdministrativeExpenses": 69929000, "otherExpenses": -90151000, "operatingExpenses": 90151000, "costAndExpenses": 1340548000, "interestIncome": 17759000, "interestExpense": 180866000, "depreciationAndAmortization": 691838000, "ebitda": 978791000, "ebitdaratio": 0.601407311, "operatingIncome": 286953000, "operatingIncomeRatio": 0.176315099, "totalOtherIncomeExpensesNet": 189641000, "incomeBeforeTax": 476594000, "incomeBeforeTaxRatio": 0.2928379153, "incomeTaxExpense": 2106000, "netIncome": 444353000, "netIncomeRatio": 0.2730277892, "eps": 1.34, "epsdiluted": 1.34, "weightedAverageShsOut": 328765000, "weightedAverageShsOutDil": 329104000, "link": "https://www.sec.gov/Archives/edgar/data/74208/000007420824000011/0000074208-24-000011-index.htm", "finalLink": "https://www.sec.gov/Archives/edgar/data/74208/000007420824000011/udr-20231231x10k.htm", "calculatedOtherExpenses": 20222000, "calculatedOperatingExpenses": 90151000, "calculatedNetInterest": -163107000, "calculatedOtherIncome": 352748000, "calculatedIncomeNonControlling": 30135000, "calculatedEbitda": 978791000}, {"date": "2022-12-31", "symbol": "UDR", "reportedCurrency": "USD", "cik": "0000074208", "fillingDate": "2023-02-13", "acceptedDate": "2023-02-13 14:59:15", "calendarYear": "2022", "period": "FY", "revenue": 1517386000, "costOfRevenue": 1186352000, "grossProfit": 331034000, "grossProfitRatio": 0.2181607053, "researchAndDevelopmentExpenses": 0, "generalAndAdministrativeExpenses": 64144000, "sellingAndMarketingExpenses": 8700000, "sellingGeneralAndAdministrativeExpenses": 64144000, "otherExpenses": 31837000, "operatingExpenses": 95981000, "costAndExpenses": 1282333000, "interestIncome": 3500000, "interestExpense": 162833000, "depreciationAndAmortization": 3530000, "ebitda": 254344000, "ebitdaratio": 0.167619841, "operatingIncome": 250814000, "operatingIncomeRatio": 0.1652934718, "totalOtherIncomeExpensesNet": -157886000, "incomeBeforeTax": 92928000, "incomeBeforeTaxRatio": 0.0612421625, "incomeTaxExpense": 349000, "netIncome": 86924000, "netIncomeRatio": 0.0572853578, "eps": 0.26, "epsdiluted": 0.26, "weightedAverageShsOut": 321671000, "weightedAverageShsOutDil": 322700000, "link": "https://www.sec.gov/Archives/edgar/data/74208/000007420823000007/0000074208-23-000007-index.htm", "finalLink": "https://www.sec.gov/Archives/edgar/data/74208/000007420823000007/udr-20221231x10k.htm", "calculatedOtherExpenses": 16076000, "calculatedOperatingExpenses": 80220000, "calculatedNetInterest": -159333000, "calculatedOtherIncome": 1447000, "calculatedIncomeNonControlling": 5655000, "calculatedEbitda": 254344000}, {"date": "2021-12-31", "symbol": "UDR", "reportedCurrency": "USD", "cik": "0000074208", "fillingDate": "2022-02-15", "acceptedDate": "2022-02-15 15:16:13", "calendarYear": "2021", "period": "FY", "revenue": 1290767000, "costOfRevenue": 1062728000, "grossProfit": 228039000, "grossProfitRatio": 0.1766693757, "researchAndDevelopmentExpenses": 0, "generalAndAdministrativeExpenses": 57541000, "sellingAndMarketingExpenses": 8300000, "sellingGeneralAndAdministrativeExpenses": 57541000, "otherExpenses": 34834000, "operatingExpenses": 92375000, "costAndExpenses": 1155103000, "interestIncome": 15085000, "interestExpense": 143931000, "depreciationAndAmortization": -38388000, "ebitda": 229580000, "ebitdaratio": 0.1778632395, "operatingIncome": 267968000, "operatingIncomeRatio": 0.2076036961, "totalOtherIncomeExpensesNet": -105536000, "incomeBeforeTax": 162432000, "incomeBeforeTaxRatio": 0.1258414571, "incomeTaxExpense": 1439000, "netIncome": 150016000, "netIncomeRatio": 0.1162223701, "eps": 0.49, "epsdiluted": 0.48, "weightedAverageShsOut": 300326000, "weightedAverageShsOutDil": 301703000, "link": "https://www.sec.gov/Archives/edgar/data/74208/000007420822000010/0000074208-22-000010-index.htm", "finalLink": "https://www.sec.gov/Archives/edgar/data/74208/000007420822000010/udr-20211231x10k.htm", "calculatedOtherExpenses": -97470000, "calculatedOperatingExpenses": -39929000, "calculatedNetInterest": -128846000, "calculatedOtherIncome": 23310000, "calculatedIncomeNonControlling": 10977000, "calculatedEbitda": 229580000}, {"date": "2020-12-31", "symbol": "UDR", "reportedCurrency": "USD", "cik": "0000074208", "fillingDate": "2021-02-18", "acceptedDate": "2021-02-18 15:23:09", "calendarYear": "2020", "period": "FY", "revenue": 1241165000, "costOfRevenue": 1026548000, "grossProfit": 214617000, "grossProfitRatio": 0.1729157687, "researchAndDevelopmentExpenses": 0, "generalAndAdministrativeExpenses": 49885000, "sellingAndMarketingExpenses": 7900000, "sellingGeneralAndAdministrativeExpenses": 49885000, "otherExpenses": 32775000, "operatingExpenses": 82660000, "costAndExpenses": 1109208000, "interestIncome": 6274000, "interestExpense": 147242000, "depreciationAndAmortization": 10013000, "ebitda": 160814000, "ebitdaratio": 0.1295669794, "operatingIncome": 150801000, "operatingIncomeRatio": 0.1214995589, "totalOtherIncomeExpensesNet": -79286000, "incomeBeforeTax": 71515000, "incomeBeforeTaxRatio": 0.0576192529, "incomeTaxExpense": 2545000, "netIncome": 64266000, "netIncomeRatio": 0.0517787724, "eps": 0.2, "epsdiluted": 0.2, "weightedAverageShsOut": 294545000, "weightedAverageShsOutDil": 294927000, "link": "https://www.sec.gov/Archives/edgar/data/74208/000007420821000025/0000074208-21-000025-index.htm", "finalLink": "https://www.sec.gov/Archives/edgar/data/74208/000007420821000025/udr-20201231x10k.htm", "calculatedOtherExpenses": 13931000, "calculatedOperatingExpenses": 63816000, "calculatedNetInterest": -140968000, "calculatedOtherIncome": 61682000, "calculatedIncomeNonControlling": 4704000, "calculatedEbitda": 160814000}, {"date": "2019-12-31", "symbol": "UDR", "reportedCurrency": "USD", "cik": "0000074208", "fillingDate": "2020-02-18", "acceptedDate": "2020-02-18 16:58:55", "calendarYear": "2019", "period": "FY", "revenue": 1152193000, "costOfRevenue": 863813000, "grossProfit": 288380000, "grossProfitRatio": 0.2502879292, "researchAndDevelopmentExpenses": 0, "generalAndAdministrativeExpenses": 51533000, "sellingAndMarketingExpenses": 6500000, "sellingGeneralAndAdministrativeExpenses": 51533000, "otherExpenses": 20598000, "operatingExpenses": 72131000, "costAndExpenses": 935944000, "interestIncome": 15404000, "interestExpense": 141323000, "depreciationAndAmortization": 6666000, "ebitda": 376192000, "ebitdaratio": 0.3265008553, "operatingIncome": 369526000, "operatingIncomeRatio": 0.3207153663, "totalOtherIncomeExpensesNet": -166109000, "incomeBeforeTax": 203417000, "incomeBeforeTaxRatio": 0.1765476791, "incomeTaxExpense": 3838000, "netIncome": 184965000, "netIncomeRatio": 0.160533001, "eps": 0.63, "epsdiluted": 0.63, "weightedAverageShsOut": 285247000, "weightedAverageShsOutDil": 286015000, "link": "https://www.sec.gov/Archives/edgar/data/74208/000007420820000031/0000074208-20-000031-index.htm", "finalLink": "https://www.sec.gov/Archives/edgar/data/74208/000007420820000031/udr-20191231x10k.htm", "calculatedOtherExpenses": -132679000, "calculatedOperatingExpenses": -81146000, "calculatedNetInterest": -125919000, "calculatedOtherIncome": -40190000, "calculatedIncomeNonControlling": 14614000, "calculatedEbitda": 376192000}, {"date": "2018-12-31", "symbol": "UDR", "reportedCurrency": "USD", "cik": "0000074208", "fillingDate": "2019-02-19", "acceptedDate": "2019-02-19 15:01:03", "calendarYear": "2018", "period": "FY", "revenue": 1046859000, "costOfRevenue": 760461000, "grossProfit": 286398000, "grossProfitRatio": 0.2735783902, "researchAndDevelopmentExpenses": 0, "generalAndAdministrativeExpenses": 46983000, "sellingAndMarketingExpenses": 6700000, "sellingGeneralAndAdministrativeExpenses": 46983000, "otherExpenses": 447779000, "operatingExpenses": 65756000, "costAndExpenses": 826217000, "interestIncome": 6735000, "interestExpense": 130869000, "depreciationAndAmortization": 6673000, "ebitda": 228995000, "ebitdaratio": 0.2187448357, "operatingIncome": 354718000, "operatingIncomeRatio": 0.3388402832, "totalOtherIncomeExpensesNet": -10475000, "incomeBeforeTax": 86033000, "incomeBeforeTaxRatio": 0.0821820322, "incomeTaxExpense": 688000, "netIncome": 203106000, "netIncomeRatio": 0.1940146667, "eps": 0.76, "epsdiluted": 0.75, "weightedAverageShsOut": 268179000, "weightedAverageShsOutDil": 269483000, "link": "https://www.sec.gov/Archives/edgar/data/74208/000007420819000028/0000074208-19-000028-index.htm", "finalLink": "https://www.sec.gov/Archives/edgar/data/74208/000007420819000028/c208-20181231x10k.htm", "calculatedOtherExpenses": -115303000, "calculatedOperatingExpenses": -68320000, "calculatedNetInterest": -124134000, "calculatedOtherIncome": -144551000, "calculatedIncomeNonControlling": -117761000, "calculatedEbitda": 361391000}, {"date": "2017-12-31", "symbol": "UDR", "reportedCurrency": "USD", "cik": "0000074208", "fillingDate": "2018-02-20", "acceptedDate": "2018-02-20 15:11:54", "calendarYear": "2017", "period": "FY", "revenue": 995791000, "costOfRevenue": 742928000, "grossProfit": 252863000, "grossProfitRatio": 0.2539317989, "researchAndDevelopmentExpenses": 0, "generalAndAdministrativeExpenses": 48195000, "sellingAndMarketingExpenses": 6200000, "sellingGeneralAndAdministrativeExpenses": 48195000, "otherExpenses": 445522000, "operatingExpenses": 63663000, "costAndExpenses": 806591000, "interestIncome": 1971000, "interestExpense": 119499000, "depreciationAndAmortization": 6408000, "ebitda": 228836000, "ebitdaratio": 0.2298032418, "operatingIncome": 184494000, "operatingIncomeRatio": 0.1852738175, "totalOtherIncomeExpensesNet": 17339000, "incomeBeforeTax": 89011000, "incomeBeforeTaxRatio": 0.0893872309, "incomeTaxExpense": -240000, "netIncome": 121558000, "netIncomeRatio": 0.1220718002, "eps": 0.44, "epsdiluted": 0.44, "weightedAverageShsOut": 267024000, "weightedAverageShsOutDil": 268830000, "link": "https://www.sec.gov/Archives/edgar/data/74208/000007420818000024/0000074208-18-000024-index.htm", "finalLink": "https://www.sec.gov/Archives/edgar/data/74208/000007420818000024/c208-20171231x10k.htm", "calculatedOtherExpenses": 20174000, "calculatedOperatingExpenses": 68369000, "calculatedNetInterest": -117528000, "calculatedOtherIncome": 22045000, "calculatedIncomeNonControlling": -32307000, "calculatedEbitda": 190902000}, {"date": "2016-12-31", "symbol": "UDR", "reportedCurrency": "USD", "cik": "0000074208", "fillingDate": "2017-02-21", "acceptedDate": "2017-02-21 16:27:52", "calendarYear": "2016", "period": "FY", "revenue": 959861000, "costOfRevenue": 721074000, "grossProfit": 238787000, "grossProfitRatio": 0.2487724785, "researchAndDevelopmentExpenses": 0, "generalAndAdministrativeExpenses": 49548000, "sellingAndMarketingExpenses": 6400000, "sellingGeneralAndAdministrativeExpenses": 49548000, "otherExpenses": 433287000, "operatingExpenses": 63220000, "costAndExpenses": 784294000, "interestIncome": 1930000, "interestExpense": 121302000, "depreciationAndAmortization": 6023000, "ebitda": 235754000, "ebitdaratio": 0.245612646, "operatingIncome": 174622000, "operatingIncomeRatio": 0.1819242578, "totalOtherIncomeExpensesNet": 49560000, "incomeBeforeTax": 105755000, "incomeBeforeTaxRatio": 0.1101774111, "incomeTaxExpense": -3774000, "netIncome": 292718000, "netIncomeRatio": 0.3049587388, "eps": 1.09, "epsdiluted": 1.08, "weightedAverageShsOut": 265386000, "weightedAverageShsOutDil": 267311000, "link": "https://www.sec.gov/Archives/edgar/data/74208/000007420817000030/0000074208-17-000030-index.htm", "finalLink": "https://www.sec.gov/Archives/edgar/data/74208/000007420817000030/a201610-k.htm", "calculatedOtherExpenses": 14617000, "calculatedOperatingExpenses": 64165000, "calculatedNetInterest": -119372000, "calculatedOtherIncome": 50505000, "calculatedIncomeNonControlling": -183189000, "calculatedEbitda": 180645000}, {"date": "2015-12-31", "symbol": "UDR", "reportedCurrency": "USD", "cik": "0000074208", "fillingDate": "2016-02-23", "acceptedDate": "2016-02-23 16:32:09", "calendarYear": "2015", "period": "FY", "revenue": 894638000, "costOfRevenue": 656635000, "grossProfit": 238003000, "grossProfitRatio": 0.2660327417, "researchAndDevelopmentExpenses": 0, "generalAndAdministrativeExpenses": 57564000, "sellingAndMarketingExpenses": 6400000, "sellingGeneralAndAdministrativeExpenses": 57564000, "otherExpenses": 390985000, "operatingExpenses": 73951000, "costAndExpenses": 730586000, "interestIncome": 1551000, "interestExpense": 121875000, "depreciationAndAmortization": 6679000, "ebitda": 234611000, "ebitdaratio": 0.2622412641, "operatingIncome": 159591000, "operatingIncomeRatio": 0.1783861182, "totalOtherIncomeExpensesNet": 57868000, "incomeBeforeTax": 101596000, "incomeBeforeTaxRatio": 0.1135610157, "incomeTaxExpense": -3886000, "netIncome": 340383000, "netIncomeRatio": 0.3804700896, "eps": 1.3, "epsdiluted": 1.29, "weightedAverageShsOut": 258669000, "weightedAverageShsOutDil": 263752000, "link": "https://www.sec.gov/Archives/edgar/data/74208/000007420816000140/0000074208-16-000140-index.htm", "finalLink": "https://www.sec.gov/Archives/edgar/data/74208/000007420816000140/a201510-k.htm", "calculatedOtherExpenses": 20848000, "calculatedOperatingExpenses": 78412000, "calculatedNetInterest": -120324000, "calculatedOtherIncome": 62329000, "calculatedIncomeNonControlling": -234901000, "calculatedEbitda": 166270000}, {"date": "2014-12-31", "symbol": "UDR", "reportedCurrency": "USD", "cik": "0000074208", "fillingDate": "2015-02-24", "acceptedDate": "2015-02-24 16:53:23", "calendarYear": "2014", "period": "FY", "revenue": 818046000, "costOfRevenue": 628895000, "grossProfit": 189151000, "grossProfitRatio": 0.2312229386, "researchAndDevelopmentExpenses": 0, "generalAndAdministrativeExpenses": 47427000, "sellingAndMarketingExpenses": 6000000, "sellingGeneralAndAdministrativeExpenses": 47427000, "otherExpenses": 372200000, "operatingExpenses": 61473000, "costAndExpenses": 690368000, "interestIncome": 11858000, "interestExpense": 130262000, "depreciationAndAmortization": 5775000, "ebitda": 138113000, "ebitdaratio": 0.168832804, "operatingIncome": 126764000, "operatingIncomeRatio": 0.1549595011, "totalOtherIncomeExpensesNet": -7920000, "incomeBeforeTax": 1162000, "incomeBeforeTaxRatio": 0.001420458, "incomeTaxExpense": -15098000, "netIncome": 154334000, "netIncomeRatio": 0.1886617623, "eps": 0.6, "epsdiluted": 0.59, "weightedAverageShsOut": 251528000, "weightedAverageShsOutDil": 253445000, "link": "https://www.sec.gov/Archives/edgar/data/74208/000007420815000013/0000074208-15-000013-index.htm", "finalLink": "https://www.sec.gov/Archives/edgar/data/74208/000007420815000013/udr-20141231x10k.htm", "calculatedOtherExpenses": 14960000, "calculatedOperatingExpenses": 62387000, "calculatedNetInterest": -118404000, "calculatedOtherIncome": -7198000, "calculatedIncomeNonControlling": -138074000, "calculatedEbitda": 132539000}, {"date": "2013-12-31", "symbol": "UDR", "reportedCurrency": "USD", "cik": "0000074208", "fillingDate": "2014-02-25", "acceptedDate": "2014-02-25 14:03:19", "calendarYear": "2013", "period": "FY", "revenue": 758926000, "costOfRevenue": 598144000, "grossProfit": 160782000, "grossProfitRatio": 0.2118546472, "researchAndDevelopmentExpenses": 0, "generalAndAdministrativeExpenses": 42238000, "sellingAndMarketingExpenses": 5700000, "sellingGeneralAndAdministrativeExpenses": 42238000, "otherExpenses": 353409000, "operatingExpenses": 56115000, "costAndExpenses": 654259000, "interestIncome": 4619000, "interestExpense": 125905000, "depreciationAndAmortization": 6741000, "ebitda": 115612000, "ebitdaratio": 0.1523363279, "operatingIncome": 116920000, "operatingIncomeRatio": 0.1540598161, "totalOtherIncomeExpensesNet": 11660000, "incomeBeforeTax": -4959000, "incomeBeforeTaxRatio": -0.0065342339, "incomeTaxExpense": -7299000, "netIncome": 44812000, "netIncomeRatio": 0.0590466001, "eps": 0.16, "epsdiluted": 0.16, "weightedAverageShsOut": 249969000, "weightedAverageShsOutDil": 249969000, "link": "https://www.sec.gov/Archives/edgar/data/74208/000007420814000003/0000074208-14-000003-index.htm", "finalLink": "https://www.sec.gov/Archives/edgar/data/74208/000007420814000003/udr-20131231x10k.htm", "calculatedOtherExpenses": 1624000, "calculatedOperatingExpenses": 43862000, "calculatedNetInterest": -121286000, "calculatedOtherIncome": -593000, "calculatedIncomeNonControlling": -42472000, "calculatedEbitda": 123661000}, {"date": "2012-12-31", "symbol": "UDR", "reportedCurrency": "USD", "cik": "0000074208", "fillingDate": "2013-02-27", "acceptedDate": "2013-02-26 17:37:37", "calendarYear": "2012", "period": "FY", "revenue": 713928000, "costOfRevenue": 593170000, "grossProfit": 120758000, "grossProfitRatio": 0.1691459083, "researchAndDevelopmentExpenses": 0, "generalAndAdministrativeExpenses": 28880000, "sellingAndMarketingExpenses": 15929000, "sellingGeneralAndAdministrativeExpenses": 28880000, "otherExpenses": 353913000, "operatingExpenses": 38733000, "costAndExpenses": 631903000, "interestIncome": 3592000, "interestExpense": 139069000, "depreciationAndAmortization": 4105000, "ebitda": 81420000, "ebitdaratio": 0.1140451138, "operatingIncome": -64739000, "operatingIncomeRatio": -0.0906800126, "totalOtherIncomeExpensesNet": -20143000, "incomeBeforeTax": -73318000, "incomeBeforeTaxRatio": -0.1026966305, "incomeTaxExpense": -30282000, "netIncome": 212177000, "netIncomeRatio": 0.2971966361, "eps": 0.85, "epsdiluted": 0.85, "weightedAverageShsOut": 237526764, "weightedAverageShsOutDil": 238851000, "link": "https://www.sec.gov/Archives/edgar/data/74208/000007420813000007/0000074208-13-000007-index.htm", "finalLink": "https://www.sec.gov/Archives/edgar/data/74208/000007420813000007/udr-20121231x10k.htm", "calculatedOtherExpenses": 156617000, "calculatedOperatingExpenses": 185497000, "calculatedNetInterest": -135477000, "calculatedOtherIncome": 126898000, "calculatedIncomeNonControlling": -255213000, "calculatedEbitda": -60634000}, {"date": "2011-12-31", "symbol": "UDR", "reportedCurrency": "USD", "cik": "0000074208", "fillingDate": "2012-02-27", "acceptedDate": "2012-02-27 07:24:52", "calendarYear": "2011", "period": "FY", "revenue": 691263000, "costOfRevenue": 158567000, "grossProfit": 532696000, "grossProfitRatio": 0.7706126322, "researchAndDevelopmentExpenses": 0, "generalAndAdministrativeExpenses": 131750000, "sellingAndMarketingExpenses": 0, "sellingGeneralAndAdministrativeExpenses": 131750000, "otherExpenses": 365932000, "operatingExpenses": 494828000, "costAndExpenses": 653395000, "interestIncome": 10353000, "interestExpense": 155746000, "depreciationAndAmortization": 356011000, "ebitda": 391638000, "ebitdaratio": 0.5665542637, "operatingIncome": -110931000, "operatingIncomeRatio": -0.1604758247, "totalOtherIncomeExpensesNet": -4111000, "incomeBeforeTax": -117283000, "incomeBeforeTaxRatio": -0.169664802, "incomeTaxExpense": -5647000, "netIncome": 20023000, "netIncomeRatio": 0.0289658205, "eps": 0.05, "epsdiluted": 0.05, "weightedAverageShsOut": 201294000, "weightedAverageShsOutDil": 201294000, "link": "https://www.sec.gov/Archives/edgar/data/74208/000095012312003185/0000950123-12-003185-index.htm", "finalLink": "https://www.sec.gov/Archives/edgar/data/74208/000095012312003185/c25564e10vk.htm", "calculatedOtherExpenses": 511877000, "calculatedOperatingExpenses": 643627000, "calculatedNetInterest": -145393000, "calculatedOtherIncome": 139041000, "calculatedIncomeNonControlling": -131659000, "calculatedEbitda": 245080000}, {"date": "2010-12-31", "symbol": "UDR", "reportedCurrency": "USD", "cik": "0000074208", "fillingDate": "2011-02-23", "acceptedDate": "2011-02-23 17:02:48", "calendarYear": "2010", "period": "FY", "revenue": 642392000, "costOfRevenue": 148320000, "grossProfit": 494072000, "grossProfitRatio": 0.7691129404, "researchAndDevelopmentExpenses": 0, "generalAndAdministrativeExpenses": 131079000, "sellingAndMarketingExpenses": 0, "sellingGeneralAndAdministrativeExpenses": 131079000, "otherExpenses": 307994000, "operatingExpenses": 449655000, "costAndExpenses": 597975000, "interestIncome": 14347000, "interestExpense": 296858000, "depreciationAndAmortization": 307994000, "ebitda": 362079000, "ebitdaratio": 0.5636418262, "operatingIncome": -107109000, "operatingIncomeRatio": -0.1667346418, "totalOtherIncomeExpensesNet": -9668000, "incomeBeforeTax": -20735000, "incomeBeforeTaxRatio": -0.0322777992, "incomeTaxExpense": 147316000, "netIncome": -102899000, "netIncomeRatio": -0.160181011, "eps": -0.62, "epsdiluted": -0.62, "weightedAverageShsOut": 165857000, "weightedAverageShsOutDil": 165857000, "link": "https://www.sec.gov/Archives/edgar/data/74208/000095012311017187/0000950123-11-017187-index.htm", "finalLink": "https://www.sec.gov/Archives/edgar/data/74208/000095012311017187/d78598e10vk.htm", "calculatedOtherExpenses": 470102000, "calculatedOperatingExpenses": 601181000, "calculatedNetInterest": -282511000, "calculatedOtherIncome": 368885000, "calculatedIncomeNonControlling": -65152000, "calculatedEbitda": 200885000}, {"date": "2009-12-31", "symbol": "UDR", "reportedCurrency": "USD", "cik": "0000074208", "fillingDate": "2010-02-25", "acceptedDate": "2010-02-25 15:45:44", "calendarYear": "2009", "period": "FY", "revenue": 617173000, "costOfRevenue": 504992000, "grossProfit": 112181000, "grossProfitRatio": 0.1817658906, "researchAndDevelopmentExpenses": 0, "generalAndAdministrativeExpenses": 39812000, "sellingAndMarketingExpenses": 0, "sellingGeneralAndAdministrativeExpenses": 39812000, "otherExpenses": 5161000, "operatingExpenses": 44973000, "costAndExpenses": 549965000, "interestIncome": 0, "interestExpense": 142152000, "depreciationAndAmortization": 283552000, "ebitda": 331473000, "ebitdaratio": 0.5370827953, "operatingIncome": -75071000, "operatingIncomeRatio": -0.121636883, "totalOtherIncomeExpensesNet": -18792000, "incomeBeforeTax": -94358000, "incomeBeforeTaxRatio": -0.15288744, "incomeTaxExpense": -311000, "netIncome": -87532000, "netIncomeRatio": -0.141827332, "eps": -0.59, "epsdiluted": -0.59, "weightedAverageShsOut": 149090000, "weightedAverageShsOutDil": 149090000, "link": "https://www.sec.gov/Archives/edgar/data/74208/000095012310017015/0000950123-10-017015-index.htm", "finalLink": "https://www.sec.gov/Archives/edgar/data/74208/000095012310017015/d71186e10vk.htm", "calculatedOtherExpenses": 147440000, "calculatedOperatingExpenses": 187252000, "calculatedNetInterest": -142152000, "calculatedOtherIncome": 122865000, "calculatedIncomeNonControlling": -6515000, "calculatedEbitda": 208481000}, {"date": "2008-12-31", "symbol": "UDR", "reportedCurrency": "USD", "cik": "0000074208", "fillingDate": "2009-02-26", "acceptedDate": "2009-02-26 16:39:22", "calendarYear": "2008", "period": "FY", "revenue": 563408000, "costOfRevenue": 211431000, "grossProfit": 351977000, "grossProfitRatio": 0.6247284384, "researchAndDevelopmentExpenses": 0, "generalAndAdministrativeExpenses": 47179000, "sellingAndMarketingExpenses": 0, "sellingGeneralAndAdministrativeExpenses": 47179000, "otherExpenses": 227211000, "operatingExpenses": 370133000, "costAndExpenses": 370133000, "interestIncome": 0, "interestExpense": 162903000, "depreciationAndAmortization": 256850000, "ebitda": 6003000, "ebitdaratio": 0.0106548008, "operatingIncome": 351977000, "operatingIncomeRatio": 0.6247284384, "totalOtherIncomeExpensesNet": 439256000, "incomeBeforeTax": -3612000, "incomeBeforeTaxRatio": -0.0064109846, "incomeTaxExpense": -9713000, "netIncome": 724846000, "netIncomeRatio": 1.2865383523, "eps": 5.08, "epsdiluted": 5.08, "weightedAverageShsOut": 140982000, "weightedAverageShsOutDil": 140982000, "link": "https://www.sec.gov/Archives/edgar/data/74208/000095013409003865/0000950134-09-003865-index.htm", "finalLink": "https://www.sec.gov/Archives/edgar/data/74208/000095013409003865/d66511e10vk.htm", "calculatedOtherExpenses": -47179000, "calculatedOperatingExpenses": 0, "calculatedNetInterest": -162903000, "calculatedOtherIncome": -192686000, "calculatedIncomeNonControlling": -718745000, "calculatedEbitda": 608827000}, {"date": "2007-12-31", "symbol": "UDR", "reportedCurrency": "USD", "cik": "0000074208", "fillingDate": "2008-02-26", "acceptedDate": "2008-02-26 16:42:10", "calendarYear": "2007", "period": "FY", "revenue": 500194000, "costOfRevenue": 187796000, "grossProfit": 312398000, "grossProfitRatio": 0.6245536732, "researchAndDevelopmentExpenses": 0, "generalAndAdministrativeExpenses": 39566000, "sellingAndMarketingExpenses": 0, "sellingGeneralAndAdministrativeExpenses": 39566000, "otherExpenses": 194418000, "operatingExpenses": 233984000, "costAndExpenses": 421780000, "interestIncome": 0, "interestExpense": 174677000, "depreciationAndAmortization": 261037000, "ebitda": 229985000, "ebitdaratio": 0.4597916009, "operatingIncome": -100596000, "operatingIncomeRatio": -0.2011139678, "totalOtherIncomeExpensesNet": 109482000, "incomeBeforeTax": 221349000, "incomeBeforeTaxRatio": 0.4425262998, "incomeTaxExpense": -142919000, "netIncome": 221349000, "netIncomeRatio": 0.4425262998, "eps": 1.41, "epsdiluted": 1.41, "weightedAverageShsOut": 145092000, "weightedAverageShsOutDil": 145092000, "link": "https://www.sec.gov/Archives/edgar/data/74208/000095013408003462/0000950134-08-003462-index.htm", "finalLink": "https://www.sec.gov/Archives/edgar/data/74208/000095013408003462/d53793e10vk.htm", "calculatedOtherExpenses": 373428000, "calculatedOperatingExpenses": 412994000, "calculatedNetInterest": -174677000, "calculatedOtherIncome": 496622000, "calculatedIncomeNonControlling": 142919000, "calculatedEbitda": 160441000}, {"date": "2006-12-31", "symbol": "UDR", "reportedCurrency": "USD", "cik": "0000074208", "fillingDate": "2007-03-01", "acceptedDate": "2007-03-01 14:54:43", "calendarYear": "2006", "period": "FY", "revenue": 698058000, "costOfRevenue": 275069000, "grossProfit": 422989000, "grossProfitRatio": 0.6059510814, "researchAndDevelopmentExpenses": 0, "generalAndAdministrativeExpenses": 31198000, "sellingAndMarketingExpenses": 0, "sellingGeneralAndAdministrativeExpenses": 31198000, "otherExpenses": 239532000, "operatingExpenses": 270730000, "costAndExpenses": 545799000, "interestIncome": 0, "interestExpense": 182285000, "depreciationAndAmortization": 246934000, "ebitda": 399193000, "ebitdaratio": 0.5718622235, "operatingIncome": -30026000, "operatingIncomeRatio": -0.0430136178, "totalOtherIncomeExpensesNet": 2619000, "incomeBeforeTax": 128605000, "incomeBeforeTaxRatio": 0.1842325423, "incomeTaxExpense": 26273000, "netIncome": 128605000, "netIncomeRatio": 0.1842325423, "eps": 0.85, "epsdiluted": 0.85, "weightedAverageShsOut": 133732000, "weightedAverageShsOutDil": 133732000, "link": "https://www.sec.gov/Archives/edgar/data/74208/000103570407000184/0001035704-07-000184-index.htm", "finalLink": "https://www.sec.gov/Archives/edgar/data/74208/000103570407000184/d43664e10vk.htm", "calculatedOtherExpenses": 421817000, "calculatedOperatingExpenses": 453015000, "calculatedNetInterest": -182285000, "calculatedOtherIncome": 340916000, "calculatedIncomeNonControlling": -26273000, "calculatedEbitda": 216908000}, {"date": "2005-12-31", "symbol": "UDR", "reportedCurrency": "USD", "cik": "0000074208", "fillingDate": "2006-03-07", "acceptedDate": "2006-03-07 15:49:33", "calendarYear": "2005", "period": "FY", "revenue": 701217000, "costOfRevenue": 276030000, "grossProfit": 425187000, "grossProfitRatio": 0.6063558071, "researchAndDevelopmentExpenses": 0, "generalAndAdministrativeExpenses": 24819000, "sellingAndMarketingExpenses": 0, "sellingGeneralAndAdministrativeExpenses": 24819000, "otherExpenses": 219270000, "operatingExpenses": 244089000, "costAndExpenses": 520119000, "interestIncome": 0, "interestExpense": 162508000, "depreciationAndAmortization": 215192000, "ebitda": 396290000, "ebitdaratio": 0.5651460247, "operatingIncome": 18590000, "operatingIncomeRatio": 0.0265110515, "totalOtherIncomeExpensesNet": -288000, "incomeBeforeTax": 155166000, "incomeBeforeTaxRatio": 0.2212810015, "incomeTaxExpense": 25644000, "netIncome": 155166000, "netIncomeRatio": 0.2212810015, "eps": 1.03, "epsdiluted": 1.03, "weightedAverageShsOut": 136143000, "weightedAverageShsOutDil": 136143000, "link": "https://www.sec.gov/Archives/edgar/data/74208/000103570406000151/0001035704-06-000151-index.htm", "finalLink": "https://www.sec.gov/Archives/edgar/data/74208/000103570406000151/d33186e10vk.htm", "calculatedOtherExpenses": 381778000, "calculatedOperatingExpenses": 406597000, "calculatedNetInterest": -162508000, "calculatedOtherIncome": 299084000, "calculatedIncomeNonControlling": -25644000, "calculatedEbitda": 233782000}, {"date": "2004-12-31", "symbol": "UDR", "reportedCurrency": "USD", "cik": "0000074208", "fillingDate": "2005-03-15", "acceptedDate": "2005-03-14 21:46:43", "calendarYear": "2004", "period": "FY", "revenue": 606878000, "costOfRevenue": 72281000, "grossProfit": 534597000, "grossProfitRatio": 0.8808969842, "researchAndDevelopmentExpenses": 0, "generalAndAdministrativeExpenses": 40615000, "sellingAndMarketingExpenses": 0, "sellingGeneralAndAdministrativeExpenses": 40615000, "otherExpenses": 409730000, "operatingExpenses": 450345000, "costAndExpenses": 450345000, "interestIncome": 0, "interestExpense": 0, "depreciationAndAmortization": 184088000, "ebitda": 340621000, "ebitdaratio": 0.5612676683, "operatingIncome": 156533000, "operatingIncomeRatio": 0.2579315777, "totalOtherIncomeExpensesNet": 31821000, "incomeBeforeTax": 97152000, "incomeBeforeTaxRatio": 0.1600848935, "incomeTaxExpense": 91202000, "netIncome": 97152000, "netIncomeRatio": 0.1600848935, "eps": 0.56, "epsdiluted": 0.56, "weightedAverageShsOut": 128097000, "weightedAverageShsOutDil": 128097000, "link": "https://www.sec.gov/Archives/edgar/data/74208/000095013405004967/0000950134-05-004967-index.htm", "finalLink": "https://www.sec.gov/Archives/edgar/data/74208/000095013405004967/d23068e10vk.htm", "calculatedOtherExpenses": 337449000, "calculatedOperatingExpenses": 378064000, "calculatedNetInterest": 0, "calculatedOtherIncome": -59381000, "calculatedIncomeNonControlling": -91202000, "calculatedEbitda": 340621000}, {"date": "2003-12-31", "symbol": "UDR", "reportedCurrency": "USD", "cik": "0000074208", "fillingDate": "2004-03-11", "acceptedDate": "2004-03-10 19:29:22", "calendarYear": "2003", "period": "FY", "revenue": 604435000, "costOfRevenue": 69563000, "grossProfit": 534872000, "grossProfitRatio": 0.8849123562, "researchAndDevelopmentExpenses": 0, "generalAndAdministrativeExpenses": 43222000, "sellingAndMarketingExpenses": 0, "sellingGeneralAndAdministrativeExpenses": 43222000, "otherExpenses": 391443000, "operatingExpenses": 434665000, "costAndExpenses": 434665000, "interestIncome": 0, "interestExpense": 0, "depreciationAndAmortization": 166637000, "ebitda": 336407000, "ebitdaratio": 0.5565643948, "operatingIncome": 169770000, "operatingIncomeRatio": 0.2808738739, "totalOtherIncomeExpensesNet": 51603000, "incomeBeforeTax": 70404000, "incomeBeforeTaxRatio": 0.1164790259, "incomeTaxExpense": 150969000, "netIncome": 70404000, "netIncomeRatio": 0.1164790259, "eps": 0.22, "epsdiluted": 0.21, "weightedAverageShsOut": 114672000, "weightedAverageShsOutDil": 115648000, "link": "https://www.sec.gov/Archives/edgar/data/74208/000103570404000111/0001035704-04-000111-index.htm", "finalLink": "https://www.sec.gov/Archives/edgar/data/74208/000103570404000111/d13216e10vk.htm", "calculatedOtherExpenses": 321880000, "calculatedOperatingExpenses": 365102000, "calculatedNetInterest": 0, "calculatedOtherIncome": -99366000, "calculatedIncomeNonControlling": -150969000, "calculatedEbitda": 336407000}, {"date": "2002-12-31", "symbol": "UDR", "reportedCurrency": "USD", "cik": "0000074208", "fillingDate": "2003-03-26", "acceptedDate": "2003-03-26 17:30:06", "calendarYear": "2002", "period": "FY", "revenue": 596120000, "costOfRevenue": 216367000, "grossProfit": 379753000, "grossProfitRatio": 0.6370411998, "researchAndDevelopmentExpenses": 0, "generalAndAdministrativeExpenses": 41219000, "sellingAndMarketingExpenses": 0, "sellingGeneralAndAdministrativeExpenses": 41219000, "otherExpenses": 372221000, "operatingExpenses": 413440000, "costAndExpenses": 413440000, "interestIncome": 51724000, "interestExpense": 0, "depreciationAndAmortization": 163328000, "ebitda": 344760000, "ebitdaratio": 0.5783399316, "operatingIncome": 182680000, "operatingIncomeRatio": 0.3064483661, "totalOtherIncomeExpensesNet": 1248000, "incomeBeforeTax": 53229000, "incomeBeforeTaxRatio": 0.0892924243, "incomeTaxExpense": 129451000, "netIncome": 53229000, "netIncomeRatio": 0.0892924243, "eps": 0.24, "epsdiluted": 0.24, "weightedAverageShsOut": 106078000, "weightedAverageShsOutDil": 106952000, "link": "https://www.sec.gov/Archives/edgar/data/74208/000104596903000773/0001045969-03-000773-index.htm", "finalLink": "https://www.sec.gov/Archives/edgar/data/74208/000104596903000773/d10k.htm", "calculatedOtherExpenses": 155854000, "calculatedOperatingExpenses": 197073000, "calculatedNetInterest": 51724000, "calculatedOtherIncome": -181175000, "calculatedIncomeNonControlling": -129451000, "calculatedEbitda": 346008000}, {"date": "2001-12-31", "symbol": "UDR", "reportedCurrency": "USD", "cik": "0000074208", "fillingDate": "2002-03-29", "acceptedDate": "2002-03-29 00:00:00", "calendarYear": "2001", "period": "FY", "revenue": 623183000, "costOfRevenue": 0, "grossProfit": 623183000, "grossProfitRatio": 1, "researchAndDevelopmentExpenses": 0, "generalAndAdministrativeExpenses": 45045000, "sellingAndMarketingExpenses": 0, "sellingGeneralAndAdministrativeExpenses": 45045000, "otherExpenses": 378176000, "operatingExpenses": 423221000, "costAndExpenses": 423221000, "interestIncome": 0, "interestExpense": 0, "depreciationAndAmortization": 155327000, "ebitda": 341381000, "ebitdaratio": 0.5478021705, "operatingIncome": 189122000, "operatingIncomeRatio": 0.3034774697, "totalOtherIncomeExpensesNet": 13908000, "incomeBeforeTax": 203030000, "incomeBeforeTaxRatio": 0.3257951517, "incomeTaxExpense": 138134000, "netIncome": 61828000, "netIncomeRatio": 0.0992132327, "eps": 0.27, "epsdiluted": 0.27, "weightedAverageShsOut": 100339000, "weightedAverageShsOutDil": 101037000, "link": "https://www.sec.gov/Archives/edgar/data/74208/000089924302000858/0000899243-02-000858-index.htm", "finalLink": "https://www.sec.gov/Archives/edgar/data/74208/000089924302000858/d10k.txt", "calculatedOtherExpenses": 389016000, "calculatedOperatingExpenses": 434061000, "calculatedNetInterest": 0, "calculatedOtherIncome": 13908000, "calculatedIncomeNonControlling": 3068000, "calculatedEbitda": 344449000}, {"date": "2000-12-31", "symbol": "UDR", "reportedCurrency": "USD", "cik": "0000074208", "fillingDate": "2001-03-15", "acceptedDate": "2001-03-15 00:00:00", "calendarYear": "2000", "period": "FY", "revenue": 622151000, "costOfRevenue": 0, "grossProfit": 622151000, "grossProfitRatio": 1, "researchAndDevelopmentExpenses": 0, "generalAndAdministrativeExpenses": 43215000, "sellingAndMarketingExpenses": 0, "sellingGeneralAndAdministrativeExpenses": 43215000, "otherExpenses": 374176000, "operatingExpenses": 417391000, "costAndExpenses": 417391000, "interestIncome": 0, "interestExpense": 0, "depreciationAndAmortization": 157361000, "ebitda": 362121000, "ebitdaratio": 0.5820468021, "operatingIncome": 204760000, "operatingIncomeRatio": 0.3291162435, "totalOtherIncomeExpensesNet": 0, "incomeBeforeTax": 0, "incomeBeforeTaxRatio": 0, "incomeTaxExpense": 128145000, "netIncome": 76615000, "netIncomeRatio": 0.1231453457, "eps": 0.41, "epsdiluted": 0.41, "weightedAverageShsOut": 103072000, "weightedAverageShsOutDil": 103208000, "link": "https://www.sec.gov/Archives/edgar/data/74208/000091664101000332/0000916641-01-000332-index.htm", "finalLink": "https://www.sec.gov/Archives/edgar/data/74208/000091664101000332/0000916641-01-000332-0001.txt", "calculatedOtherExpenses": 374176000, "calculatedOperatingExpenses": 417391000, "calculatedNetInterest": 0, "calculatedOtherIncome": -204760000, "calculatedIncomeNonControlling": -204760000, "calculatedEbitda": 362121000}, {"date": "1999-12-31", "symbol": "UDR", "reportedCurrency": "USD", "cik": "0000074208", "fillingDate": "2000-03-28", "acceptedDate": "2000-03-28 00:00:00", "calendarYear": "1999", "period": "FY", "revenue": 620691000, "costOfRevenue": 0, "grossProfit": 620691000, "grossProfitRatio": 1, "researchAndDevelopmentExpenses": 0, "generalAndAdministrativeExpenses": 39260000, "sellingAndMarketingExpenses": 0, "sellingGeneralAndAdministrativeExpenses": 39260000, "otherExpenses": 367304000, "operatingExpenses": 406564000, "costAndExpenses": 406564000, "interestIncome": 0, "interestExpense": 0, "depreciationAndAmortization": 126152000, "ebitda": 340279000, "ebitdaratio": 0.54822609, "operatingIncome": 214127000, "operatingIncomeRatio": 0.3449816414, "totalOtherIncomeExpensesNet": 0, "incomeBeforeTax": 0, "incomeBeforeTaxRatio": 0, "incomeTaxExpense": 120505000, "netIncome": 93622000, "netIncomeRatio": 0.1508351176, "eps": 0.54, "epsdiluted": 0.54, "weightedAverageShsOut": 103604000, "weightedAverageShsOutDil": 103639000, "link": "https://www.sec.gov/Archives/edgar/data/74208/000089843000000962/0000898430-00-000962-index.html", "finalLink": "https://www.sec.gov/Archives/edgar/data/74208/000089843000000962/", "calculatedOtherExpenses": 367304000, "calculatedOperatingExpenses": 406564000, "calculatedNetInterest": 0, "calculatedOtherIncome": -214127000, "calculatedIncomeNonControlling": -214127000, "calculatedEbitda": 340279000}, {"date": "1998-12-31", "symbol": "UDR", "reportedCurrency": "USD", "cik": "0000074208", "fillingDate": "1999-03-18", "acceptedDate": "1999-03-18 00:00:00", "calendarYear": "1998", "period": "FY", "revenue": 482100000, "costOfRevenue": 0, "grossProfit": 482100000, "grossProfitRatio": 1, "researchAndDevelopmentExpenses": 0, "generalAndAdministrativeExpenses": 10139000, "sellingAndMarketingExpenses": 0, "sellingGeneralAndAdministrativeExpenses": 10139000, "otherExpenses": 318384000, "operatingExpenses": 328523000, "costAndExpenses": 328523000, "interestIncome": 0, "interestExpense": 0, "depreciationAndAmortization": 103233000, "ebitda": 256810000, "ebitdaratio": 0.5326903132, "operatingIncome": 153577000, "operatingIncomeRatio": 0.3185583904, "totalOtherIncomeExpensesNet": 0, "incomeBeforeTax": 0, "incomeBeforeTaxRatio": 0, "incomeTaxExpense": 81245000, "netIncome": 72332000, "netIncomeRatio": 0.1500352624, "eps": 0.49, "epsdiluted": 0.49, "weightedAverageShsOut": 99966000, "weightedAverageShsOutDil": 100062000, "link": "https://www.sec.gov/Archives/edgar/data/74208/000091664199000189/0000916641-99-000189-index.html", "finalLink": "https://www.sec.gov/Archives/edgar/data/74208/", "calculatedOtherExpenses": 318384000, "calculatedOperatingExpenses": 328523000, "calculatedNetInterest": 0, "calculatedOtherIncome": -153577000, "calculatedIncomeNonControlling": -153577000, "calculatedEbitda": 256810000}, {"date": "1997-12-31", "symbol": "UDR", "reportedCurrency": "USD", "cik": "0000074208", "fillingDate": "1998-03-31", "acceptedDate": "1998-03-31 00:00:00", "calendarYear": "1997", "period": "FY", "revenue": 387795000, "costOfRevenue": 0, "grossProfit": 387795000, "grossProfitRatio": 1, "researchAndDevelopmentExpenses": 0, "generalAndAdministrativeExpenses": 7075000, "sellingAndMarketingExpenses": 0, "sellingGeneralAndAdministrativeExpenses": 7075000, "otherExpenses": 243903000, "operatingExpenses": 250978000, "costAndExpenses": 250978000, "interestIncome": 0, "interestExpense": 0, "depreciationAndAmortization": 78772000, "ebitda": 202889000, "ebitdaratio": 0.5231862195, "operatingIncome": 136817000, "operatingIncomeRatio": 0.3528075401, "totalOtherIncomeExpensesNet": 12700000, "incomeBeforeTax": 149517000, "incomeBeforeTaxRatio": 0.3855568019, "incomeTaxExpense": 66668000, "netIncome": 70149000, "netIncomeRatio": 0.1808919661, "eps": 0.61, "epsdiluted": 0.6, "weightedAverageShsOut": 87145000, "weightedAverageShsOutDil": 87339000, "link": "https://www.sec.gov/Archives/edgar/data/74208/000091664198000393/0000916641-98-000393-index.html", "finalLink": "https://www.sec.gov/Archives/edgar/data/74208/", "calculatedOtherExpenses": 243903000, "calculatedOperatingExpenses": 250978000, "calculatedNetInterest": 0, "calculatedOtherIncome": 12700000, "calculatedIncomeNonControlling": 12700000, "calculatedEbitda": 215589000}, {"date": "1996-12-31", "symbol": "UDR", "reportedCurrency": "USD", "cik": "0000074208", "fillingDate": "1997-03-31", "acceptedDate": "1997-03-31 00:00:00", "calendarYear": "1996", "period": "FY", "revenue": 243819000, "costOfRevenue": 0, "grossProfit": 243819000, "grossProfitRatio": 1, "researchAndDevelopmentExpenses": 0, "generalAndAdministrativeExpenses": 5418000, "sellingAndMarketingExpenses": 0, "sellingGeneralAndAdministrativeExpenses": 5418000, "otherExpenses": 153832000, "operatingExpenses": 159250000, "costAndExpenses": 159250000, "interestIncome": 0, "interestExpense": 0, "depreciationAndAmortization": 48709000, "ebitda": 133278000, "ebitdaratio": 0.546626801, "operatingIncome": 84569000, "operatingIncomeRatio": 0.3468515579, "totalOtherIncomeExpensesNet": 0, "incomeBeforeTax": 0, "incomeBeforeTaxRatio": 0, "incomeTaxExpense": 46578000, "netIncome": 37991000, "netIncomeRatio": 0.1558164048, "eps": 0.49, "epsdiluted": 0.49, "weightedAverageShsOut": 57482000, "weightedAverageShsOutDil": 57655000, "link": "https://www.sec.gov/Archives/edgar/data/74208/000091664197000322/0000916641-97-000322-index.html", "finalLink": "https://www.sec.gov/Archives/edgar/data/74208/", "calculatedOtherExpenses": 153832000, "calculatedOperatingExpenses": 159250000, "calculatedNetInterest": 0, "calculatedOtherIncome": -84569000, "calculatedIncomeNonControlling": -84569000, "calculatedEbitda": 133278000}, {"date": "1995-12-31", "symbol": "UDR", "reportedCurrency": "USD", "cik": "0000074208", "fillingDate": "1996-03-29", "acceptedDate": "1996-03-29 00:00:00", "calendarYear": "1995", "period": "FY", "revenue": 195240000, "costOfRevenue": 0, "grossProfit": 195240000, "grossProfitRatio": 1, "researchAndDevelopmentExpenses": 0, "generalAndAdministrativeExpenses": 4865000, "sellingAndMarketingExpenses": 0, "sellingGeneralAndAdministrativeExpenses": 4865000, "otherExpenses": 115716000, "operatingExpenses": 120581000, "costAndExpenses": 120581000, "interestIncome": 0, "interestExpense": 0, "depreciationAndAmortization": 40042000, "ebitda": 114701000, "ebitdaratio": 0.5874871952, "operatingIncome": 74659000, "operatingIncomeRatio": 0.3823960254, "totalOtherIncomeExpensesNet": 0, "incomeBeforeTax": 0, "incomeBeforeTaxRatio": 0, "incomeTaxExpense": 41532000, "netIncome": 33127000, "netIncomeRatio": 0.1696732227, "eps": 0.5, "epsdiluted": 0.5, "weightedAverageShsOut": 52781000, "weightedAverageShsOutDil": 52781000, "link": "https://www.sec.gov/Archives/edgar/data/74208/000091664196000206/0000916641-96-000206-index.html", "finalLink": "https://www.sec.gov/Archives/edgar/data/74208/", "calculatedOtherExpenses": 115716000, "calculatedOperatingExpenses": 120581000, "calculatedNetInterest": 0, "calculatedOtherIncome": -74659000, "calculatedIncomeNonControlling": -74659000, "calculatedEbitda": 114701000}, {"date": "1994-12-31", "symbol": "UDR", "reportedCurrency": "USD", "cik": "0000074208", "fillingDate": "1995-03-31", "acceptedDate": "1995-03-31 00:00:00", "calendarYear": "1994", "period": "FY", "revenue": 140800000, "costOfRevenue": 0, "grossProfit": 140800000, "grossProfitRatio": 1, "researchAndDevelopmentExpenses": 0, "generalAndAdministrativeExpenses": 5021000, "sellingAndMarketingExpenses": 0, "sellingGeneralAndAdministrativeExpenses": 5021000, "otherExpenses": 88286000, "operatingExpenses": 93307000, "costAndExpenses": 93307000, "interestIncome": 0, "interestExpense": 0, "depreciationAndAmortization": 29644000, "ebitda": 77137000, "ebitdaratio": 0.5478480114, "operatingIncome": 52274000, "operatingIncomeRatio": 0.3712642045, "totalOtherIncomeExpensesNet": 0, "incomeBeforeTax": 0, "incomeBeforeTaxRatio": 0, "incomeTaxExpense": 28356000, "netIncome": 19137000, "netIncomeRatio": 0.1359161932, "eps": 0.41, "epsdiluted": 0.41, "weightedAverageShsOut": 46182000, "weightedAverageShsOutDil": 46182000, "link": "https://www.sec.gov/Archives/edgar/data/74208/000091664195000097/0000916641-95-000097-index.html", "finalLink": "https://www.sec.gov/Archives/edgar/data/74208/", "calculatedOtherExpenses": 83505000, "calculatedOperatingExpenses": 88526000, "calculatedNetInterest": 0, "calculatedOtherIncome": -52274000, "calculatedIncomeNonControlling": -47493000, "calculatedEbitda": 81918000}, {"date": "1993-12-31", "symbol": "UDR", "reportedCurrency": "USD", "cik": "0000074208", "fillingDate": "1994-03-31", "acceptedDate": "1994-03-31 00:00:00", "calendarYear": "1993", "period": "FY", "revenue": 32100000, "costOfRevenue": 0, "grossProfit": 32100000, "grossProfitRatio": 1, "researchAndDevelopmentExpenses": 0, "generalAndAdministrativeExpenses": 3300000, "sellingAndMarketingExpenses": 0, "sellingGeneralAndAdministrativeExpenses": 3300000, "otherExpenses": -3900000, "operatingExpenses": -600000, "costAndExpenses": -600000, "interestIncome": 0, "interestExpense": 0, "depreciationAndAmortization": 20400000, "ebitda": 53100000, "ebitdaratio": 1.6542056075, "operatingIncome": 32700000, "operatingIncomeRatio": 1.0186915888, "totalOtherIncomeExpensesNet": 0, "incomeBeforeTax": 0, "incomeBeforeTaxRatio": 0, "incomeTaxExpense": 21500000, "netIncome": 11200000, "netIncomeRatio": 0.3489096573, "eps": 0.29, "epsdiluted": 0.29, "weightedAverageShsOut": 38620690, "weightedAverageShsOutDil": 38620690, "link": "https://www.sec.gov/Archives/edgar/data/74208/000095011894000067/0000950118-94-000067-index.html", "finalLink": "https://www.sec.gov/Archives/edgar/data/74208/", "calculatedOtherExpenses": -3900000, "calculatedOperatingExpenses": -600000, "calculatedNetInterest": 0, "calculatedOtherIncome": -32700000, "calculatedIncomeNonControlling": -32700000, "calculatedEbitda": 53100000}, {"date": "1992-12-31", "symbol": "UDR", "reportedCurrency": "USD", "cik": "0000074208", "fillingDate": "1992-12-31", "acceptedDate": "1992-12-30 19:00:00", "calendarYear": "1992", "period": "FY", "revenue": 22400000, "costOfRevenue": 0, "grossProfit": 22400000, "grossProfitRatio": 1, "researchAndDevelopmentExpenses": 0, "generalAndAdministrativeExpenses": 2200000, "sellingAndMarketingExpenses": 0, "sellingGeneralAndAdministrativeExpenses": 2200000, "otherExpenses": -4100000, "operatingExpenses": -1900000, "costAndExpenses": -1900000, "interestIncome": 0, "interestExpense": 0, "depreciationAndAmortization": 16000000, "ebitda": 40300000, "ebitdaratio": 1.7991071429, "operatingIncome": 24300000, "operatingIncomeRatio": 1.0848214286, "totalOtherIncomeExpensesNet": 0, "incomeBeforeTax": 0, "incomeBeforeTaxRatio": 0, "incomeTaxExpense": 17900000, "netIncome": 6400000, "netIncomeRatio": 0.2857142857, "eps": 0.18, "epsdiluted": 0.18, "weightedAverageShsOut": 35555556, "weightedAverageShsOutDil": 35555556, "link": "", "finalLink": "", "calculatedOtherExpenses": -4100000, "calculatedOperatingExpenses": -1900000, "calculatedNetInterest": 0, "calculatedOtherIncome": -24300000, "calculatedIncomeNonControlling": -24300000, "calculatedEbitda": 40300000}, {"date": "1991-12-31", "symbol": "UDR", "reportedCurrency": "USD", "cik": "0000074208", "fillingDate": "1991-12-31", "acceptedDate": "1991-12-30 19:00:00", "calendarYear": "1991", "period": "FY", "revenue": 51400000, "costOfRevenue": 0, "grossProfit": 51400000, "grossProfitRatio": 1, "researchAndDevelopmentExpenses": 0, "generalAndAdministrativeExpenses": 1900000, "sellingAndMarketingExpenses": 0, "sellingGeneralAndAdministrativeExpenses": 1900000, "otherExpenses": -32400000, "operatingExpenses": -30500000, "costAndExpenses": -30500000, "interestIncome": 0, "interestExpense": 0, "depreciationAndAmortization": 13100000, "ebitda": 95000000, "ebitdaratio": 1.8482490272, "operatingIncome": 81900000, "operatingIncomeRatio": 1.593385214, "totalOtherIncomeExpensesNet": -74800000, "incomeBeforeTax": 7100000, "incomeBeforeTaxRatio": 0.1381322957, "incomeTaxExpense": 3500000, "netIncome": 3600000, "netIncomeRatio": 0.0700389105, "eps": 0.15, "epsdiluted": 0.15, "weightedAverageShsOut": 24000000, "weightedAverageShsOutDil": 24000000, "link": "", "finalLink": "", "calculatedOtherExpenses": -32400000, "calculatedOperatingExpenses": -30500000, "calculatedNetInterest": 0, "calculatedOtherIncome": -74800000, "calculatedIncomeNonControlling": 0, "calculatedEbitda": 95000000}, {"date": "1990-12-31", "symbol": "UDR", "reportedCurrency": "USD", "cik": "0000074208", "fillingDate": "1990-12-31", "acceptedDate": "1990-12-30 19:00:00", "calendarYear": "1990", "period": "FY", "revenue": 44700000, "costOfRevenue": 0, "grossProfit": 44700000, "grossProfitRatio": 1, "researchAndDevelopmentExpenses": 0, "generalAndAdministrativeExpenses": 1700000, "sellingAndMarketingExpenses": 0, "sellingGeneralAndAdministrativeExpenses": 1700000, "otherExpenses": -27500000, "operatingExpenses": -25800000, "costAndExpenses": -25800000, "interestIncome": 0, "interestExpense": 0, "depreciationAndAmortization": 10600000, "ebitda": 80700000, "ebitdaratio": 1.8053691275, "operatingIncome": 70500000, "operatingIncomeRatio": 1.5771812081, "totalOtherIncomeExpensesNet": 400000, "incomeBeforeTax": 7800000, "incomeBeforeTaxRatio": 0.1744966443, "incomeTaxExpense": 2800000, "netIncome": 4900000, "netIncomeRatio": 0.1096196868, "eps": 0.21, "epsdiluted": 0.21, "weightedAverageShsOut": 23333333, "weightedAverageShsOutDil": 23333333, "link": "", "finalLink": "", "calculatedOtherExpenses": -27500000, "calculatedOperatingExpenses": -25800000, "calculatedNetInterest": 0, "calculatedOtherIncome": -62700000, "calculatedIncomeNonControlling": 100000, "calculatedEbitda": 81100000}, {"date": "1989-12-31", "symbol": "UDR", "reportedCurrency": "USD", "cik": "0000074208", "fillingDate": "1989-12-31", "acceptedDate": "1989-12-30 19:00:00", "calendarYear": "1989", "period": "FY", "revenue": 40200000, "costOfRevenue": 0, "grossProfit": 40200000, "grossProfitRatio": 1, "researchAndDevelopmentExpenses": 0, "generalAndAdministrativeExpenses": 1500000, "sellingAndMarketingExpenses": 0, "sellingGeneralAndAdministrativeExpenses": 1500000, "otherExpenses": -22300000, "operatingExpenses": -20800000, "costAndExpenses": -20800000, "interestIncome": 0, "interestExpense": 0, "depreciationAndAmortization": 9000000, "ebitda": 68600000, "ebitdaratio": 1.7064676617, "operatingIncome": 61000000, "operatingIncomeRatio": 1.5174129353, "totalOtherIncomeExpensesNet": 1400000, "incomeBeforeTax": 8000000, "incomeBeforeTaxRatio": 0.1990049751, "incomeTaxExpense": 2400000, "netIncome": 5500000, "netIncomeRatio": 0.1368159204, "eps": 0.28, "epsdiluted": 0.28, "weightedAverageShsOut": 19642857, "weightedAverageShsOutDil": 19642857, "link": "", "finalLink": "", "calculatedOtherExpenses": -22300000, "calculatedOperatingExpenses": -20800000, "calculatedNetInterest": 0, "calculatedOtherIncome": -53000000, "calculatedIncomeNonControlling": 100000, "calculatedEbitda": 70000000}, {"date": "1988-12-31", "symbol": "UDR", "reportedCurrency": "USD", "cik": "0000074208", "fillingDate": "1988-12-31", "acceptedDate": "1988-12-30 19:00:00", "calendarYear": "1988", "period": "FY", "revenue": 32300000, "costOfRevenue": 0, "grossProfit": 32300000, "grossProfitRatio": 1, "researchAndDevelopmentExpenses": 0, "generalAndAdministrativeExpenses": 0, "sellingAndMarketingExpenses": 0, "sellingGeneralAndAdministrativeExpenses": 0, "otherExpenses": -21000000, "operatingExpenses": -21000000, "costAndExpenses": -21000000, "interestIncome": 0, "interestExpense": 0, "depreciationAndAmortization": 0, "ebitda": 53300000, "ebitdaratio": 1.6501547988, "operatingIncome": 53300000, "operatingIncomeRatio": 1.6501547988, "totalOtherIncomeExpensesNet": 0, "incomeBeforeTax": 0, "incomeBeforeTaxRatio": 0, "incomeTaxExpense": -1900000, "netIncome": 1900000, "netIncomeRatio": 0.0588235294, "eps": 0.13, "epsdiluted": 0.13, "weightedAverageShsOut": 14615385, "weightedAverageShsOutDil": 14615385, "link": "", "finalLink": "", "calculatedOtherExpenses": -21000000, "calculatedOperatingExpenses": -21000000, "calculatedNetInterest": 0, "calculatedOtherIncome": -53300000, "calculatedIncomeNonControlling": 0, "calculatedEbitda": 53300000}, {"date": "1987-12-31", "symbol": "UDR", "reportedCurrency": "USD", "cik": "0000074208", "fillingDate": "1987-12-31", "acceptedDate": "1987-12-30 19:00:00", "calendarYear": "1987", "period": "FY", "revenue": 25500000, "costOfRevenue": 0, "grossProfit": 25500000, "grossProfitRatio": 1, "researchAndDevelopmentExpenses": 0, "generalAndAdministrativeExpenses": 0, "sellingAndMarketingExpenses": 0, "sellingGeneralAndAdministrativeExpenses": 0, "otherExpenses": -16700000, "operatingExpenses": -16700000, "costAndExpenses": -16700000, "interestIncome": 0, "interestExpense": 0, "depreciationAndAmortization": 0, "ebitda": 42200000, "ebitdaratio": 1.6549019608, "operatingIncome": 42200000, "operatingIncomeRatio": 1.6549019608, "totalOtherIncomeExpensesNet": 0, "incomeBeforeTax": 0, "incomeBeforeTaxRatio": 0, "incomeTaxExpense": -1000000, "netIncome": 1000000, "netIncomeRatio": 0.0392156863, "eps": 0.09, "epsdiluted": 0.09, "weightedAverageShsOut": 11111111, "weightedAverageShsOutDil": 11111111, "link": "", "finalLink": "", "calculatedOtherExpenses": -16700000, "calculatedOperatingExpenses": -16700000, "calculatedNetInterest": 0, "calculatedOtherIncome": -42200000, "calculatedIncomeNonControlling": 0, "calculatedEbitda": 42200000}, {"date": "1986-12-31", "symbol": "UDR", "reportedCurrency": "USD", "cik": "0000074208", "fillingDate": "1986-12-31", "acceptedDate": "1986-12-30 19:00:00", "calendarYear": "1986", "period": "FY", "revenue": 24000000, "costOfRevenue": 0, "grossProfit": 24000000, "grossProfitRatio": 1, "researchAndDevelopmentExpenses": 0, "generalAndAdministrativeExpenses": 0, "sellingAndMarketingExpenses": 0, "sellingGeneralAndAdministrativeExpenses": 0, "otherExpenses": -14500000, "operatingExpenses": -14500000, "costAndExpenses": -14500000, "interestIncome": 0, "interestExpense": 0, "depreciationAndAmortization": 0, "ebitda": 38500000, "ebitdaratio": 1.6041666667, "operatingIncome": 38500000, "operatingIncomeRatio": 1.6041666667, "totalOtherIncomeExpensesNet": 0, "incomeBeforeTax": 0, "incomeBeforeTaxRatio": 0, "incomeTaxExpense": -1100000, "netIncome": 1100000, "netIncomeRatio": 0.0458333333, "eps": 0.13, "epsdiluted": 0.13, "weightedAverageShsOut": 8461538, "weightedAverageShsOutDil": 8461538, "link": "", "finalLink": "", "calculatedOtherExpenses": -14500000, "calculatedOperatingExpenses": -14500000, "calculatedNetInterest": 0, "calculatedOtherIncome": -38500000, "calculatedIncomeNonControlling": 0, "calculatedEbitda": 38500000}, {"date": "1985-12-31", "symbol": "UDR", "reportedCurrency": "USD", "cik": "0000074208", "fillingDate": "1985-12-31", "acceptedDate": "1985-12-30 19:00:00", "calendarYear": "1985", "period": "FY", "revenue": 19600000, "costOfRevenue": 0, "grossProfit": 19600000, "grossProfitRatio": 1, "researchAndDevelopmentExpenses": 0, "generalAndAdministrativeExpenses": 0, "sellingAndMarketingExpenses": 0, "sellingGeneralAndAdministrativeExpenses": 0, "otherExpenses": -11500000, "operatingExpenses": -11500000, "costAndExpenses": -11500000, "interestIncome": 0, "interestExpense": 0, "depreciationAndAmortization": 0, "ebitda": 31100000, "ebitdaratio": 1.5867346939, "operatingIncome": 31100000, "operatingIncomeRatio": 1.5867346939, "totalOtherIncomeExpensesNet": 0, "incomeBeforeTax": 0, "incomeBeforeTaxRatio": 0, "incomeTaxExpense": -1200000, "netIncome": 1200000, "netIncomeRatio": 0.0612244898, "eps": 0.14, "epsdiluted": 0.14, "weightedAverageShsOut": 8571429, "weightedAverageShsOutDil": 8571429, "link": "", "finalLink": "", "calculatedOtherExpenses": -11500000, "calculatedOperatingExpenses": -11500000, "calculatedNetInterest": 0, "calculatedOtherIncome": -31100000, "calculatedIncomeNonControlling": 0, "calculatedEbitda": 31100000}]}