{"originalCurrency": "USD", "convertedCurrency": "USD", "report": [{"date": "2023-12-31", "symbol": "UE", "reportedCurrency": "USD", "cik": "0001611547", "fillingDate": "2024-02-14", "acceptedDate": "2024-02-14 07:01:08", "calendarYear": "2023", "period": "FY", "revenue": 416922000, "costOfRevenue": 255065000, "grossProfit": 161857000, "grossProfitRatio": 0.3882188995, "researchAndDevelopmentExpenses": 0, "generalAndAdministrativeExpenses": 49704000, "sellingAndMarketingExpenses": 0, "sellingGeneralAndAdministrativeExpenses": 49704000, "otherExpenses": -37070000, "operatingExpenses": 37070000, "costAndExpenses": 292135000, "interestIncome": 3037000, "interestExpense": 74945000, "depreciationAndAmortization": 108979000, "ebitda": 233766000, "ebitdaratio": 0.5606948062, "operatingIncome": 124787000, "operatingIncomeRatio": 0.2993053857, "totalOtherIncomeExpensesNet": 152889000, "incomeBeforeTax": 277676000, "incomeBeforeTaxRatio": 0.6660142665, "incomeTaxExpense": 17800000, "netIncome": 248497000, "netIncomeRatio": 0.5960275543, "eps": 2.11, "epsdiluted": 2.11, "weightedAverageShsOut": 117506000, "weightedAverageShsOutDil": 117597000, "link": "https://www.sec.gov/Archives/edgar/data/1611547/000161154724000012/0001611547-24-000012-index.htm", "finalLink": "https://www.sec.gov/Archives/edgar/data/1611547/000161154724000012/ue-20231231.htm", "calculatedOtherExpenses": -12634000, "calculatedOperatingExpenses": 37070000, "calculatedNetInterest": -71908000, "calculatedOtherIncome": 224797000, "calculatedIncomeNonControlling": 11379000, "calculatedEbitda": 233766000}, {"date": "2022-12-31", "symbol": "UE", "reportedCurrency": "USD", "cik": "0001611547", "fillingDate": "2023-02-14", "acceptedDate": "2023-02-14 07:02:51", "calendarYear": "2022", "period": "FY", "revenue": 397938000, "costOfRevenue": 136198000, "grossProfit": 261740000, "grossProfitRatio": 0.6577406531, "researchAndDevelopmentExpenses": 0, "generalAndAdministrativeExpenses": 55547000, "sellingAndMarketingExpenses": 0, "sellingGeneralAndAdministrativeExpenses": 55547000, "otherExpenses": 98432000, "operatingExpenses": 153979000, "costAndExpenses": 290177000, "interestIncome": 1107000, "interestExpense": 58979000, "depreciationAndAmortization": 98432000, "ebitda": 207300000, "ebitdaratio": 0.5209354221, "operatingIncome": 108868000, "operatingIncomeRatio": 0.2735803065, "totalOtherIncomeExpensesNet": -58626000, "incomeBeforeTax": 50242000, "incomeBeforeTaxRatio": 0.1262558489, "incomeTaxExpense": 2903000, "netIncome": 46170000, "netIncomeRatio": 0.1160230991, "eps": 0.39, "epsdiluted": 0.39, "weightedAverageShsOut": 117366000, "weightedAverageShsOutDil": 121640000, "link": "https://www.sec.gov/Archives/edgar/data/1611547/000161154723000008/0001611547-23-000008-index.htm", "finalLink": "https://www.sec.gov/Archives/edgar/data/1611547/000161154723000008/ue-20221231.htm", "calculatedOtherExpenses": 97325000, "calculatedOperatingExpenses": 152872000, "calculatedNetInterest": -57872000, "calculatedOtherIncome": -754000, "calculatedIncomeNonControlling": 1169000, "calculatedEbitda": 207300000}, {"date": "2021-12-31", "symbol": "UE", "reportedCurrency": "USD", "cik": "0001611547", "fillingDate": "2022-02-16", "acceptedDate": "2022-02-16 07:01:40", "calendarYear": "2021", "period": "FY", "revenue": 425082000, "costOfRevenue": 132375000, "grossProfit": 292707000, "grossProfitRatio": 0.6885894957, "researchAndDevelopmentExpenses": 0, "generalAndAdministrativeExpenses": 52024000, "sellingAndMarketingExpenses": 0, "sellingGeneralAndAdministrativeExpenses": 52024000, "otherExpenses": 92331000, "operatingExpenses": 144355000, "costAndExpenses": 276730000, "interestIncome": 360000, "interestExpense": 57938000, "depreciationAndAmortization": 92331000, "ebitda": 241043000, "ebitdaratio": 0.5670505926, "operatingIncome": 148712000, "operatingIncomeRatio": 0.3498430891, "totalOtherIncomeExpensesNet": -39758000, "incomeBeforeTax": 108954000, "incomeBeforeTaxRatio": 0.2563128996, "incomeTaxExpense": 1139000, "netIncome": 102686000, "netIncomeRatio": 0.2415675093, "eps": 0.88, "epsdiluted": 0.88, "weightedAverageShsOut": 117029000, "weightedAverageShsOutDil": 121447000, "link": "https://www.sec.gov/Archives/edgar/data/1611547/000161154722000012/0001611547-22-000012-index.htm", "finalLink": "https://www.sec.gov/Archives/edgar/data/1611547/000161154722000012/ue-20211231.htm", "calculatedOtherExpenses": 91971000, "calculatedOperatingExpenses": 143995000, "calculatedNetInterest": -57578000, "calculatedOtherIncome": 17820000, "calculatedIncomeNonControlling": 5129000, "calculatedEbitda": 241043000}, {"date": "2020-12-31", "symbol": "UE", "reportedCurrency": "USD", "cik": "0001611547", "fillingDate": "2021-02-17", "acceptedDate": "2021-02-17 16:18:16", "calendarYear": "2020", "period": "FY", "revenue": 330095000, "costOfRevenue": 116175000, "grossProfit": 213920000, "grossProfitRatio": 0.6480558627, "researchAndDevelopmentExpenses": 0, "generalAndAdministrativeExpenses": 62349000, "sellingAndMarketingExpenses": 0, "sellingGeneralAndAdministrativeExpenses": 62349000, "otherExpenses": 96029000, "operatingExpenses": 158378000, "costAndExpenses": 274553000, "interestIncome": 2599000, "interestExpense": 71015000, "depreciationAndAmortization": 96029000, "ebitda": 154170000, "ebitdaratio": 0.4670473652, "operatingIncome": 58141000, "operatingIncomeRatio": 0.1761341432, "totalOtherIncomeExpensesNet": 613000, "incomeBeforeTax": 58754000, "incomeBeforeTaxRatio": 0.1779911844, "incomeTaxExpense": -38996000, "netIncome": 93589000, "netIncomeRatio": 0.2835214105, "eps": 0.79, "epsdiluted": 0.79, "weightedAverageShsOut": 117722000, "weightedAverageShsOutDil": 117902000, "link": "https://www.sec.gov/Archives/edgar/data/1611547/000161154721000006/0001611547-21-000006-index.htm", "finalLink": "https://www.sec.gov/Archives/edgar/data/1611547/000161154721000006/ue-20201231.htm", "calculatedOtherExpenses": 93430000, "calculatedOperatingExpenses": 155779000, "calculatedNetInterest": -68416000, "calculatedOtherIncome": 69029000, "calculatedIncomeNonControlling": 4161000, "calculatedEbitda": 154170000}, {"date": "2019-12-31", "symbol": "UE", "reportedCurrency": "USD", "cik": "0001611547", "fillingDate": "2020-02-13", "acceptedDate": "2020-02-12 17:36:38", "calendarYear": "2019", "period": "FY", "revenue": 387649000, "costOfRevenue": 124241000, "grossProfit": 263408000, "grossProfitRatio": 0.6795013014, "researchAndDevelopmentExpenses": 0, "generalAndAdministrativeExpenses": 52686000, "sellingAndMarketingExpenses": 0, "sellingGeneralAndAdministrativeExpenses": 52686000, "otherExpenses": 94116000, "operatingExpenses": 146802000, "costAndExpenses": 271043000, "interestIncome": 9774000, "interestExpense": 66639000, "depreciationAndAmortization": 94116000, "ebitda": 220496000, "ebitdaratio": 0.5688032215, "operatingIncome": 126380000, "operatingIncomeRatio": 0.3260165769, "totalOtherIncomeExpensesNet": -8896000, "incomeBeforeTax": 117484000, "incomeBeforeTaxRatio": 0.3030679816, "incomeTaxExpense": 1287000, "netIncome": 109523000, "netIncomeRatio": 0.2825313621, "eps": 0.91, "epsdiluted": 0.91, "weightedAverageShsOut": 119751000, "weightedAverageShsOutDil": 119896000, "link": "https://www.sec.gov/Archives/edgar/data/1611547/000161154720000008/0001611547-20-000008-index.htm", "finalLink": "https://www.sec.gov/Archives/edgar/data/1611547/000161154720000008/ue-12312019x10k.htm", "calculatedOtherExpenses": 84342000, "calculatedOperatingExpenses": 137028000, "calculatedNetInterest": -56865000, "calculatedOtherIncome": 47969000, "calculatedIncomeNonControlling": 6674000, "calculatedEbitda": 220496000}, {"date": "2018-12-31", "symbol": "UE", "reportedCurrency": "USD", "cik": "0001611547", "fillingDate": "2019-02-13", "acceptedDate": "2019-02-13 16:29:47", "calendarYear": "2018", "period": "FY", "revenue": 414160000, "costOfRevenue": 137877000, "grossProfit": 276283000, "grossProfitRatio": 0.667092428, "researchAndDevelopmentExpenses": 0, "generalAndAdministrativeExpenses": 46432000, "sellingAndMarketingExpenses": 0, "sellingGeneralAndAdministrativeExpenses": 46432000, "otherExpenses": 103560000, "operatingExpenses": 149992000, "costAndExpenses": 287869000, "interestIncome": 8336000, "interestExpense": 64868000, "depreciationAndAmortization": 99422000, "ebitda": 234049000, "ebitdaratio": 0.565117346, "operatingIncome": 126291000, "operatingIncomeRatio": 0.3049328762, "totalOtherIncomeExpensesNet": 50723000, "incomeBeforeTax": 120482000, "incomeBeforeTaxRatio": 0.2909068959, "incomeTaxExpense": 3519000, "netIncome": 105150000, "netIncomeRatio": 0.2538873865, "eps": 0.92, "epsdiluted": 0.92, "weightedAverageShsOut": 113863000, "weightedAverageShsOutDil": 114051000, "link": "https://www.sec.gov/Archives/edgar/data/1611547/000161154719000007/0001611547-19-000007-index.htm", "finalLink": "https://www.sec.gov/Archives/edgar/data/1611547/000161154719000007/ue-12312018x10k.htm", "calculatedOtherExpenses": 103560000, "calculatedOperatingExpenses": 149992000, "calculatedNetInterest": -56532000, "calculatedOtherIncome": 50723000, "calculatedIncomeNonControlling": 11813000, "calculatedEbitda": 225713000}, {"date": "2017-12-31", "symbol": "UE", "reportedCurrency": "USD", "cik": "0001611547", "fillingDate": "2018-02-14", "acceptedDate": "2018-02-14 17:20:30", "calendarYear": "2017", "period": "FY", "revenue": 407042000, "costOfRevenue": 110631000, "grossProfit": 296411000, "grossProfitRatio": 0.7282074086, "researchAndDevelopmentExpenses": 0, "generalAndAdministrativeExpenses": 41261000, "sellingAndMarketingExpenses": 0, "sellingGeneralAndAdministrativeExpenses": 41261000, "otherExpenses": 86004000, "operatingExpenses": 127265000, "costAndExpenses": 237896000, "interestIncome": 2248000, "interestExpense": 56218000, "depreciationAndAmortization": 82281000, "ebitda": 253675000, "ebitdaratio": 0.6232157861, "operatingIncome": 169146000, "operatingIncomeRatio": 0.4155492554, "totalOtherIncomeExpensesNet": -42516000, "incomeBeforeTax": 72660000, "incomeBeforeTaxRatio": 0.1785073776, "incomeTaxExpense": -278000, "netIncome": 67070000, "netIncomeRatio": 0.1647741511, "eps": 0.62, "epsdiluted": 0.61, "weightedAverageShsOut": 107132000, "weightedAverageShsOutDil": 118390000, "link": "https://www.sec.gov/Archives/edgar/data/1611547/000161154718000009/0001611547-18-000009-index.htm", "finalLink": "https://www.sec.gov/Archives/edgar/data/1611547/000161154718000009/ue-12312017x10k.htm", "calculatedOtherExpenses": 86004000, "calculatedOperatingExpenses": 127265000, "calculatedNetInterest": -53970000, "calculatedOtherIncome": -42516000, "calculatedIncomeNonControlling": 5868000, "calculatedEbitda": 251427000}, {"date": "2016-12-31", "symbol": "UE", "reportedCurrency": "USD", "cik": "0001611547", "fillingDate": "2017-02-16", "acceptedDate": "2017-02-16 16:19:12", "calendarYear": "2016", "period": "FY", "revenue": 325976000, "costOfRevenue": 96709000, "grossProfit": 229267000, "grossProfitRatio": 0.7033247846, "researchAndDevelopmentExpenses": 0, "generalAndAdministrativeExpenses": 37485000, "sellingAndMarketingExpenses": 0, "sellingGeneralAndAdministrativeExpenses": 37485000, "otherExpenses": 58764000, "operatingExpenses": 96249000, "costAndExpenses": 192958000, "interestIncome": 679000, "interestExpense": 51881000, "depreciationAndAmortization": 56145000, "ebitda": 189842000, "ebitdaratio": 0.5823802979, "operatingIncome": 133018000, "operatingIncomeRatio": 0.4080607161, "totalOtherIncomeExpensesNet": 15618000, "incomeBeforeTax": 97434000, "incomeBeforeTaxRatio": 0.2988993055, "incomeTaxExpense": 804000, "netIncome": 90815000, "netIncomeRatio": 0.2785941296, "eps": 0.91, "epsdiluted": 0.91, "weightedAverageShsOut": 99364000, "weightedAverageShsOutDil": 99794000, "link": "https://www.sec.gov/Archives/edgar/data/1611547/000161154717000009/0001611547-17-000009-index.htm", "finalLink": "https://www.sec.gov/Archives/edgar/data/1611547/000161154717000009/ue-12312016x10k.htm", "calculatedOtherExpenses": 58764000, "calculatedOperatingExpenses": 96249000, "calculatedNetInterest": -51202000, "calculatedOtherIncome": 15618000, "calculatedIncomeNonControlling": 5815000, "calculatedEbitda": 189163000}, {"date": "2015-12-31", "symbol": "UE", "reportedCurrency": "USD", "cik": "0001611547", "fillingDate": "2016-02-19", "acceptedDate": "2016-02-19 08:18:01", "calendarYear": "2015", "period": "FY", "revenue": 322945000, "costOfRevenue": 99906000, "grossProfit": 223039000, "grossProfitRatio": 0.6906408212, "researchAndDevelopmentExpenses": 0, "generalAndAdministrativeExpenses": 42173000, "sellingAndMarketingExpenses": 0, "sellingGeneralAndAdministrativeExpenses": 42173000, "otherExpenses": 82790000, "operatingExpenses": 124963000, "costAndExpenses": 224869000, "interestIncome": 150000, "interestExpense": 55584000, "depreciationAndAmortization": 57253000, "ebitda": 155479000, "ebitdaratio": 0.4814411123, "operatingIncome": 98076000, "operatingIncomeRatio": 0.3036925792, "totalOtherIncomeExpensesNet": -24011000, "incomeBeforeTax": 42642000, "incomeBeforeTaxRatio": 0.1320410596, "incomeTaxExpense": 1294000, "netIncome": 38785000, "netIncomeRatio": 0.1200978495, "eps": 0.39, "epsdiluted": 0.39, "weightedAverageShsOut": 99252000, "weightedAverageShsOutDil": 99278000, "link": "https://www.sec.gov/Archives/edgar/data/1611547/000161154716000035/0001611547-16-000035-index.htm", "finalLink": "https://www.sec.gov/Archives/edgar/data/1611547/000161154716000035/ue-12312015x10k.htm", "calculatedOtherExpenses": 82790000, "calculatedOperatingExpenses": 124963000, "calculatedNetInterest": -55434000, "calculatedOtherIncome": 0, "calculatedIncomeNonControlling": 2563000, "calculatedEbitda": 155329000}, {"date": "2014-12-31", "symbol": "UE", "reportedCurrency": "USD", "cik": "0001611547", "fillingDate": "2015-03-23", "acceptedDate": "2015-03-23 08:32:52", "calendarYear": "2014", "period": "FY", "revenue": 315676000, "costOfRevenue": 101823000, "grossProfit": 213853000, "grossProfitRatio": 0.6774445951, "researchAndDevelopmentExpenses": 0, "generalAndAdministrativeExpenses": 28124000, "sellingAndMarketingExpenses": 0, "sellingGeneralAndAdministrativeExpenses": 28124000, "otherExpenses": 63289000, "operatingExpenses": 91413000, "costAndExpenses": 193236000, "interestIncome": 35000, "interestExpense": 53300000, "depreciationAndAmortization": 55313000, "ebitda": 176128000, "ebitdaratio": 0.5579391528, "operatingIncome": 122440000, "operatingIncomeRatio": 0.3878660399, "totalOtherIncomeExpensesNet": -8604000, "incomeBeforeTax": 67515000, "incomeBeforeTaxRatio": 0.2138743522, "incomeTaxExpense": 1721000, "netIncome": 65772000, "netIncomeRatio": 0.2083528681, "eps": 0.66, "epsdiluted": 0.66, "weightedAverageShsOut": 99248000, "weightedAverageShsOutDil": 99248000, "link": "https://www.sec.gov/Archives/edgar/data/1611547/000161154715000003/0001611547-15-000003-index.htm", "finalLink": "https://www.sec.gov/Archives/edgar/data/1611547/000161154715000003/ue-12312014x10k.htm", "calculatedOtherExpenses": 63289000, "calculatedOperatingExpenses": 91413000, "calculatedNetInterest": -53265000, "calculatedOtherIncome": -1660000, "calculatedIncomeNonControlling": 22000, "calculatedEbitda": 177753000}, {"date": "2013-12-31", "symbol": "UE", "reportedCurrency": "USD", "cik": "0001611547", "fillingDate": "2013-12-31", "acceptedDate": "2013-12-30 19:00:00", "calendarYear": "2013", "period": "FY", "revenue": 362995000, "costOfRevenue": 86055000, "grossProfit": 276940000, "grossProfitRatio": 0.7629306189, "researchAndDevelopmentExpenses": 0, "generalAndAdministrativeExpenses": 36018000, "sellingAndMarketingExpenses": 0, "sellingGeneralAndAdministrativeExpenses": 36018000, "otherExpenses": 54709000, "operatingExpenses": 90727000, "costAndExpenses": 176782000, "interestIncome": 11000, "interestExpense": 53907000, "depreciationAndAmortization": 55925000, "ebitda": 240267000, "ebitdaratio": 0.6619016791, "operatingIncome": 186213000, "operatingIncomeRatio": 0.5129905371, "totalOtherIncomeExpensesNet": -19000000, "incomeBeforeTax": 111435000, "incomeBeforeTaxRatio": 0.3069876996, "incomeTaxExpense": 2100000, "netIncome": 109314000, "netIncomeRatio": 0.3011446439, "eps": 1.1, "epsdiluted": 1.1, "weightedAverageShsOut": 99248000, "weightedAverageShsOutDil": 99248000, "link": "", "finalLink": "", "calculatedOtherExpenses": 54709000, "calculatedOperatingExpenses": 90727000, "calculatedNetInterest": -53896000, "calculatedOtherIncome": -20882000, "calculatedIncomeNonControlling": 21000, "calculatedEbitda": 242138000}, {"date": "2012-12-31", "symbol": "UE", "reportedCurrency": "USD", "cik": "0001611547", "fillingDate": "2012-12-31", "acceptedDate": "2012-12-30 19:00:00", "calendarYear": "2012", "period": "FY", "revenue": 304233000, "costOfRevenue": 89317000, "grossProfit": 214916000, "grossProfitRatio": 0.7064190933, "researchAndDevelopmentExpenses": 0, "generalAndAdministrativeExpenses": 30754000, "sellingAndMarketingExpenses": 0, "sellingGeneralAndAdministrativeExpenses": 30754000, "otherExpenses": 53196000, "operatingExpenses": 83950000, "costAndExpenses": 173267000, "interestIncome": 20000, "interestExpense": 51754000, "depreciationAndAmortization": 54978000, "ebitda": 183946000, "ebitdaratio": 0.6046221153, "operatingIncome": 130966000, "operatingIncomeRatio": 0.4304792708, "totalOtherIncomeExpensesNet": -6000000, "incomeBeforeTax": 71214000, "incomeBeforeTaxRatio": 0.2340771711, "incomeTaxExpense": 1364000, "netIncome": 69837000, "netIncomeRatio": 0.2295510349, "eps": 0.7, "epsdiluted": 0.7, "weightedAverageShsOut": 99248000, "weightedAverageShsOutDil": 99248000, "link": "", "finalLink": "", "calculatedOtherExpenses": 53196000, "calculatedOperatingExpenses": 83950000, "calculatedNetInterest": -51734000, "calculatedOtherIncome": -8018000, "calculatedIncomeNonControlling": 13000, "calculatedEbitda": 185944000}, {"date": "2011-12-31", "symbol": "UE", "reportedCurrency": "USD", "cik": "0001611547", "fillingDate": "2011-12-31", "acceptedDate": "2011-12-30 19:00:00", "calendarYear": "2011", "period": "FY", "revenue": 299856000, "costOfRevenue": 85964000, "grossProfit": 213892000, "grossProfitRatio": 0.7133157249, "researchAndDevelopmentExpenses": 0, "generalAndAdministrativeExpenses": 36963000, "sellingAndMarketingExpenses": 0, "sellingGeneralAndAdministrativeExpenses": 36963000, "otherExpenses": 32891000, "operatingExpenses": 69854000, "costAndExpenses": 155818000, "interestIncome": 0, "interestExpense": 53128000, "depreciationAndAmortization": 52991000, "ebitda": 195019000, "ebitdaratio": 0.6503755136, "operatingIncome": 144038000, "operatingIncomeRatio": 0.4803572381, "totalOtherIncomeExpensesNet": -55138000, "incomeBeforeTax": 88900000, "incomeBeforeTaxRatio": 0.2964756416, "incomeTaxExpense": 1440000, "netIncome": 87463000, "netIncomeRatio": 0.2916833413, "eps": 0.88, "epsdiluted": 0.88, "weightedAverageShsOut": 99136000, "weightedAverageShsOutDil": 99136000, "link": "", "finalLink": "", "calculatedOtherExpenses": 32891000, "calculatedOperatingExpenses": 69854000, "calculatedNetInterest": -53128000, "calculatedOtherIncome": -2010000, "calculatedIncomeNonControlling": -3000, "calculatedEbitda": 197029000}]}