{"originalCurrency": "USD", "convertedCurrency": "USD", "report": [{"date": "2023-12-30", "symbol": "UFPI", "reportedCurrency": "USD", "cik": "0000912767", "fillingDate": "2024-02-28", "acceptedDate": "2024-02-28 14:23:04", "calendarYear": "2023", "period": "FY", "revenue": 7218384000, "costOfRevenue": 5799446000, "grossProfit": 1418938000, "grossProfitRatio": 0.1965728063, "researchAndDevelopmentExpenses": 0, "generalAndAdministrativeExpenses": 0, "sellingAndMarketingExpenses": 0, "sellingGeneralAndAdministrativeExpenses": 766633000, "otherExpenses": -5771000, "operatingExpenses": 766633000, "costAndExpenses": 6566079000, "interestIncome": 39916000, "interestExpense": 12842000, "depreciationAndAmortization": 131889999, "ebitda": 784195000, "ebitdaratio": 0.1086385817, "operatingIncome": 652305000, "operatingIncomeRatio": 0.0903671791, "totalOtherIncomeExpensesNet": 18936000, "incomeBeforeTax": 671241000, "incomeBeforeTaxRatio": 0.092990481, "incomeTaxExpense": 156784000, "netIncome": 514312000, "netIncomeRatio": 0.0712502965, "eps": 8.21, "epsdiluted": 8.07, "weightedAverageShsOut": 59619000, "weightedAverageShsOutDil": 60639000, "link": "https://www.sec.gov/Archives/edgar/data/912767/000155837024001963/0001558370-24-001963-index.htm", "finalLink": "https://www.sec.gov/Archives/edgar/data/912767/000155837024001963/ufpi-20231230x10k.htm", "calculatedOtherExpenses": 0, "calculatedOperatingExpenses": 766633000, "calculatedNetInterest": 27074000, "calculatedOtherIncome": -8138000, "calculatedIncomeNonControlling": 145000, "calculatedEbitda": 784194999}, {"date": "2022-12-31", "symbol": "UFPI", "reportedCurrency": "USD", "cik": "0000912767", "fillingDate": "2023-03-01", "acceptedDate": "2023-03-01 15:00:36", "calendarYear": "2022", "period": "FY", "revenue": 9626739000, "costOfRevenue": 7837278000, "grossProfit": 1789461000, "grossProfitRatio": 0.1858844412, "researchAndDevelopmentExpenses": 0, "generalAndAdministrativeExpenses": 0, "sellingAndMarketingExpenses": 0, "sellingGeneralAndAdministrativeExpenses": 832079000, "otherExpenses": 7198000, "operatingExpenses": 839277000, "costAndExpenses": 8676555000, "interestIncome": 725000, "interestExpense": 15368000, "depreciationAndAmortization": 113562000, "ebitda": 1063746000, "ebitdaratio": 0.1104991005, "operatingIncome": 950184000, "operatingIncomeRatio": 0.0987025825, "totalOtherIncomeExpensesNet": -15368000, "incomeBeforeTax": 934816000, "incomeBeforeTaxRatio": 0.0971061956, "incomeTaxExpense": 229852000, "netIncome": 692651000, "netIncomeRatio": 0.0719507405, "eps": 11.05, "epsdiluted": 10.97, "weightedAverageShsOut": 60180000, "weightedAverageShsOutDil": 60653000, "link": "https://www.sec.gov/Archives/edgar/data/912767/000155837023002546/0001558370-23-002546-index.htm", "finalLink": "https://www.sec.gov/Archives/edgar/data/912767/000155837023002546/ufpi-20221231x10k.htm", "calculatedOtherExpenses": 7198000, "calculatedOperatingExpenses": 839277000, "calculatedNetInterest": -14643000, "calculatedOtherIncome": -725000, "calculatedIncomeNonControlling": 12313000, "calculatedEbitda": 1063746000}, {"date": "2021-12-25", "symbol": "UFPI", "reportedCurrency": "USD", "cik": "0000912767", "fillingDate": "2022-02-23", "acceptedDate": "2022-02-23 16:59:36", "calendarYear": "2021", "period": "FY", "revenue": 8636134000, "costOfRevenue": 7229167000, "grossProfit": 1406967000, "grossProfitRatio": 0.1629163003, "researchAndDevelopmentExpenses": 0, "generalAndAdministrativeExpenses": 0, "sellingAndMarketingExpenses": 0, "sellingGeneralAndAdministrativeExpenses": 682253000, "otherExpenses": -12840000, "operatingExpenses": 669413000, "costAndExpenses": 7898580000, "interestIncome": 6498000, "interestExpense": 11218000, "depreciationAndAmortization": 98132000, "ebitda": 835686000, "ebitdaratio": 0.0967662151, "operatingIncome": 737554000, "operatingIncomeRatio": 0.0854032603, "totalOtherIncomeExpensesNet": -11218000, "incomeBeforeTax": 726336000, "incomeBeforeTaxRatio": 0.0841042994, "incomeTaxExpense": 173972000, "netIncome": 535640000, "netIncomeRatio": 0.0620231228, "eps": 8.61, "epsdiluted": 8.59, "weightedAverageShsOut": 60195000, "weightedAverageShsOutDil": 60354000, "link": "https://www.sec.gov/Archives/edgar/data/912767/000155837022001761/0001558370-22-001761-index.htm", "finalLink": "https://www.sec.gov/Archives/edgar/data/912767/000155837022001761/ufpi-20211225x10k.htm", "calculatedOtherExpenses": -12840000, "calculatedOperatingExpenses": 669413000, "calculatedNetInterest": -4720000, "calculatedOtherIncome": -6498000, "calculatedIncomeNonControlling": 16724000, "calculatedEbitda": 835686000}, {"date": "2020-12-26", "symbol": "UFPI", "reportedCurrency": "USD", "cik": "0000912767", "fillingDate": "2021-03-03", "acceptedDate": "2021-03-03 17:23:46", "calendarYear": "2020", "period": "FY", "revenue": 5153998000, "costOfRevenue": 4353702000, "grossProfit": 800296000, "grossProfitRatio": 0.1552767386, "researchAndDevelopmentExpenses": 0, "generalAndAdministrativeExpenses": 0, "sellingAndMarketingExpenses": 0, "sellingGeneralAndAdministrativeExpenses": 444596000, "otherExpenses": -4843000, "operatingExpenses": 444596000, "costAndExpenses": 4798298000, "interestIncome": 2392000, "interestExpense": 9311000, "depreciationAndAmortization": 92428000, "ebitda": 438254000, "ebitdaratio": 0.0850318529, "operatingIncome": 345826000, "operatingIncomeRatio": 0.0670985903, "totalOtherIncomeExpensesNet": -4843000, "incomeBeforeTax": 340983000, "incomeBeforeTaxRatio": 0.0661589314, "incomeTaxExpense": 87101000, "netIncome": 246778000, "netIncomeRatio": 0.0478808878, "eps": 4, "epsdiluted": 4, "weightedAverageShsOut": 59908000, "weightedAverageShsOutDil": 59928000, "link": "https://www.sec.gov/Archives/edgar/data/912767/000155837021002324/0001558370-21-002324-index.htm", "finalLink": "https://www.sec.gov/Archives/edgar/data/912767/000155837021002324/ufpi-20201226x10k.htm", "calculatedOtherExpenses": 9874000, "calculatedOperatingExpenses": 454470000, "calculatedNetInterest": -6919000, "calculatedOtherIncome": 2076000, "calculatedIncomeNonControlling": 7104000, "calculatedEbitda": 438254000}, {"date": "2019-12-28", "symbol": "UFPI", "reportedCurrency": "USD", "cik": "0000912767", "fillingDate": "2020-02-26", "acceptedDate": "2020-02-26 16:10:43", "calendarYear": "2019", "period": "FY", "revenue": 4416009000, "costOfRevenue": 3730491000, "grossProfit": 685518000, "grossProfitRatio": 0.155234738, "researchAndDevelopmentExpenses": 0, "generalAndAdministrativeExpenses": 0, "sellingAndMarketingExpenses": 0, "sellingGeneralAndAdministrativeExpenses": 438320000, "otherExpenses": -4232000, "operatingExpenses": 438320000, "costAndExpenses": 4168811000, "interestIncome": 1945000, "interestExpense": 8700000, "depreciationAndAmortization": 71403000, "ebitda": 316309000, "ebitdaratio": 0.0716277979, "operatingIncome": 244906000, "operatingIncomeRatio": 0.0554586732, "totalOtherIncomeExpensesNet": -4232000, "incomeBeforeTax": 240674000, "incomeBeforeTaxRatio": 0.0545003418, "incomeTaxExpense": 58270000, "netIncome": 179650000, "netIncomeRatio": 0.0406815294, "eps": 2.91, "epsdiluted": 2.91, "weightedAverageShsOut": 60106000, "weightedAverageShsOutDil": 60130000, "link": "https://www.sec.gov/Archives/edgar/data/912767/000155837020001462/0001558370-20-001462-index.htm", "finalLink": "https://www.sec.gov/Archives/edgar/data/912767/000155837020001462/ufpi-20191228x10kaa58c7.htm", "calculatedOtherExpenses": 2292000, "calculatedOperatingExpenses": 440612000, "calculatedNetInterest": -6755000, "calculatedOtherIncome": 2523000, "calculatedIncomeNonControlling": 2754000, "calculatedEbitda": 316309000}, {"date": "2018-12-29", "symbol": "UFPI", "reportedCurrency": "USD", "cik": "0000912767", "fillingDate": "2019-02-27", "acceptedDate": "2019-02-27 15:12:09", "calendarYear": "2018", "period": "FY", "revenue": 4489180000, "costOfRevenue": 3896286000, "grossProfit": 592894000, "grossProfitRatio": 0.1320717815, "researchAndDevelopmentExpenses": 0, "generalAndAdministrativeExpenses": 0, "sellingAndMarketingExpenses": 0, "sellingGeneralAndAdministrativeExpenses": 392679000, "otherExpenses": -9410000, "operatingExpenses": 392679000, "costAndExpenses": 4288965000, "interestIncome": 1371000, "interestExpense": 8893000, "depreciationAndAmortization": 47246000, "ebitda": 254509000, "ebitdaratio": 0.0566938728, "operatingIncome": 207263000, "operatingIncomeRatio": 0.0461694563, "totalOtherIncomeExpensesNet": -9410000, "incomeBeforeTax": 197853000, "incomeBeforeTaxRatio": 0.0440733051, "incomeTaxExpense": 45441000, "netIncome": 148598000, "netIncomeRatio": 0.0331013682, "eps": 2.46, "epsdiluted": 2.46, "weightedAverageShsOut": 60351000, "weightedAverageShsOutDil": 60433000, "link": "https://www.sec.gov/Archives/edgar/data/912767/000155837019001176/0001558370-19-001176-index.htm", "finalLink": "https://www.sec.gov/Archives/edgar/data/912767/000155837019001176/ufpi-20181229x10k.htm", "calculatedOtherExpenses": -7048000, "calculatedOperatingExpenses": 385631000, "calculatedNetInterest": -7522000, "calculatedOtherIncome": -1888000, "calculatedIncomeNonControlling": 3814000, "calculatedEbitda": 254509000}, {"date": "2017-12-30", "symbol": "UFPI", "reportedCurrency": "USD", "cik": "0000912767", "fillingDate": "2018-02-28", "acceptedDate": "2018-02-28 15:27:15", "calendarYear": "2017", "period": "FY", "revenue": 3941182000, "costOfRevenue": 3398356000, "grossProfit": 542826000, "grossProfitRatio": 0.1377317769, "researchAndDevelopmentExpenses": 0, "generalAndAdministrativeExpenses": 0, "sellingAndMarketingExpenses": 0, "sellingGeneralAndAdministrativeExpenses": 362220000, "otherExpenses": -5462000, "operatingExpenses": 362220000, "costAndExpenses": 3760576000, "interestIncome": 731000, "interestExpense": 6218000, "depreciationAndAmortization": 51670000, "ebitda": 233139000, "ebitdaratio": 0.0591545886, "operatingIncome": 181469000, "operatingIncomeRatio": 0.0460443085, "totalOtherIncomeExpensesNet": -5462000, "incomeBeforeTax": 176007000, "incomeBeforeTaxRatio": 0.0446584299, "incomeTaxExpense": 51967000, "netIncome": 119512000, "netIncomeRatio": 0.0303238978, "eps": 1.95, "epsdiluted": 1.94, "weightedAverageShsOut": 61288205, "weightedAverageShsOutDil": 61604124, "link": "https://www.sec.gov/Archives/edgar/data/912767/000155837018001251/0001558370-18-001251-index.htm", "finalLink": "https://www.sec.gov/Archives/edgar/data/912767/000155837018001251/ufpi-20171230x10k.htm", "calculatedOtherExpenses": -863000, "calculatedOperatingExpenses": 361357000, "calculatedNetInterest": -5487000, "calculatedOtherIncome": 25000, "calculatedIncomeNonControlling": 4528000, "calculatedEbitda": 233139000}, {"date": "2016-12-31", "symbol": "UFPI", "reportedCurrency": "USD", "cik": "0000912767", "fillingDate": "2017-03-01", "acceptedDate": "2017-03-01 14:55:26", "calendarYear": "2016", "period": "FY", "revenue": 3240493000, "costOfRevenue": 2765903000, "grossProfit": 474590000, "grossProfitRatio": 0.1464561102, "researchAndDevelopmentExpenses": 0, "generalAndAdministrativeExpenses": 0, "sellingAndMarketingExpenses": 0, "sellingGeneralAndAdministrativeExpenses": 310152000, "otherExpenses": -3767000, "operatingExpenses": 310152000, "costAndExpenses": 3076055000, "interestIncome": 541000, "interestExpense": 4575000, "depreciationAndAmortization": 43618000, "ebitda": 208056000, "ebitdaratio": 0.0642050453, "operatingIncome": 164438000, "operatingIncomeRatio": 0.0507447478, "totalOtherIncomeExpensesNet": -3767000, "incomeBeforeTax": 160671000, "incomeBeforeTaxRatio": 0.0495822704, "incomeTaxExpense": 55174000, "netIncome": 101179000, "netIncomeRatio": 0.0312233355, "eps": 1.66, "epsdiluted": 1.65, "weightedAverageShsOut": 61073843, "weightedAverageShsOutDil": 61196976, "link": "https://www.sec.gov/Archives/edgar/data/912767/000091276717000007/0000912767-17-000007-index.htm", "finalLink": "https://www.sec.gov/Archives/edgar/data/912767/000091276717000007/ufpi-20161231x10k.htm", "calculatedOtherExpenses": 0, "calculatedOperatingExpenses": 310152000, "calculatedNetInterest": -4034000, "calculatedOtherIncome": 267000, "calculatedIncomeNonControlling": 4318000, "calculatedEbitda": 208056000}, {"date": "2015-12-26", "symbol": "UFPI", "reportedCurrency": "USD", "cik": "0000912767", "fillingDate": "2016-02-24", "acceptedDate": "2016-02-24 15:42:17", "calendarYear": "2015", "period": "FY", "revenue": 2887071000, "costOfRevenue": 2487167000, "grossProfit": 399904000, "grossProfitRatio": 0.1385154712, "researchAndDevelopmentExpenses": 0, "generalAndAdministrativeExpenses": 0, "sellingAndMarketingExpenses": 0, "sellingGeneralAndAdministrativeExpenses": 264265000, "otherExpenses": -4465000, "operatingExpenses": 264265000, "costAndExpenses": 2751432000, "interestIncome": 294000, "interestExpense": 5133000, "depreciationAndAmortization": 41585000, "ebitda": 177052000, "ebitdaratio": 0.0613258212, "operatingIncome": 135467000, "operatingIncomeRatio": 0.0469219496, "totalOtherIncomeExpensesNet": -4465000, "incomeBeforeTax": 131002000, "incomeBeforeTaxRatio": 0.0453753995, "incomeTaxExpense": 45870000, "netIncome": 80595000, "netIncomeRatio": 0.0279158358, "eps": 1.33, "epsdiluted": 1.33, "weightedAverageShsOut": 59757061, "weightedAverageShsOutDil": 60597744, "link": "https://www.sec.gov/Archives/edgar/data/912767/000091276716000036/0000912767-16-000036-index.htm", "finalLink": "https://www.sec.gov/Archives/edgar/data/912767/000091276716000036/ufpi-20151226x10k.htm", "calculatedOtherExpenses": 172000, "calculatedOperatingExpenses": 264437000, "calculatedNetInterest": -4839000, "calculatedOtherIncome": 374000, "calculatedIncomeNonControlling": 4537000, "calculatedEbitda": 177052000}, {"date": "2014-12-27", "symbol": "UFPI", "reportedCurrency": "USD", "cik": "0000912767", "fillingDate": "2015-02-25", "acceptedDate": "2015-02-25 16:59:19", "calendarYear": "2014", "period": "FY", "revenue": 2660329000, "costOfRevenue": 2334987000, "grossProfit": 325342000, "grossProfitRatio": 0.1222938967, "researchAndDevelopmentExpenses": 0, "generalAndAdministrativeExpenses": 0, "sellingAndMarketingExpenses": 0, "sellingGeneralAndAdministrativeExpenses": 229775000, "otherExpenses": 1600000, "operatingExpenses": 231375000, "costAndExpenses": 2566362000, "interestIncome": 2235000, "interestExpense": 4267000, "depreciationAndAmortization": 29523000, "ebitda": 126890000, "ebitdaratio": 0.0476971081, "operatingIncome": 97367000, "operatingIncomeRatio": 0.0365996085, "totalOtherIncomeExpensesNet": -1654000, "incomeBeforeTax": 95713000, "incomeBeforeTaxRatio": 0.0359778809, "incomeTaxExpense": 34149000, "netIncome": 57551000, "netIncomeRatio": 0.0216330386, "eps": 0.96, "epsdiluted": 0.95, "weightedAverageShsOut": 60157840, "weightedAverageShsOutDil": 60368182, "link": "https://www.sec.gov/Archives/edgar/data/912767/000114036115008949/0001140361-15-008949-index.htm", "finalLink": "https://www.sec.gov/Archives/edgar/data/912767/000114036115008949/form10k.htm", "calculatedOtherExpenses": -1800000, "calculatedOperatingExpenses": 227975000, "calculatedNetInterest": -2032000, "calculatedOtherIncome": 378000, "calculatedIncomeNonControlling": 4013000, "calculatedEbitda": 126890000}, {"date": "2013-12-28", "symbol": "UFPI", "reportedCurrency": "USD", "cik": "0000912767", "fillingDate": "2014-02-26", "acceptedDate": "2014-02-26 14:30:17", "calendarYear": "2013", "period": "FY", "revenue": 2470448000, "costOfRevenue": 2189896000, "grossProfit": 280552000, "grossProfitRatio": 0.113563208, "researchAndDevelopmentExpenses": 0, "generalAndAdministrativeExpenses": 0, "sellingAndMarketingExpenses": 0, "sellingGeneralAndAdministrativeExpenses": 204390000, "otherExpenses": 1526000, "operatingExpenses": 205916000, "costAndExpenses": 2395812000, "interestIncome": 640000, "interestExpense": 4851000, "depreciationAndAmortization": 34300000, "ebitda": 108568000, "ebitdaratio": 0.043946685, "operatingIncome": 74268000, "operatingIncomeRatio": 0.0300625636, "totalOtherIncomeExpensesNet": -4010000, "incomeBeforeTax": 70258000, "incomeBeforeTaxRatio": 0.0284393762, "incomeTaxExpense": 24454000, "netIncome": 43082000, "netIncomeRatio": 0.0174389422, "eps": 0.72, "epsdiluted": 0.72, "weightedAverageShsOut": 59836111, "weightedAverageShsOutDil": 60114419, "link": "https://www.sec.gov/Archives/edgar/data/912767/000114036114009715/0001140361-14-009715-index.htm", "finalLink": "https://www.sec.gov/Archives/edgar/data/912767/000114036114009715/form10k.htm", "calculatedOtherExpenses": 1894000, "calculatedOperatingExpenses": 206284000, "calculatedNetInterest": -4211000, "calculatedOtherIncome": 201000, "calculatedIncomeNonControlling": 2722000, "calculatedEbitda": 108568000}, {"date": "2012-12-29", "symbol": "UFPI", "reportedCurrency": "USD", "cik": "0000912767", "fillingDate": "2013-02-26", "acceptedDate": "2013-02-26 14:38:06", "calendarYear": "2012", "period": "FY", "revenue": 2054933000, "costOfRevenue": 1829824000, "grossProfit": 225109000, "grossProfitRatio": 0.109545664, "researchAndDevelopmentExpenses": 0, "generalAndAdministrativeExpenses": 0, "sellingAndMarketingExpenses": 0, "sellingGeneralAndAdministrativeExpenses": 184919000, "otherExpenses": 2328000, "operatingExpenses": 187247000, "costAndExpenses": 2017071000, "interestIncome": 510000, "interestExpense": 4053000, "depreciationAndAmortization": 33379000, "ebitda": 64575000, "ebitdaratio": 0.0314243822, "operatingIncome": 31196000, "operatingIncomeRatio": 0.0151810302, "totalOtherIncomeExpensesNet": 9868000, "incomeBeforeTax": 41064000, "incomeBeforeTaxRatio": 0.0199831333, "incomeTaxExpense": 15054000, "netIncome": 23934000, "netIncomeRatio": 0.0116470951, "eps": 0.4, "epsdiluted": 0.4, "weightedAverageShsOut": 58881051, "weightedAverageShsOutDil": 59340496, "link": "https://www.sec.gov/Archives/edgar/data/912767/000114036113009280/0001140361-13-009280-index.htm", "finalLink": "https://www.sec.gov/Archives/edgar/data/912767/000114036113009280/form10k.htm", "calculatedOtherExpenses": 8994000, "calculatedOperatingExpenses": 193913000, "calculatedNetInterest": -3543000, "calculatedOtherIncome": 13411000, "calculatedIncomeNonControlling": 2076000, "calculatedEbitda": 64575000}, {"date": "2011-12-31", "symbol": "UFPI", "reportedCurrency": "USD", "cik": "0000912767", "fillingDate": "2012-03-14", "acceptedDate": "2012-03-14 11:41:30", "calendarYear": "2011", "period": "FY", "revenue": 1822336000, "costOfRevenue": 1622609000, "grossProfit": 199727000, "grossProfitRatio": 0.1095994372, "researchAndDevelopmentExpenses": 0, "generalAndAdministrativeExpenses": 0, "sellingAndMarketingExpenses": 0, "sellingGeneralAndAdministrativeExpenses": 181363000, "otherExpenses": 0, "operatingExpenses": 181363000, "costAndExpenses": 1803972000, "interestIncome": 566000, "interestExpense": 3166000, "depreciationAndAmortization": 35987000, "ebitda": 54351000, "ebitdaratio": 0.0298249061, "operatingIncome": 18364000, "operatingIncomeRatio": 0.0100771757, "totalOtherIncomeExpensesNet": -9519000, "incomeBeforeTax": 8845000, "incomeBeforeTaxRatio": 0.0048536604, "incomeTaxExpense": 2874000, "netIncome": 4549000, "netIncomeRatio": 0.0024962466, "eps": 0.0767, "epsdiluted": 0.0767, "weightedAverageShsOut": 58227000, "weightedAverageShsOutDil": 58605000, "link": "https://www.sec.gov/Archives/edgar/data/912767/000114036112015431/0001140361-12-015431-index.htm", "finalLink": "https://www.sec.gov/Archives/edgar/data/912767/000114036112015431/form10k.htm", "calculatedOtherExpenses": 0, "calculatedOperatingExpenses": 181363000, "calculatedNetInterest": -2600000, "calculatedOtherIncome": -6919000, "calculatedIncomeNonControlling": 1422000, "calculatedEbitda": 54351000}, {"date": "2010-12-25", "symbol": "UFPI", "reportedCurrency": "USD", "cik": "0000912767", "fillingDate": "2011-02-22", "acceptedDate": "2011-02-22 15:47:45", "calendarYear": "2010", "period": "FY", "revenue": 1890851000, "costOfRevenue": 1660896000, "grossProfit": 229955000, "grossProfitRatio": 0.1216145534, "researchAndDevelopmentExpenses": 0, "generalAndAdministrativeExpenses": 0, "sellingAndMarketingExpenses": 0, "sellingGeneralAndAdministrativeExpenses": 197617000, "otherExpenses": 0, "operatingExpenses": 197617000, "costAndExpenses": 1858513000, "interestIncome": 301000, "interestExpense": 3248000, "depreciationAndAmortization": 39397000, "ebitda": 69686000, "ebitdaratio": 0.0368543053, "operatingIncome": 30289000, "operatingIncomeRatio": 0.0160187133, "totalOtherIncomeExpensesNet": -3248000, "incomeBeforeTax": 27041000, "incomeBeforeTaxRatio": 0.0143009682, "incomeTaxExpense": 7200000, "netIncome": 17411000, "netIncomeRatio": 0.0092080233, "eps": 0.3, "epsdiluted": 0.3, "weightedAverageShsOut": 57696000, "weightedAverageShsOutDil": 58428000, "link": "https://www.sec.gov/Archives/edgar/data/912767/000095012311016476/0000950123-11-016476-index.htm", "finalLink": "https://www.sec.gov/Archives/edgar/data/912767/000095012311016476/c12957e10vk.htm", "calculatedOtherExpenses": 2049000, "calculatedOperatingExpenses": 199666000, "calculatedNetInterest": -2947000, "calculatedOtherIncome": -301000, "calculatedIncomeNonControlling": 2430000, "calculatedEbitda": 69686000}, {"date": "2009-12-26", "symbol": "UFPI", "reportedCurrency": "USD", "cik": "0000912767", "fillingDate": "2010-02-23", "acceptedDate": "2010-02-23 11:00:30", "calendarYear": "2009", "period": "FY", "revenue": 1673000000, "costOfRevenue": 1430249000, "grossProfit": 242751000, "grossProfitRatio": 0.145099223, "researchAndDevelopmentExpenses": 0, "generalAndAdministrativeExpenses": 0, "sellingAndMarketingExpenses": 0, "sellingGeneralAndAdministrativeExpenses": 200026000, "otherExpenses": -92000, "operatingExpenses": 199934000, "costAndExpenses": 1630183000, "interestIncome": 391000, "interestExpense": 4611000, "depreciationAndAmortization": 41616000, "ebitda": 84433000, "ebitdaratio": 0.0504680215, "operatingIncome": 42817000, "operatingIncomeRatio": 0.0255929468, "totalOtherIncomeExpensesNet": -4220000, "incomeBeforeTax": 38597000, "incomeBeforeTaxRatio": 0.023070532, "incomeTaxExpense": 13852000, "netIncome": 24272000, "netIncomeRatio": 0.0145080693, "eps": 0.42, "epsdiluted": 0.42, "weightedAverageShsOut": 57768000, "weightedAverageShsOutDil": 58404000, "link": "https://www.sec.gov/Archives/edgar/data/912767/000095012310015547/0000950123-10-015547-index.htm", "finalLink": "https://www.sec.gov/Archives/edgar/data/912767/000095012310015547/c96445e10vk.htm", "calculatedOtherExpenses": -92000, "calculatedOperatingExpenses": 199934000, "calculatedNetInterest": -4220000, "calculatedOtherIncome": 0, "calculatedIncomeNonControlling": 473000, "calculatedEbitda": 84433000}, {"date": "2008-12-27", "symbol": "UFPI", "reportedCurrency": "USD", "cik": "0000912767", "fillingDate": "2009-02-25", "acceptedDate": "2009-02-25 16:07:28", "calendarYear": "2008", "period": "FY", "revenue": 2232394000, "costOfRevenue": 1976925000, "grossProfit": 255469000, "grossProfitRatio": 0.1144372364, "researchAndDevelopmentExpenses": 0, "generalAndAdministrativeExpenses": 0, "sellingAndMarketingExpenses": 0, "sellingGeneralAndAdministrativeExpenses": 228557000, "otherExpenses": 8507000, "operatingExpenses": 237064000, "costAndExpenses": 2213989000, "interestIncome": 829000, "interestExpense": 12088000, "depreciationAndAmortization": 48196000, "ebitda": 66601000, "ebitdaratio": 0.0298338913, "operatingIncome": 18405000, "operatingIncomeRatio": 0.0082445124, "totalOtherIncomeExpensesNet": -11259000, "incomeBeforeTax": 7146000, "incomeBeforeTaxRatio": 0.0032010478, "incomeTaxExpense": 1686000, "netIncome": 4343000, "netIncomeRatio": 0.0019454451, "eps": 0.0767, "epsdiluted": 0.0767, "weightedAverageShsOut": 57222000, "weightedAverageShsOutDil": 57675000, "link": "https://www.sec.gov/Archives/edgar/data/912767/000136231009002752/0001362310-09-002752-index.htm", "finalLink": "https://www.sec.gov/Archives/edgar/data/912767/000136231009002752/c81465e10vk.htm", "calculatedOtherExpenses": 8507000, "calculatedOperatingExpenses": 237064000, "calculatedNetInterest": -11259000, "calculatedOtherIncome": 0, "calculatedIncomeNonControlling": 1117000, "calculatedEbitda": 66601000}, {"date": "2007-12-29", "symbol": "UFPI", "reportedCurrency": "USD", "cik": "0000912767", "fillingDate": "2008-02-26", "acceptedDate": "2008-02-26 13:09:11", "calendarYear": "2007", "period": "FY", "revenue": 2513178000, "costOfRevenue": 2204149000, "grossProfit": 309029000, "grossProfitRatio": 0.1229634351, "researchAndDevelopmentExpenses": 0, "generalAndAdministrativeExpenses": 0, "sellingAndMarketingExpenses": 0, "sellingGeneralAndAdministrativeExpenses": 255537000, "otherExpenses": 0, "operatingExpenses": 255537000, "costAndExpenses": 2459686000, "interestIncome": 0, "interestExpense": 17051000, "depreciationAndAmortization": 47581000, "ebitda": 101073000, "ebitdaratio": 0.0402172071, "operatingIncome": 53492000, "operatingIncomeRatio": 0.0212846046, "totalOtherIncomeExpensesNet": -14883000, "incomeBeforeTax": 38609000, "incomeBeforeTaxRatio": 0.0153626206, "incomeTaxExpense": 15396000, "netIncome": 21045000, "netIncomeRatio": 0.0083738597, "eps": 0.37, "epsdiluted": 0.36, "weightedAverageShsOut": 57168000, "weightedAverageShsOutDil": 58086000, "link": "https://www.sec.gov/Archives/edgar/data/912767/000136231008001125/0001362310-08-001125-index.htm", "finalLink": "https://www.sec.gov/Archives/edgar/data/912767/000136231008001125/c72506e10vk.htm", "calculatedOtherExpenses": 0, "calculatedOperatingExpenses": 255537000, "calculatedNetInterest": -17051000, "calculatedOtherIncome": 2168000, "calculatedIncomeNonControlling": 2168000, "calculatedEbitda": 101073000}, {"date": "2006-12-30", "symbol": "UFPI", "reportedCurrency": "USD", "cik": "0000912767", "fillingDate": "2007-02-27", "acceptedDate": "2007-02-27 08:58:36", "calendarYear": "2006", "period": "FY", "revenue": 2664572000, "costOfRevenue": 2282890000, "grossProfit": 381682000, "grossProfitRatio": 0.1432432676, "researchAndDevelopmentExpenses": 0, "generalAndAdministrativeExpenses": 0, "sellingAndMarketingExpenses": 0, "sellingGeneralAndAdministrativeExpenses": 258591000, "otherExpenses": 0, "operatingExpenses": 258591000, "costAndExpenses": 2541481000, "interestIncome": 0, "interestExpense": 13552000, "depreciationAndAmortization": 38868000, "ebitda": 161959000, "ebitdaratio": 0.0607823696, "operatingIncome": 123091000, "operatingIncomeRatio": 0.0461954115, "totalOtherIncomeExpensesNet": -10956000, "incomeBeforeTax": 112135000, "incomeBeforeTaxRatio": 0.0420836817, "incomeTaxExpense": 38760000, "netIncome": 70125000, "netIncomeRatio": 0.0263175474, "eps": 1.24, "epsdiluted": 1.21, "weightedAverageShsOut": 56460000, "weightedAverageShsOutDil": 58110000, "link": "https://www.sec.gov/Archives/edgar/data/912767/000095012407001136/0000950124-07-001136-index.htm", "finalLink": "https://www.sec.gov/Archives/edgar/data/912767/000095012407001136/k12395e10vk.htm", "calculatedOtherExpenses": 0, "calculatedOperatingExpenses": 258591000, "calculatedNetInterest": -13552000, "calculatedOtherIncome": 2596000, "calculatedIncomeNonControlling": 3250000, "calculatedEbitda": 161959000}, {"date": "2005-12-31", "symbol": "UFPI", "reportedCurrency": "USD", "cik": "0000912767", "fillingDate": "2006-03-08", "acceptedDate": "2006-03-08 17:03:21", "calendarYear": "2005", "period": "FY", "revenue": 2691522000, "costOfRevenue": 2332266000, "grossProfit": 359256000, "grossProfitRatio": 0.1334768952, "researchAndDevelopmentExpenses": 0, "generalAndAdministrativeExpenses": 0, "sellingAndMarketingExpenses": 0, "sellingGeneralAndAdministrativeExpenses": 235651000, "otherExpenses": 0, "operatingExpenses": 235651000, "costAndExpenses": 2567917000, "interestIncome": 0, "interestExpense": 13942000, "depreciationAndAmortization": 33556000, "ebitda": 157161000, "ebitdaratio": 0.0583911259, "operatingIncome": 123605000, "operatingIncomeRatio": 0.0459238305, "totalOtherIncomeExpensesNet": -12833000, "incomeBeforeTax": 110772000, "incomeBeforeTaxRatio": 0.0411558962, "incomeTaxExpense": 41050000, "netIncome": 67373000, "netIncomeRatio": 0.0250315621, "eps": 1.22, "epsdiluted": 1.18, "weightedAverageShsOut": 55122000, "weightedAverageShsOutDil": 57318000, "link": "https://www.sec.gov/Archives/edgar/data/912767/000095012406001052/0000950124-06-001052-index.htm", "finalLink": "https://www.sec.gov/Archives/edgar/data/912767/000095012406001052/k01277e10vk.htm", "calculatedOtherExpenses": 0, "calculatedOperatingExpenses": 235651000, "calculatedNetInterest": -13942000, "calculatedOtherIncome": 1109000, "calculatedIncomeNonControlling": 2349000, "calculatedEbitda": 157161000}, {"date": "2004-12-25", "symbol": "UFPI", "reportedCurrency": "USD", "cik": "0000912767", "fillingDate": "2005-03-10", "acceptedDate": "2005-03-10 09:06:58", "calendarYear": "2004", "period": "FY", "revenue": 2453281000, "costOfRevenue": 2157028000, "grossProfit": 296253000, "grossProfitRatio": 0.1207578749, "researchAndDevelopmentExpenses": 0, "generalAndAdministrativeExpenses": 0, "sellingAndMarketingExpenses": 0, "sellingGeneralAndAdministrativeExpenses": 201335000, "otherExpenses": -1391000, "operatingExpenses": 199944000, "costAndExpenses": 2356972000, "interestIncome": 0, "interestExpense": 13483000, "depreciationAndAmortization": 28075000, "ebitda": 124384000, "ebitdaratio": 0.0507010815, "operatingIncome": 96309000, "operatingIncomeRatio": 0.0392572233, "totalOtherIncomeExpensesNet": -16244000, "incomeBeforeTax": 80065000, "incomeBeforeTaxRatio": 0.0326358864, "incomeTaxExpense": 31462000, "netIncome": 48603000, "netIncomeRatio": 0.019811428, "eps": 0.9, "epsdiluted": 0.86, "weightedAverageShsOut": 54096000, "weightedAverageShsOutDil": 56313000, "link": "https://www.sec.gov/Archives/edgar/data/912767/000095012405001400/0000950124-05-001400-index.htm", "finalLink": "https://www.sec.gov/Archives/edgar/data/912767/000095012405001400/k92275e10vk.txt", "calculatedOtherExpenses": -1391000, "calculatedOperatingExpenses": 199944000, "calculatedNetInterest": -13483000, "calculatedOtherIncome": -2761000, "calculatedIncomeNonControlling": 0, "calculatedEbitda": 124384000}, {"date": "2003-12-27", "symbol": "UFPI", "reportedCurrency": "USD", "cik": "0000912767", "fillingDate": "2004-03-11", "acceptedDate": "2004-03-11 09:08:25", "calendarYear": "2003", "period": "FY", "revenue": 1898830000, "costOfRevenue": 1640844000, "grossProfit": 257986000, "grossProfitRatio": 0.13586577, "researchAndDevelopmentExpenses": 0, "generalAndAdministrativeExpenses": 0, "sellingAndMarketingExpenses": 0, "sellingGeneralAndAdministrativeExpenses": 177970000, "otherExpenses": 0, "operatingExpenses": 177970000, "costAndExpenses": 1818814000, "interestIncome": 0, "interestExpense": 15572000, "depreciationAndAmortization": 27547000, "ebitda": 107563000, "ebitdaratio": 0.0566469879, "operatingIncome": 80016000, "operatingIncomeRatio": 0.0421396334, "totalOtherIncomeExpensesNet": -15572000, "incomeBeforeTax": 64444000, "incomeBeforeTaxRatio": 0.0339387939, "incomeTaxExpense": 24325000, "netIncome": 40119000, "netIncomeRatio": 0.0211282737, "eps": 0.75, "epsdiluted": 0.73, "weightedAverageShsOut": 53283000, "weightedAverageShsOutDil": 55137000, "link": "https://www.sec.gov/Archives/edgar/data/912767/000095012404000832/0000950124-04-000832-index.htm", "finalLink": "https://www.sec.gov/Archives/edgar/data/912767/000095012404000832/k82534e10vk.txt", "calculatedOtherExpenses": 0, "calculatedOperatingExpenses": 177970000, "calculatedNetInterest": -15572000, "calculatedOtherIncome": 0, "calculatedIncomeNonControlling": 0, "calculatedEbitda": 107563000}, {"date": "2002-12-28", "symbol": "UFPI", "reportedCurrency": "USD", "cik": "0000912767", "fillingDate": "2003-03-14", "acceptedDate": "2003-03-14 14:01:40", "calendarYear": "2002", "period": "FY", "revenue": 1639899000, "costOfRevenue": 1409489000, "grossProfit": 230410000, "grossProfitRatio": 0.1405025553, "researchAndDevelopmentExpenses": 0, "generalAndAdministrativeExpenses": 0, "sellingAndMarketingExpenses": 0, "sellingGeneralAndAdministrativeExpenses": 158299000, "otherExpenses": 0, "operatingExpenses": 158299000, "costAndExpenses": 1567788000, "interestIncome": 0, "interestExpense": 11409000, "depreciationAndAmortization": 23557000, "ebitda": 95668000, "ebitdaratio": 0.0583377391, "operatingIncome": 72111000, "operatingIncomeRatio": 0.04397283, "totalOtherIncomeExpensesNet": -12491000, "incomeBeforeTax": 59620000, "incomeBeforeTaxRatio": 0.0363558975, "incomeTaxExpense": 22983000, "netIncome": 36637000, "netIncomeRatio": 0.02234101, "eps": 0.69, "epsdiluted": 0.66, "weightedAverageShsOut": 53940000, "weightedAverageShsOutDil": 55857000, "link": "https://www.sec.gov/Archives/edgar/data/912767/000095012403000648/0000950124-03-000648-index.htm", "finalLink": "https://www.sec.gov/Archives/edgar/data/912767/000095012403000648/k75259e10vk.txt", "calculatedOtherExpenses": 0, "calculatedOperatingExpenses": 158299000, "calculatedNetInterest": -11409000, "calculatedOtherIncome": -1082000, "calculatedIncomeNonControlling": 0, "calculatedEbitda": 95668000}, {"date": "2001-12-29", "symbol": "UFPI", "reportedCurrency": "USD", "cik": "0000912767", "fillingDate": "2002-03-27", "acceptedDate": "2002-03-27 00:00:00", "calendarYear": "2001", "period": "FY", "revenue": 1530353000, "costOfRevenue": 1318874000, "grossProfit": 211479000, "grossProfitRatio": 0.1381896856, "researchAndDevelopmentExpenses": 0, "generalAndAdministrativeExpenses": 0, "sellingAndMarketingExpenses": 0, "sellingGeneralAndAdministrativeExpenses": 145722000, "otherExpenses": 0, "operatingExpenses": 145722000, "costAndExpenses": 1464596000, "interestIncome": 0, "interestExpense": 12757000, "depreciationAndAmortization": 24230000, "ebitda": 89987000, "ebitdaratio": 0.0588014661, "operatingIncome": 65757000, "operatingIncomeRatio": 0.0429685177, "totalOtherIncomeExpensesNet": -13003000, "incomeBeforeTax": 52754000, "incomeBeforeTaxRatio": 0.0344717853, "incomeTaxExpense": 19612000, "netIncome": 33142000, "netIncomeRatio": 0.0216564414, "eps": 0.62, "epsdiluted": 0.54, "weightedAverageShsOut": 59307000, "weightedAverageShsOutDil": 61131000, "link": "https://www.sec.gov/Archives/edgar/data/912767/000095012402001020/0000950124-02-001020-index.htm", "finalLink": "https://www.sec.gov/Archives/edgar/data/912767/000095012402001020/k67715e10-k405.txt", "calculatedOtherExpenses": 0, "calculatedOperatingExpenses": 145722000, "calculatedNetInterest": -12757000, "calculatedOtherIncome": -246000, "calculatedIncomeNonControlling": 0, "calculatedEbitda": 89987000}, {"date": "2000-12-30", "symbol": "UFPI", "reportedCurrency": "USD", "cik": "0000912767", "fillingDate": "2001-03-28", "acceptedDate": "2001-03-28 00:00:00", "calendarYear": "2000", "period": "FY", "revenue": 1389443000, "costOfRevenue": 1180968000, "grossProfit": 208475000, "grossProfitRatio": 0.1500421392, "researchAndDevelopmentExpenses": 0, "generalAndAdministrativeExpenses": 0, "sellingAndMarketingExpenses": 0, "sellingGeneralAndAdministrativeExpenses": 124391000, "otherExpenses": 21462000, "operatingExpenses": 145853000, "costAndExpenses": 1326821000, "interestIncome": 0, "interestExpense": 12935000, "depreciationAndAmortization": 21431000, "ebitda": 84053000, "ebitdaratio": 0.0604940253, "operatingIncome": 62622000, "operatingIncomeRatio": 0.0450698589, "totalOtherIncomeExpensesNet": -12966000, "incomeBeforeTax": 49656000, "incomeBeforeTaxRatio": 0.0357380619, "incomeTaxExpense": 19218000, "netIncome": 30438000, "netIncomeRatio": 0.0219066201, "eps": 0.51, "epsdiluted": 0.5, "weightedAverageShsOut": 60402000, "weightedAverageShsOutDil": 61431000, "link": "https://www.sec.gov/Archives/edgar/data/912767/000095012401001684/0000950124-01-001684-index.htm", "finalLink": "https://www.sec.gov/Archives/edgar/data/912767/000095012401001684/k61005e10-k.txt", "calculatedOtherExpenses": 21462000, "calculatedOperatingExpenses": 145853000, "calculatedNetInterest": -12935000, "calculatedOtherIncome": -31000, "calculatedIncomeNonControlling": 0, "calculatedEbitda": 84053000}, {"date": "1999-12-25", "symbol": "UFPI", "reportedCurrency": "USD", "cik": "0000912767", "fillingDate": "2000-03-24", "acceptedDate": "2000-03-24 00:00:00", "calendarYear": "1999", "period": "FY", "revenue": 1435100000, "costOfRevenue": 1234400000, "grossProfit": 200700000, "grossProfitRatio": 0.1398508815, "researchAndDevelopmentExpenses": 0, "generalAndAdministrativeExpenses": 0, "sellingAndMarketingExpenses": 0, "sellingGeneralAndAdministrativeExpenses": 119700000, "otherExpenses": 18200000, "operatingExpenses": 137900000, "costAndExpenses": 1372300000, "interestIncome": 0, "interestExpense": 10800000, "depreciationAndAmortization": 17600000, "ebitda": 80400000, "ebitdaratio": 0.0560239705, "operatingIncome": 62800000, "operatingIncomeRatio": 0.0437600167, "totalOtherIncomeExpensesNet": -11400000, "incomeBeforeTax": 51400000, "incomeBeforeTaxRatio": 0.0358163194, "incomeTaxExpense": 20000000, "netIncome": 31400000, "netIncomeRatio": 0.0218800084, "eps": 0.51, "epsdiluted": 0.49, "weightedAverageShsOut": 61911000, "weightedAverageShsOutDil": 63558000, "link": "https://www.sec.gov/Archives/edgar/data/912767/000095012400001504/0000950124-00-001504-index.html", "finalLink": "https://www.sec.gov/Archives/edgar/data/912767/000095012400001504/", "calculatedOtherExpenses": 18200000, "calculatedOperatingExpenses": 137900000, "calculatedNetInterest": -10800000, "calculatedOtherIncome": -600000, "calculatedIncomeNonControlling": 0, "calculatedEbitda": 80400000}, {"date": "1998-12-26", "symbol": "UFPI", "reportedCurrency": "USD", "cik": "0000912767", "fillingDate": "1999-03-25", "acceptedDate": "1999-03-25 00:00:00", "calendarYear": "1998", "period": "FY", "revenue": 1238900000, "costOfRevenue": 1074600000, "grossProfit": 164300000, "grossProfitRatio": 0.1326176447, "researchAndDevelopmentExpenses": 0, "generalAndAdministrativeExpenses": 0, "sellingAndMarketingExpenses": 0, "sellingGeneralAndAdministrativeExpenses": 97100000, "otherExpenses": 15000000, "operatingExpenses": 112100000, "costAndExpenses": 1186700000, "interestIncome": 0, "interestExpense": 8800000, "depreciationAndAmortization": 14600000, "ebitda": 66800000, "ebitdaratio": 0.0539187989, "operatingIncome": 52200000, "operatingIncomeRatio": 0.0421341513, "totalOtherIncomeExpensesNet": -9200000, "incomeBeforeTax": 43000000, "incomeBeforeTaxRatio": 0.0347082089, "incomeTaxExpense": 16600000, "netIncome": 26400000, "netIncomeRatio": 0.0213092259, "eps": 0.44, "epsdiluted": 0.43, "weightedAverageShsOut": 59751000, "weightedAverageShsOutDil": 61839000, "link": "https://www.sec.gov/Archives/edgar/data/912767/000095012499002026/0000950124-99-002026-index.html", "finalLink": "https://www.sec.gov/Archives/edgar/data/912767/", "calculatedOtherExpenses": 15000000, "calculatedOperatingExpenses": 112100000, "calculatedNetInterest": -8800000, "calculatedOtherIncome": -400000, "calculatedIncomeNonControlling": 0, "calculatedEbitda": 66800000}, {"date": "1997-12-27", "symbol": "UFPI", "reportedCurrency": "USD", "cik": "0000912767", "fillingDate": "1998-03-27", "acceptedDate": "1998-03-27 00:00:00", "calendarYear": "1997", "period": "FY", "revenue": 1066300000, "costOfRevenue": 960800000, "grossProfit": 105500000, "grossProfitRatio": 0.0989402607, "researchAndDevelopmentExpenses": 0, "generalAndAdministrativeExpenses": 0, "sellingAndMarketingExpenses": 0, "sellingGeneralAndAdministrativeExpenses": 63500000, "otherExpenses": 10000000, "operatingExpenses": 73500000, "costAndExpenses": 1034300000, "interestIncome": 0, "interestExpense": 7700000, "depreciationAndAmortization": 11700000, "ebitda": 43700000, "ebitdaratio": 0.0409828379, "operatingIncome": 32000000, "operatingIncomeRatio": 0.030010316, "totalOtherIncomeExpensesNet": -6000000, "incomeBeforeTax": 26000000, "incomeBeforeTaxRatio": 0.0243833818, "incomeTaxExpense": 9000000, "netIncome": 17000000, "netIncomeRatio": 0.0159429804, "eps": 0.32, "epsdiluted": 0.31, "weightedAverageShsOut": 52577320, "weightedAverageShsOutDil": 54838710, "link": "https://www.sec.gov/Archives/edgar/data/912767/000095012498001660/0000950124-98-001660-index.html", "finalLink": "https://www.sec.gov/Archives/edgar/data/912767/", "calculatedOtherExpenses": 10000000, "calculatedOperatingExpenses": 73500000, "calculatedNetInterest": -7700000, "calculatedOtherIncome": 1700000, "calculatedIncomeNonControlling": 0, "calculatedEbitda": 43700000}, {"date": "1996-12-28", "symbol": "UFPI", "reportedCurrency": "USD", "cik": "0000912767", "fillingDate": "1997-03-27", "acceptedDate": "1997-03-27 00:00:00", "calendarYear": "1996", "period": "FY", "revenue": 867700000, "costOfRevenue": 771700000, "grossProfit": 96000000, "grossProfitRatio": 0.110637317, "researchAndDevelopmentExpenses": 0, "generalAndAdministrativeExpenses": 0, "sellingAndMarketingExpenses": 0, "sellingGeneralAndAdministrativeExpenses": 55200000, "otherExpenses": 8300000, "operatingExpenses": 63500000, "costAndExpenses": 835200000, "interestIncome": 0, "interestExpense": 2400000, "depreciationAndAmortization": 8000000, "ebitda": 40500000, "ebitdaratio": 0.0466751181, "operatingIncome": 32500000, "operatingIncomeRatio": 0.0374553417, "totalOtherIncomeExpensesNet": -2700000, "incomeBeforeTax": 29800000, "incomeBeforeTaxRatio": 0.0343436672, "incomeTaxExpense": 12000000, "netIncome": 17800000, "netIncomeRatio": 0.0205140025, "eps": 0.34, "epsdiluted": 0.33, "weightedAverageShsOut": 52352941, "weightedAverageShsOutDil": 54489796, "link": "https://www.sec.gov/Archives/edgar/data/912767/000095012497001851/0000950124-97-001851-index.html", "finalLink": "https://www.sec.gov/Archives/edgar/data/912767/", "calculatedOtherExpenses": 8300000, "calculatedOperatingExpenses": 63500000, "calculatedNetInterest": -2400000, "calculatedOtherIncome": -300000, "calculatedIncomeNonControlling": 0, "calculatedEbitda": 40500000}, {"date": "1995-12-31", "symbol": "UFPI", "reportedCurrency": "USD", "cik": "0000912767", "fillingDate": "1995-12-31", "acceptedDate": "1995-12-31 00:00:00", "calendarYear": "1995", "period": "FY", "revenue": 739300000, "costOfRevenue": 657900000, "grossProfit": 81400000, "grossProfitRatio": 0.1101041526, "researchAndDevelopmentExpenses": 0, "generalAndAdministrativeExpenses": 0, "sellingAndMarketingExpenses": 0, "sellingGeneralAndAdministrativeExpenses": 47500000, "otherExpenses": 7600000, "operatingExpenses": 55100000, "costAndExpenses": 713000000, "interestIncome": 0, "interestExpense": 1600000, "depreciationAndAmortization": 6600000, "ebitda": 32900000, "ebitdaratio": 0.0445015555, "operatingIncome": 26300000, "operatingIncomeRatio": 0.0355741918, "totalOtherIncomeExpensesNet": -2600000, "incomeBeforeTax": 23700000, "incomeBeforeTaxRatio": 0.0320573515, "incomeTaxExpense": 9600000, "netIncome": 14100000, "netIncomeRatio": 0.0190720952, "eps": 0.28, "epsdiluted": 0.27, "weightedAverageShsOut": 52048193, "weightedAverageShsOutDil": 54000000, "link": null, "finalLink": null, "calculatedOtherExpenses": 7600000, "calculatedOperatingExpenses": 55100000, "calculatedNetInterest": -1600000, "calculatedOtherIncome": -1000000, "calculatedIncomeNonControlling": 0, "calculatedEbitda": 32900000}, {"date": "1994-12-31", "symbol": "UFPI", "reportedCurrency": "USD", "cik": "0000912767", "fillingDate": "1994-12-31", "acceptedDate": "1994-12-31 00:00:00", "calendarYear": "1994", "period": "FY", "revenue": 866000000, "costOfRevenue": 770900000, "grossProfit": 95100000, "grossProfitRatio": 0.1098152425, "researchAndDevelopmentExpenses": 0, "generalAndAdministrativeExpenses": 0, "sellingAndMarketingExpenses": 0, "sellingGeneralAndAdministrativeExpenses": 66800000, "otherExpenses": 5700000, "operatingExpenses": 72500000, "costAndExpenses": 843400000, "interestIncome": 0, "interestExpense": 2800000, "depreciationAndAmortization": 4100000, "ebitda": 26700000, "ebitdaratio": 0.0308314088, "operatingIncome": 22600000, "operatingIncomeRatio": 0.0260969977, "totalOtherIncomeExpensesNet": -4400000, "incomeBeforeTax": 18200000, "incomeBeforeTaxRatio": 0.0210161663, "incomeTaxExpense": 7500000, "netIncome": 10700000, "netIncomeRatio": 0.0123556582, "eps": 0.21, "epsdiluted": 0.21, "weightedAverageShsOut": 50156250, "weightedAverageShsOutDil": 50156250, "link": null, "finalLink": null, "calculatedOtherExpenses": 5700000, "calculatedOperatingExpenses": 72500000, "calculatedNetInterest": -2800000, "calculatedOtherIncome": -1600000, "calculatedIncomeNonControlling": 0, "calculatedEbitda": 26700000}, {"date": "1993-12-31", "symbol": "UFPI", "reportedCurrency": "USD", "cik": "0000912767", "fillingDate": "1993-12-31", "acceptedDate": "1993-12-31 00:00:00", "calendarYear": "1993", "period": "FY", "revenue": 644200000, "costOfRevenue": 565200000, "grossProfit": 79000000, "grossProfitRatio": 0.1226327228, "researchAndDevelopmentExpenses": 0, "generalAndAdministrativeExpenses": 0, "sellingAndMarketingExpenses": 0, "sellingGeneralAndAdministrativeExpenses": 54100000, "otherExpenses": 4700000, "operatingExpenses": 58800000, "costAndExpenses": 624000000, "interestIncome": 0, "interestExpense": 2100000, "depreciationAndAmortization": 4000000, "ebitda": 24200000, "ebitdaratio": 0.0375659733, "operatingIncome": 20200000, "operatingIncomeRatio": 0.0313567215, "totalOtherIncomeExpensesNet": -3200000, "incomeBeforeTax": 17000000, "incomeBeforeTaxRatio": 0.0263893201, "incomeTaxExpense": 7000000, "netIncome": 10400000, "netIncomeRatio": 0.0161440546, "eps": 0.23, "epsdiluted": 0.23, "weightedAverageShsOut": 44571429, "weightedAverageShsOutDil": 44571429, "link": null, "finalLink": null, "calculatedOtherExpenses": 4700000, "calculatedOperatingExpenses": 58800000, "calculatedNetInterest": -2100000, "calculatedOtherIncome": -1100000, "calculatedIncomeNonControlling": -400000, "calculatedEbitda": 24200000}]}