{"originalCurrency": "USD", "convertedCurrency": "USD", "report": [{"date": "2023-09-30", "symbol": "UGIC", "reportedCurrency": "USD", "cik": "0000884614", "fillingDate": "2023-11-29", "acceptedDate": "2023-11-28 21:46:31", "calendarYear": "2023", "period": "FY", "revenue": 8928000000, "costOfRevenue": 6937000000, "grossProfit": 1991000000, "grossProfitRatio": 0.2230062724, "researchAndDevelopmentExpenses": 0, "generalAndAdministrativeExpenses": 2158000000, "sellingAndMarketingExpenses": 0, "sellingGeneralAndAdministrativeExpenses": 2158000000, "otherExpenses": 9000000, "operatingExpenses": 2649000000, "costAndExpenses": 9586000000, "interestIncome": 6000000, "interestExpense": 379000000, "depreciationAndAmortization": 532000000, "ebitda": -92000000, "ebitdaratio": -0.0103046595, "operatingIncome": -1444000000, "operatingIncomeRatio": -0.1617383513, "totalOtherIncomeExpensesNet": -823000000, "incomeBeforeTax": -1837000000, "incomeBeforeTaxRatio": -0.2057571685, "incomeTaxExpense": -335000000, "netIncome": -1502000000, "netIncomeRatio": -0.168234767, "eps": -7.16, "epsdiluted": -7.16, "weightedAverageShsOut": 209806000, "weightedAverageShsOutDil": 209806000, "link": "https://www.sec.gov/Archives/edgar/data/884614/000088461423000104/0000884614-23-000104-index.htm", "finalLink": "https://www.sec.gov/Archives/edgar/data/884614/000088461423000104/ugi-20230930.htm", "calculatedOtherExpenses": 1277000000, "calculatedOperatingExpenses": 3435000000, "calculatedNetInterest": -373000000, "calculatedOtherIncome": -20000000, "calculatedIncomeNonControlling": 0, "calculatedEbitda": -912000000}, {"date": "2022-09-30", "symbol": "UGIC", "reportedCurrency": "USD", "cik": "0000884614", "fillingDate": "2022-11-21", "acceptedDate": "2022-11-21 16:57:20", "calendarYear": "2022", "period": "FY", "revenue": 10106000000, "costOfRevenue": 5973000000, "grossProfit": 4133000000, "grossProfitRatio": 0.4089649713, "researchAndDevelopmentExpenses": 0, "generalAndAdministrativeExpenses": 2028000000, "sellingAndMarketingExpenses": 0, "sellingGeneralAndAdministrativeExpenses": 2028000000, "otherExpenses": 5000000, "operatingExpenses": 2514000000, "costAndExpenses": 8487000000, "interestIncome": 1000000, "interestExpense": 329000000, "depreciationAndAmortization": 518000000, "ebitda": 2147000000, "ebitdaratio": 0.2124480507, "operatingIncome": 1666000000, "operatingIncomeRatio": 0.1648525628, "totalOtherIncomeExpensesNet": 78000000, "incomeBeforeTax": 1387000000, "incomeBeforeTaxRatio": 0.1372452009, "incomeTaxExpense": 313000000, "netIncome": 1073000000, "netIncomeRatio": 0.1061745498, "eps": 5.11, "epsdiluted": 4.97, "weightedAverageShsOut": 209940000, "weightedAverageShsOutDil": 215821000, "link": "https://www.sec.gov/Archives/edgar/data/884614/000088461422000061/0000884614-22-000061-index.htm", "finalLink": "https://www.sec.gov/Archives/edgar/data/884614/000088461422000061/ugi-20220930.htm", "calculatedOtherExpenses": 439000000, "calculatedOperatingExpenses": 2467000000, "calculatedNetInterest": -328000000, "calculatedOtherIncome": 49000000, "calculatedIncomeNonControlling": 1000000, "calculatedEbitda": 2184000000}, {"date": "2021-09-30", "symbol": "UGIC", "reportedCurrency": "USD", "cik": "0000884614", "fillingDate": "2021-11-19", "acceptedDate": "2021-11-19 17:03:38", "calendarYear": "2021", "period": "FY", "revenue": 7447000000, "costOfRevenue": 2614000000, "grossProfit": 4833000000, "grossProfitRatio": 0.6489861689, "researchAndDevelopmentExpenses": 0, "generalAndAdministrativeExpenses": 2014000000, "sellingAndMarketingExpenses": 0, "sellingGeneralAndAdministrativeExpenses": 2014000000, "otherExpenses": 1000000, "operatingExpenses": 2516000000, "costAndExpenses": 5130000000, "interestIncome": 17000000, "interestExpense": 310000000, "depreciationAndAmortization": 502000000, "ebitda": 2774000000, "ebitdaratio": 0.3724989929, "operatingIncome": 2350000000, "operatingIncomeRatio": 0.3155633141, "totalOtherIncomeExpensesNet": -35000000, "incomeBeforeTax": 1989000000, "incomeBeforeTaxRatio": 0.2670874178, "incomeTaxExpense": 522000000, "netIncome": 1467000000, "netIncomeRatio": 0.1969920773, "eps": 7.02, "epsdiluted": 6.92, "weightedAverageShsOut": 209063000, "weightedAverageShsOutDil": 212126000, "link": "https://www.sec.gov/Archives/edgar/data/884614/000088461421000065/0000884614-21-000065-index.htm", "finalLink": "https://www.sec.gov/Archives/edgar/data/884614/000088461421000065/ugi-20210930.htm", "calculatedOtherExpenses": 469000000, "calculatedOperatingExpenses": 2483000000, "calculatedNetInterest": -293000000, "calculatedOtherIncome": -68000000, "calculatedIncomeNonControlling": 0, "calculatedEbitda": 2852000000}, {"date": "2020-09-30", "symbol": "UGIC", "reportedCurrency": "USD", "cik": "0000884614", "fillingDate": "2020-11-20", "acceptedDate": "2020-11-20 17:06:33", "calendarYear": "2020", "period": "FY", "revenue": 6559000000, "costOfRevenue": 3149000000, "grossProfit": 3410000000, "grossProfitRatio": 0.5198963257, "researchAndDevelopmentExpenses": 0, "generalAndAdministrativeExpenses": 1911000000, "sellingAndMarketingExpenses": 0, "sellingGeneralAndAdministrativeExpenses": 1911000000, "otherExpenses": 0, "operatingExpenses": 2390000000, "costAndExpenses": 5539000000, "interestIncome": 2000000, "interestExpense": 322000000, "depreciationAndAmortization": 484000000, "ebitda": 1542000000, "ebitdaratio": 0.2350968135, "operatingIncome": 982000000, "operatingIncomeRatio": 0.1497179448, "totalOtherIncomeExpensesNet": -42000000, "incomeBeforeTax": 667000000, "incomeBeforeTaxRatio": 0.1016923311, "incomeTaxExpense": 135000000, "netIncome": 532000000, "netIncomeRatio": 0.0811099253, "eps": 2.55, "epsdiluted": 2.53, "weightedAverageShsOut": 208928000, "weightedAverageShsOutDil": 209869000, "link": "https://www.sec.gov/Archives/edgar/data/884614/000088461420000052/0000884614-20-000052-index.htm", "finalLink": "https://www.sec.gov/Archives/edgar/data/884614/000088461420000052/ugi-20200930.htm", "calculatedOtherExpenses": 517000000, "calculatedOperatingExpenses": 2428000000, "calculatedNetInterest": -320000000, "calculatedOtherIncome": 5000000, "calculatedIncomeNonControlling": 0, "calculatedEbitda": 1466000000}, {"date": "2019-09-30", "symbol": "UGIC", "reportedCurrency": "USD", "cik": "0000884614", "fillingDate": "2019-11-26", "acceptedDate": "2019-11-26 16:22:43", "calendarYear": "2019", "period": "FY", "revenue": 7320000000, "costOfRevenue": 4323000000, "grossProfit": 2997000000, "grossProfitRatio": 0.4094262295, "researchAndDevelopmentExpenses": 0, "generalAndAdministrativeExpenses": 1963000000, "sellingAndMarketingExpenses": 0, "sellingGeneralAndAdministrativeExpenses": 1963000000, "otherExpenses": 1000000, "operatingExpenses": 2406000000, "costAndExpenses": 6729000000, "interestIncome": 6000000, "interestExpense": 258000000, "depreciationAndAmortization": 448000000, "ebitda": 1072000000, "ebitdaratio": 0.1464480874, "operatingIncome": 617000000, "operatingIncomeRatio": 0.0842896175, "totalOtherIncomeExpensesNet": 45000000, "incomeBeforeTax": 401000000, "incomeBeforeTaxRatio": 0.0547814208, "incomeTaxExpense": 93000000, "netIncome": 256000000, "netIncomeRatio": 0.0349726776, "eps": 1.44, "epsdiluted": 1.41, "weightedAverageShsOut": 178417000, "weightedAverageShsOutDil": 181111000, "link": "https://www.sec.gov/Archives/edgar/data/884614/000088461419000059/0000884614-19-000059-index.htm", "finalLink": "https://www.sec.gov/Archives/edgar/data/884614/000088461419000059/ugi-9302019x10k.htm", "calculatedOtherExpenses": 417000000, "calculatedOperatingExpenses": 2380000000, "calculatedNetInterest": -252000000, "calculatedOtherIncome": 36000000, "calculatedIncomeNonControlling": 52000000, "calculatedEbitda": 1065000000}, {"date": "2018-09-30", "symbol": "UGIC", "reportedCurrency": "USD", "cik": "0000884614", "fillingDate": "2018-11-20", "acceptedDate": "2018-11-20 17:17:24", "calendarYear": "2018", "period": "FY", "revenue": 7651000000, "costOfRevenue": 4075000000, "grossProfit": 3576000000, "grossProfitRatio": 0.4673898837, "researchAndDevelopmentExpenses": 0, "generalAndAdministrativeExpenses": 2013000000, "sellingAndMarketingExpenses": 0, "sellingGeneralAndAdministrativeExpenses": 2013000000, "otherExpenses": 15600000, "operatingExpenses": 2460000000, "costAndExpenses": 6535000000, "interestIncome": 3000000, "interestExpense": 230000000, "depreciationAndAmortization": 455000000, "ebitda": 1594000000, "ebitdaratio": 0.2083387792, "operatingIncome": 1065000000, "operatingIncomeRatio": 0.1391974905, "totalOtherIncomeExpensesNet": -50000000, "incomeBeforeTax": 855000000, "incomeBeforeTaxRatio": 0.111750098, "incomeTaxExpense": 33000000, "netIncome": 719000000, "netIncomeRatio": 0.0939746438, "eps": 4.13, "epsdiluted": 4.06, "weightedAverageShsOut": 173908000, "weightedAverageShsOutDil": 176905000, "link": "https://www.sec.gov/Archives/edgar/data/884614/000088461418000033/0000884614-18-000033-index.htm", "finalLink": "https://www.sec.gov/Archives/edgar/data/884614/000088461418000033/ugi-9302018x10k.htm", "calculatedOtherExpenses": 498000000, "calculatedOperatingExpenses": 2511000000, "calculatedNetInterest": -227000000, "calculatedOtherIncome": 17000000, "calculatedIncomeNonControlling": 103000000, "calculatedEbitda": 1520000000}, {"date": "2017-09-30", "symbol": "UGIC", "reportedCurrency": "USD", "cik": "0000884614", "fillingDate": "2017-11-21", "acceptedDate": "2017-11-21 17:04:42", "calendarYear": "2017", "period": "FY", "revenue": 6120700000, "costOfRevenue": 2837300000, "grossProfit": 3283400000, "grossProfitRatio": 0.5364419102, "researchAndDevelopmentExpenses": 0, "generalAndAdministrativeExpenses": 1867600000, "sellingAndMarketingExpenses": 0, "sellingGeneralAndAdministrativeExpenses": 1867600000, "otherExpenses": -29700000, "operatingExpenses": 2272000000, "costAndExpenses": 5109300000, "interestIncome": 1700000, "interestExpense": 223500000, "depreciationAndAmortization": 416300000, "ebitda": 1415800000, "ebitdaratio": 0.2313134119, "operatingIncome": 1010000000, "operatingIncomeRatio": 0.1650138056, "totalOtherIncomeExpensesNet": -100000000, "incomeBeforeTax": 701400000, "incomeBeforeTaxRatio": 0.1145947359, "incomeTaxExpense": 177600000, "netIncome": 436600000, "netIncomeRatio": 0.0713317104, "eps": 2.51, "epsdiluted": 2.46, "weightedAverageShsOut": 173662000, "weightedAverageShsOutDil": 177159000, "link": "https://www.sec.gov/Archives/edgar/data/884614/000088461417000029/0000884614-17-000029-index.htm", "finalLink": "https://www.sec.gov/Archives/edgar/data/884614/000088461417000029/ugi-9302017x10k.htm", "calculatedOtherExpenses": 405800000, "calculatedOperatingExpenses": 2273400000, "calculatedNetInterest": -221800000, "calculatedOtherIncome": -86800000, "calculatedIncomeNonControlling": 87200000, "calculatedEbitda": 1426300000}, {"date": "2016-09-30", "symbol": "UGIC", "reportedCurrency": "USD", "cik": "0000884614", "fillingDate": "2016-11-22", "acceptedDate": "2016-11-22 16:59:20", "calendarYear": "2016", "period": "FY", "revenue": 5685700000, "costOfRevenue": 2437500000, "grossProfit": 3248200000, "grossProfitRatio": 0.5712928927, "researchAndDevelopmentExpenses": 0, "generalAndAdministrativeExpenses": 1881700000, "sellingAndMarketingExpenses": 0, "sellingGeneralAndAdministrativeExpenses": 1881700000, "otherExpenses": -15800000, "operatingExpenses": 2278900000, "costAndExpenses": 4716400000, "interestIncome": 200000, "interestExpense": 228900000, "depreciationAndAmortization": 400900000, "ebitda": 1385400000, "ebitdaratio": 0.2436639288, "operatingIncome": 988000000, "operatingIncomeRatio": 0.1737692808, "totalOtherIncomeExpensesNet": -45800000, "incomeBeforeTax": 710000000, "incomeBeforeTaxRatio": 0.1248746856, "incomeTaxExpense": 221200000, "netIncome": 364700000, "netIncomeRatio": 0.0641433772, "eps": 2.11, "epsdiluted": 2.08, "weightedAverageShsOut": 173154000, "weightedAverageShsOutDil": 175572000, "link": "https://www.sec.gov/Archives/edgar/data/884614/000088461416000067/0000884614-16-000067-index.htm", "finalLink": "https://www.sec.gov/Archives/edgar/data/884614/000088461416000067/ugi-9302016x10k.htm", "calculatedOtherExpenses": 378500000, "calculatedOperatingExpenses": 2260200000, "calculatedNetInterest": -228700000, "calculatedOtherIncome": -49300000, "calculatedIncomeNonControlling": 124100000, "calculatedEbitda": 1388900000}, {"date": "2015-09-30", "symbol": "UGIC", "reportedCurrency": "USD", "cik": "0000884614", "fillingDate": "2015-11-30", "acceptedDate": "2015-11-30 15:33:28", "calendarYear": "2015", "period": "FY", "revenue": 6691100000, "costOfRevenue": 3736500000, "grossProfit": 2954600000, "grossProfitRatio": 0.4415716399, "researchAndDevelopmentExpenses": 0, "generalAndAdministrativeExpenses": 1773900000, "sellingAndMarketingExpenses": 0, "sellingGeneralAndAdministrativeExpenses": 1773900000, "otherExpenses": 0, "operatingExpenses": 2144300000, "costAndExpenses": 5880800000, "interestIncome": 800000, "interestExpense": 241900000, "depreciationAndAmortization": 374100000, "ebitda": 1196700000, "ebitdaratio": 0.1788495165, "operatingIncome": 834900000, "operatingIncomeRatio": 0.1247776898, "totalOtherIncomeExpensesNet": 9900000, "incomeBeforeTax": 591800000, "incomeBeforeTaxRatio": 0.088445846, "incomeTaxExpense": 177800000, "netIncome": 281000000, "netIncomeRatio": 0.0419960844, "eps": 1.62, "epsdiluted": 1.6, "weightedAverageShsOut": 173115000, "weightedAverageShsOutDil": 175667000, "link": "https://www.sec.gov/Archives/edgar/data/884614/000088461415000034/0000884614-15-000034-index.htm", "finalLink": "https://www.sec.gov/Archives/edgar/data/884614/000088461415000034/ugi-9302015x10k.htm", "calculatedOtherExpenses": 345800000, "calculatedOperatingExpenses": 2119700000, "calculatedNetInterest": -241100000, "calculatedOtherIncome": -2000000, "calculatedIncomeNonControlling": 133000000, "calculatedEbitda": 1209000000}, {"date": "2014-09-30", "symbol": "UGIC", "reportedCurrency": "USD", "cik": "0000884614", "fillingDate": "2014-11-28", "acceptedDate": "2014-11-28 17:07:56", "calendarYear": "2014", "period": "FY", "revenue": 8277300000, "costOfRevenue": 5175700000, "grossProfit": 3101600000, "grossProfitRatio": 0.3747115605, "researchAndDevelopmentExpenses": 0, "generalAndAdministrativeExpenses": 1752600000, "sellingAndMarketingExpenses": 0, "sellingGeneralAndAdministrativeExpenses": 1752600000, "otherExpenses": 0, "operatingExpenses": 2122500000, "costAndExpenses": 7298200000, "interestIncome": 3600000, "interestExpense": 237700000, "depreciationAndAmortization": 362900000, "ebitda": 1363000000, "ebitdaratio": 0.1646672224, "operatingIncome": 1005600000, "operatingIncomeRatio": 0.1214888913, "totalOtherIncomeExpensesNet": 5300000, "incomeBeforeTax": 767800000, "incomeBeforeTaxRatio": 0.0927597163, "incomeTaxExpense": 235200000, "netIncome": 337200000, "netIncomeRatio": 0.0407379218, "eps": 1.95, "epsdiluted": 1.92, "weightedAverageShsOut": 172733000, "weightedAverageShsOutDil": 175231000, "link": "https://www.sec.gov/Archives/edgar/data/884614/000088461414000028/0000884614-14-000028-index.htm", "finalLink": "https://www.sec.gov/Archives/edgar/data/884614/000088461414000028/ugi-9302014x10k.htm", "calculatedOtherExpenses": 343400000, "calculatedOperatingExpenses": 2096000000, "calculatedNetInterest": -234100000, "calculatedOtherIncome": -3700000, "calculatedIncomeNonControlling": 195400000, "calculatedEbitda": 1368500000}, {"date": "2013-09-30", "symbol": "UGIC", "reportedCurrency": "USD", "cik": "0000884614", "fillingDate": "2013-12-16", "acceptedDate": "2013-12-16 13:42:58", "calendarYear": "2013", "period": "FY", "revenue": 7194700000, "costOfRevenue": 4324400000, "grossProfit": 2870300000, "grossProfitRatio": 0.3989464467, "researchAndDevelopmentExpenses": 0, "generalAndAdministrativeExpenses": 1692000000, "sellingAndMarketingExpenses": 0, "sellingGeneralAndAdministrativeExpenses": 1692000000, "otherExpenses": 0, "operatingExpenses": 2057900000, "costAndExpenses": 6382300000, "interestIncome": 2200000, "interestExpense": 240300000, "depreciationAndAmortization": 363100000, "ebitda": 1198700000, "ebitdaratio": 0.1666087537, "operatingIncome": 831100000, "operatingIncomeRatio": 0.1155155879, "totalOtherIncomeExpensesNet": -5300000, "incomeBeforeTax": 590400000, "incomeBeforeTaxRatio": 0.0820604056, "incomeTaxExpense": 162800000, "netIncome": 278100000, "netIncomeRatio": 0.0386534532, "eps": 1.63, "epsdiluted": 1.6, "weightedAverageShsOut": 170885000, "weightedAverageShsOutDil": 173282000, "link": "https://www.sec.gov/Archives/edgar/data/884614/000088461413000028/0000884614-13-000028-index.htm", "finalLink": "https://www.sec.gov/Archives/edgar/data/884614/000088461413000028/ugi-9302013x10k.htm", "calculatedOtherExpenses": 347200000, "calculatedOperatingExpenses": 2039200000, "calculatedNetInterest": -238100000, "calculatedOtherIncome": -2600000, "calculatedIncomeNonControlling": 149500000, "calculatedEbitda": 1194200000}, {"date": "2012-09-30", "symbol": "UGIC", "reportedCurrency": "USD", "cik": "0000884614", "fillingDate": "2012-11-21", "acceptedDate": "2012-11-20 17:54:34", "calendarYear": "2012", "period": "FY", "revenue": 6521300000, "costOfRevenue": 4099100000, "grossProfit": 2422200000, "grossProfitRatio": 0.3714290096, "researchAndDevelopmentExpenses": 0, "generalAndAdministrativeExpenses": 1591100000, "sellingAndMarketingExpenses": 0, "sellingGeneralAndAdministrativeExpenses": 1591100000, "otherExpenses": 0, "operatingExpenses": 1906700000, "costAndExpenses": 6005800000, "interestIncome": 2400000, "interestExpense": 220400000, "depreciationAndAmortization": 315000000, "ebitda": 851400000, "ebitdaratio": 0.1305567908, "operatingIncome": 538600000, "operatingIncomeRatio": 0.0825908945, "totalOtherIncomeExpensesNet": -11700000, "incomeBeforeTax": 304600000, "incomeBeforeTaxRatio": 0.0467084784, "incomeTaxExpense": 106900000, "netIncome": 210200000, "netIncomeRatio": 0.032232837, "eps": 1.24, "epsdiluted": 1.24, "weightedAverageShsOut": 168872000, "weightedAverageShsOutDil": 170148000, "link": "https://www.sec.gov/Archives/edgar/data/884614/000088461412000008/0000884614-12-000008-index.htm", "finalLink": "https://www.sec.gov/Archives/edgar/data/884614/000088461412000008/ugi-9302012x10k.htm", "calculatedOtherExpenses": 292500000, "calculatedOperatingExpenses": 1883600000, "calculatedNetInterest": -218000000, "calculatedOtherIncome": -16000000, "calculatedIncomeNonControlling": -12500000, "calculatedEbitda": 853600000}, {"date": "2011-09-30", "symbol": "UGIC", "reportedCurrency": "USD", "cik": "0000884614", "fillingDate": "2011-11-21", "acceptedDate": "2011-11-21 17:09:55", "calendarYear": "2011", "period": "FY", "revenue": 6090900000, "costOfRevenue": 3982700000, "grossProfit": 2108200000, "grossProfitRatio": 0.3461229047, "researchAndDevelopmentExpenses": 0, "generalAndAdministrativeExpenses": 1267000000, "sellingAndMarketingExpenses": 0, "sellingGeneralAndAdministrativeExpenses": 1267000000, "otherExpenses": 0, "operatingExpenses": 1486500000, "costAndExpenses": 5469200000, "interestIncome": 2300000, "interestExpense": 138000000, "depreciationAndAmortization": 227700000, "ebitda": 865900000, "ebitdaratio": 0.1421628988, "operatingIncome": 642400000, "operatingIncomeRatio": 0.1054688141, "totalOtherIncomeExpensesNet": -35700000, "incomeBeforeTax": 465400000, "incomeBeforeTaxRatio": 0.0764090693, "incomeTaxExpense": 145400000, "netIncome": 245400000, "netIncomeRatio": 0.0402896124, "eps": 1.47, "epsdiluted": 1.45, "weightedAverageShsOut": 167511000, "weightedAverageShsOutDil": 169416000, "link": "https://www.sec.gov/Archives/edgar/data/884614/000095012311099809/0000950123-11-099809-index.htm", "finalLink": "https://www.sec.gov/Archives/edgar/data/884614/000095012311099809/c22189e10vk.htm", "calculatedOtherExpenses": 198800000, "calculatedOperatingExpenses": 1465800000, "calculatedNetInterest": -135700000, "calculatedOtherIncome": -41300000, "calculatedIncomeNonControlling": 74600000, "calculatedEbitda": 870100000}, {"date": "2010-09-30", "symbol": "UGIC", "reportedCurrency": "USD", "cik": "0000884614", "fillingDate": "2010-11-19", "acceptedDate": "2010-11-19 16:53:39", "calendarYear": "2010", "period": "FY", "revenue": 5591400000, "costOfRevenue": 3584000000, "grossProfit": 2007400000, "grossProfitRatio": 0.3590156311, "researchAndDevelopmentExpenses": 0, "generalAndAdministrativeExpenses": 0, "sellingAndMarketingExpenses": 0, "sellingGeneralAndAdministrativeExpenses": 0, "otherExpenses": 0, "operatingExpenses": 1351100000, "costAndExpenses": 4935100000, "interestIncome": 2900000, "interestExpense": 133800000, "depreciationAndAmortization": 210200000, "ebitda": 867300000, "ebitdaratio": 0.1551132096, "operatingIncome": 659200000, "operatingIncomeRatio": 0.1178953393, "totalOtherIncomeExpensesNet": -2100000, "incomeBeforeTax": 523300000, "incomeBeforeTaxRatio": 0.0935901563, "incomeTaxExpense": 167600000, "netIncome": 261000000, "netIncomeRatio": 0.0466788282, "eps": 1.59, "epsdiluted": 1.57, "weightedAverageShsOut": 164382000, "weightedAverageShsOutDil": 165766500, "link": "https://www.sec.gov/Archives/edgar/data/884614/000095012310107459/0000950123-10-107459-index.htm", "finalLink": "https://www.sec.gov/Archives/edgar/data/884614/000095012310107459/c06632e10vk.htm", "calculatedOtherExpenses": 1348200000, "calculatedOperatingExpenses": 1348200000, "calculatedNetInterest": -130900000, "calculatedOtherIncome": -5000000, "calculatedIncomeNonControlling": 94700000, "calculatedEbitda": 869400000}, {"date": "2009-09-30", "symbol": "UGIC", "reportedCurrency": "USD", "cik": "0000884614", "fillingDate": "2009-11-20", "acceptedDate": "2009-11-20 16:44:01", "calendarYear": "2009", "period": "FY", "revenue": 5737800000, "costOfRevenue": 3670600000, "grossProfit": 2067200000, "grossProfitRatio": 0.3602774583, "researchAndDevelopmentExpenses": 0, "generalAndAdministrativeExpenses": 0, "sellingAndMarketingExpenses": 0, "sellingGeneralAndAdministrativeExpenses": 1220000000, "otherExpenses": 0, "operatingExpenses": 1381900000, "costAndExpenses": 5052500000, "interestIncome": 0, "interestExpense": 141100000, "depreciationAndAmortization": 200900000, "ebitda": 883100000, "ebitdaratio": 0.1539091638, "operatingIncome": 685300000, "operatingIncomeRatio": 0.1194360208, "totalOtherIncomeExpensesNet": -3100000, "incomeBeforeTax": 541100000, "incomeBeforeTaxRatio": 0.0943044372, "incomeTaxExpense": 159100000, "netIncome": 258500000, "netIncomeRatio": 0.0450521106, "eps": 1.59, "epsdiluted": 1.57, "weightedAverageShsOut": 162784500, "weightedAverageShsOutDil": 164008500, "link": "https://www.sec.gov/Archives/edgar/data/884614/000095012309064771/0000950123-09-064771-index.htm", "finalLink": "https://www.sec.gov/Archives/edgar/data/884614/000095012309064771/c91704e10vk.htm", "calculatedOtherExpenses": 161900000, "calculatedOperatingExpenses": 1381900000, "calculatedNetInterest": -141100000, "calculatedOtherIncome": -3100000, "calculatedIncomeNonControlling": 123500000, "calculatedEbitda": 886200000}, {"date": "2008-09-30", "symbol": "UGIC", "reportedCurrency": "USD", "cik": "0000884614", "fillingDate": "2008-11-21", "acceptedDate": "2008-11-21 17:08:18", "calendarYear": "2008", "period": "FY", "revenue": 6648200000, "costOfRevenue": 0, "grossProfit": 6648200000, "grossProfitRatio": 1, "researchAndDevelopmentExpenses": 0, "generalAndAdministrativeExpenses": 0, "sellingAndMarketingExpenses": 0, "sellingGeneralAndAdministrativeExpenses": 0, "otherExpenses": 0, "operatingExpenses": 6104600000, "costAndExpenses": 6104600000, "interestIncome": 0, "interestExpense": 0, "depreciationAndAmortization": 184400000, "ebitda": 700900000, "ebitdaratio": 0.1054270329, "operatingIncome": 543600000, "operatingIncomeRatio": 0.0817664932, "totalOtherIncomeExpensesNet": 27100000, "incomeBeforeTax": 350000000, "incomeBeforeTaxRatio": 0.0526458289, "incomeTaxExpense": 134500000, "netIncome": 215500000, "netIncomeRatio": 0.032414789, "eps": 1.34, "epsdiluted": 1.33, "weightedAverageShsOut": 161094000, "weightedAverageShsOutDil": 162781500, "link": "https://www.sec.gov/Archives/edgar/data/884614/000136231008007608/0001362310-08-007608-index.htm", "finalLink": "https://www.sec.gov/Archives/edgar/data/884614/000136231008007608/c76121e10vk.htm", "calculatedOtherExpenses": 6104600000, "calculatedOperatingExpenses": 6104600000, "calculatedNetInterest": 0, "calculatedOtherIncome": -193600000, "calculatedIncomeNonControlling": 0, "calculatedEbitda": 728000000}, {"date": "2007-09-30", "symbol": "UGIC", "reportedCurrency": "USD", "cik": "0000884614", "fillingDate": "2007-11-29", "acceptedDate": "2007-11-29 16:48:48", "calendarYear": "2007", "period": "FY", "revenue": 5476900000, "costOfRevenue": 0, "grossProfit": 5476900000, "grossProfitRatio": 1, "researchAndDevelopmentExpenses": 0, "generalAndAdministrativeExpenses": 0, "sellingAndMarketingExpenses": 0, "sellingGeneralAndAdministrativeExpenses": 0, "otherExpenses": 0, "operatingExpenses": 4973500000, "costAndExpenses": 4973500000, "interestIncome": 0, "interestExpense": 0, "depreciationAndAmortization": 169200000, "ebitda": 610000000, "ebitdaratio": 0.1113768738, "operatingIncome": 503400000, "operatingIncomeRatio": 0.0919133086, "totalOtherIncomeExpensesNet": 62600000, "incomeBeforeTax": 331000000, "incomeBeforeTaxRatio": 0.0604356479, "incomeTaxExpense": 126700000, "netIncome": 204300000, "netIncomeRatio": 0.0373021235, "eps": 1.28, "epsdiluted": 1.26, "weightedAverageShsOut": 159676500, "weightedAverageShsOutDil": 161911500, "link": "https://www.sec.gov/Archives/edgar/data/884614/000136231007003198/0001362310-07-003198-index.htm", "finalLink": "https://www.sec.gov/Archives/edgar/data/884614/000136231007003198/c71616e10vk.htm", "calculatedOtherExpenses": 4973500000, "calculatedOperatingExpenses": 4973500000, "calculatedNetInterest": 0, "calculatedOtherIncome": -172400000, "calculatedIncomeNonControlling": 0, "calculatedEbitda": 672600000}, {"date": "2006-09-30", "symbol": "UGIC", "reportedCurrency": "USD", "cik": "0000884614", "fillingDate": "2006-12-11", "acceptedDate": "2006-12-11 16:44:12", "calendarYear": "2006", "period": "FY", "revenue": 5221000000, "costOfRevenue": 3657900000, "grossProfit": 1563100000, "grossProfitRatio": 0.2993870906, "researchAndDevelopmentExpenses": 0, "generalAndAdministrativeExpenses": 0, "sellingAndMarketingExpenses": 0, "sellingGeneralAndAdministrativeExpenses": 0, "otherExpenses": 0, "operatingExpenses": 4799500000, "costAndExpenses": 4799500000, "interestIncome": 0, "interestExpense": 0, "depreciationAndAmortization": 148700000, "ebitda": 560500000, "ebitdaratio": 0.1073549129, "operatingIncome": 421500000, "operatingIncomeRatio": 0.0807316606, "totalOtherIncomeExpensesNet": 9700000, "incomeBeforeTax": 274700000, "incomeBeforeTaxRatio": 0.0526144417, "incomeTaxExpense": 98500000, "netIncome": 176200000, "netIncomeRatio": 0.0337483241, "eps": 1.11, "epsdiluted": 1.1, "weightedAverageShsOut": 158182500, "weightedAverageShsOutDil": 160090500, "link": "https://www.sec.gov/Archives/edgar/data/884614/000136231006000398/0001362310-06-000398-index.htm", "finalLink": "https://www.sec.gov/Archives/edgar/data/884614/000136231006000398/c70098e10vk.htm", "calculatedOtherExpenses": 1141600000, "calculatedOperatingExpenses": 1141600000, "calculatedNetInterest": 0, "calculatedOtherIncome": -146800000, "calculatedIncomeNonControlling": 0, "calculatedEbitda": 570200000}, {"date": "2005-09-30", "symbol": "UGIC", "reportedCurrency": "USD", "cik": "0000884614", "fillingDate": "2005-12-13", "acceptedDate": "2005-12-13 17:08:38", "calendarYear": "2005", "period": "FY", "revenue": 4888700000, "costOfRevenue": 3306000000, "grossProfit": 1582700000, "grossProfitRatio": 0.3237465993, "researchAndDevelopmentExpenses": 0, "generalAndAdministrativeExpenses": 0, "sellingAndMarketingExpenses": 0, "sellingGeneralAndAdministrativeExpenses": 0, "otherExpenses": 0, "operatingExpenses": 1160000000, "costAndExpenses": 4466000000, "interestIncome": 0, "interestExpense": 0, "depreciationAndAmortization": 146400000, "ebitda": 531300000, "ebitdaratio": 0.108679199, "operatingIncome": 422700000, "operatingIncomeRatio": 0.0864647043, "totalOtherIncomeExpensesNet": 37800000, "incomeBeforeTax": 306700000, "incomeBeforeTaxRatio": 0.0627365148, "incomeTaxExpense": 119200000, "netIncome": 187500000, "netIncomeRatio": 0.0383537546, "eps": 1.21, "epsdiluted": 1.18, "weightedAverageShsOut": 155815500, "weightedAverageShsOutDil": 158584500, "link": "https://www.sec.gov/Archives/edgar/data/884614/000089322005002891/0000893220-05-002891-index.htm", "finalLink": "https://www.sec.gov/Archives/edgar/data/884614/000089322005002891/w15474e10vk.txt", "calculatedOtherExpenses": 1160000000, "calculatedOperatingExpenses": 1160000000, "calculatedNetInterest": 0, "calculatedOtherIncome": -116000000, "calculatedIncomeNonControlling": 0, "calculatedEbitda": 569100000}, {"date": "2004-09-30", "symbol": "UGIC", "reportedCurrency": "USD", "cik": "0000884614", "fillingDate": "2004-12-14", "acceptedDate": "2004-12-14 16:03:35", "calendarYear": "2004", "period": "FY", "revenue": 3784700000, "costOfRevenue": 2551000000, "grossProfit": 1233700000, "grossProfitRatio": 0.3259703543, "researchAndDevelopmentExpenses": 0, "generalAndAdministrativeExpenses": 0, "sellingAndMarketingExpenses": 0, "sellingGeneralAndAdministrativeExpenses": 0, "otherExpenses": 0, "operatingExpenses": 912600000, "costAndExpenses": 3463600000, "interestIncome": 0, "interestExpense": 0, "depreciationAndAmortization": 132300000, "ebitda": 435100000, "ebitdaratio": 0.1149628768, "operatingIncome": 321100000, "operatingIncomeRatio": 0.0848415991, "totalOtherIncomeExpensesNet": 18300000, "incomeBeforeTax": 176000000, "incomeBeforeTaxRatio": 0.0465030253, "incomeTaxExpense": 64400000, "netIncome": 111600000, "netIncomeRatio": 0.0294871456, "eps": 0.79, "epsdiluted": 0.77, "weightedAverageShsOut": 141924000, "weightedAverageShsOutDil": 145023000, "link": "https://www.sec.gov/Archives/edgar/data/884614/000089322004002650/0000893220-04-002650-index.htm", "finalLink": "https://www.sec.gov/Archives/edgar/data/884614/000089322004002650/w69392e10vk.txt", "calculatedOtherExpenses": 912600000, "calculatedOperatingExpenses": 912600000, "calculatedNetInterest": 0, "calculatedOtherIncome": -145100000, "calculatedIncomeNonControlling": 0, "calculatedEbitda": 453400000}, {"date": "2003-09-30", "symbol": "UGIC", "reportedCurrency": "USD", "cik": "0000884614", "fillingDate": "2003-12-23", "acceptedDate": "2003-12-23 15:52:14", "calendarYear": "2003", "period": "FY", "revenue": 3026100000, "costOfRevenue": 1984300000, "grossProfit": 1041800000, "grossProfitRatio": 0.3442715046, "researchAndDevelopmentExpenses": 0, "generalAndAdministrativeExpenses": 0, "sellingAndMarketingExpenses": 0, "sellingGeneralAndAdministrativeExpenses": 0, "otherExpenses": 0, "operatingExpenses": 759300000, "costAndExpenses": 2743600000, "interestIncome": 0, "interestExpense": 0, "depreciationAndAmortization": 103000000, "ebitda": 370000000, "ebitdaratio": 0.1222695879, "operatingIncome": 282500000, "operatingIncomeRatio": 0.0933544827, "totalOtherIncomeExpensesNet": 15500000, "incomeBeforeTax": 159600000, "incomeBeforeTaxRatio": 0.052741152, "incomeTaxExpense": 60700000, "netIncome": 98900000, "netIncomeRatio": 0.0326823304, "eps": 0.78, "epsdiluted": 0.76, "weightedAverageShsOut": 125256410, "weightedAverageShsOutDil": 128552632, "link": "https://www.sec.gov/Archives/edgar/data/884614/000089322003002090/0000893220-03-002090-index.htm", "finalLink": "https://www.sec.gov/Archives/edgar/data/884614/000089322003002090/w90928e10vk.txt", "calculatedOtherExpenses": 759300000, "calculatedOperatingExpenses": 759300000, "calculatedNetInterest": 0, "calculatedOtherIncome": -122900000, "calculatedIncomeNonControlling": 0, "calculatedEbitda": 385500000}, {"date": "2002-09-30", "symbol": "UGIC", "reportedCurrency": "USD", "cik": "0000884614", "fillingDate": "2002-12-24", "acceptedDate": "2002-12-24 11:56:59", "calendarYear": "2002", "period": "FY", "revenue": 2213700000, "costOfRevenue": 1296600000, "grossProfit": 917100000, "grossProfitRatio": 0.4142837783, "researchAndDevelopmentExpenses": 0, "generalAndAdministrativeExpenses": 0, "sellingAndMarketingExpenses": 0, "sellingGeneralAndAdministrativeExpenses": 0, "otherExpenses": 0, "operatingExpenses": 681900000, "costAndExpenses": 1978500000, "interestIncome": 0, "interestExpense": 0, "depreciationAndAmortization": 93500000, "ebitda": 302800000, "ebitdaratio": 0.1367845688, "operatingIncome": 235200000, "operatingIncomeRatio": 0.106247459, "totalOtherIncomeExpensesNet": 25900000, "incomeBeforeTax": 122400000, "incomeBeforeTaxRatio": 0.055292045, "incomeTaxExpense": 46900000, "netIncome": 75500000, "netIncomeRatio": 0.0341057957, "eps": 0.61, "epsdiluted": 0.6, "weightedAverageShsOut": 120489130, "weightedAverageShsOutDil": 123166667, "link": "https://www.sec.gov/Archives/edgar/data/884614/000089322002001518/0000893220-02-001518-index.htm", "finalLink": "https://www.sec.gov/Archives/edgar/data/884614/000089322002001518/w66596e10vk.txt", "calculatedOtherExpenses": 681900000, "calculatedOperatingExpenses": 681900000, "calculatedNetInterest": 0, "calculatedOtherIncome": -112800000, "calculatedIncomeNonControlling": 0, "calculatedEbitda": 328700000}, {"date": "2001-09-30", "symbol": "UGIC", "reportedCurrency": "USD", "cik": "0000884614", "fillingDate": "2001-12-21", "acceptedDate": "2001-12-21 00:00:00", "calendarYear": "2001", "period": "FY", "revenue": 2468100000, "costOfRevenue": 1239200000, "grossProfit": 1228900000, "grossProfitRatio": 0.4979133747, "researchAndDevelopmentExpenses": 0, "generalAndAdministrativeExpenses": 0, "sellingAndMarketingExpenses": 0, "sellingGeneralAndAdministrativeExpenses": 0, "otherExpenses": 0, "operatingExpenses": 1022900000, "costAndExpenses": 2262100000, "interestIncome": 0, "interestExpense": 0, "depreciationAndAmortization": 105200000, "ebitda": 289800000, "ebitdaratio": 0.117418257, "operatingIncome": 206000000, "operatingIncomeRatio": 0.0834650136, "totalOtherIncomeExpensesNet": 21400000, "incomeBeforeTax": 97400000, "incomeBeforeTaxRatio": 0.039463555, "incomeTaxExpense": 45400000, "netIncome": 56500000, "netIncomeRatio": 0.0228921032, "eps": 0.47, "epsdiluted": 0.46, "weightedAverageShsOut": 121071429, "weightedAverageShsOutDil": 122826087, "link": "https://www.sec.gov/Archives/edgar/data/884614/000089322001501035/0000893220-01-501035-index.htm", "finalLink": "https://www.sec.gov/Archives/edgar/data/884614/000089322001501035/w55876e10-k405.txt", "calculatedOtherExpenses": 1022900000, "calculatedOperatingExpenses": 1022900000, "calculatedNetInterest": 0, "calculatedOtherIncome": -108600000, "calculatedIncomeNonControlling": -4500000, "calculatedEbitda": 311200000}, {"date": "2000-09-30", "symbol": "UGIC", "reportedCurrency": "USD", "cik": "0000884614", "fillingDate": "2000-12-22", "acceptedDate": "2000-12-22 00:00:00", "calendarYear": "2000", "period": "FY", "revenue": 1761700000, "costOfRevenue": 876100000, "grossProfit": 885600000, "grossProfitRatio": 0.5026962593, "researchAndDevelopmentExpenses": 0, "generalAndAdministrativeExpenses": 0, "sellingAndMarketingExpenses": 0, "sellingGeneralAndAdministrativeExpenses": 0, "otherExpenses": 0, "operatingExpenses": 721300000, "costAndExpenses": 1597400000, "interestIncome": 0, "interestExpense": 0, "depreciationAndAmortization": 97500000, "ebitda": 234900000, "ebitdaratio": 0.1333371176, "operatingIncome": 164300000, "operatingIncomeRatio": 0.0932621899, "totalOtherIncomeExpensesNet": 26900000, "incomeBeforeTax": 84800000, "incomeBeforeTaxRatio": 0.0481353238, "incomeTaxExpense": 40100000, "netIncome": 44700000, "netIncomeRatio": 0.025373219, "eps": 0.36, "epsdiluted": 0.36, "weightedAverageShsOut": 123027523, "weightedAverageShsOutDil": 123027523, "link": "https://www.sec.gov/Archives/edgar/data/884614/000089322000001436/0000893220-00-001436-index.htm", "finalLink": "https://www.sec.gov/Archives/edgar/data/884614/000089322000001436/w43405e10-k.txt", "calculatedOtherExpenses": 721300000, "calculatedOperatingExpenses": 721300000, "calculatedNetInterest": 0, "calculatedOtherIncome": -79500000, "calculatedIncomeNonControlling": 0, "calculatedEbitda": 261800000}, {"date": "1999-09-30", "symbol": "UGIC", "reportedCurrency": "USD", "cik": "0000884614", "fillingDate": "1999-12-23", "acceptedDate": "1999-12-23 00:00:00", "calendarYear": "1999", "period": "FY", "revenue": 1383600000, "costOfRevenue": 596000000, "grossProfit": 787600000, "grossProfitRatio": 0.5692396646, "researchAndDevelopmentExpenses": 0, "generalAndAdministrativeExpenses": 0, "sellingAndMarketingExpenses": 0, "sellingGeneralAndAdministrativeExpenses": 0, "otherExpenses": 0, "operatingExpenses": 608600000, "costAndExpenses": 1204600000, "interestIncome": 0, "interestExpense": 0, "depreciationAndAmortization": 89700000, "ebitda": 251900000, "ebitdaratio": 0.1820612894, "operatingIncome": 179000000, "operatingIncomeRatio": 0.1293726511, "totalOtherIncomeExpensesNet": 16800000, "incomeBeforeTax": 98900000, "incomeBeforeTaxRatio": 0.0714801966, "incomeTaxExpense": 43200000, "netIncome": 55700000, "netIncomeRatio": 0.0402572998, "eps": 0.39, "epsdiluted": 0.39, "weightedAverageShsOut": 143793000, "weightedAverageShsOutDil": 144072000, "link": "https://www.sec.gov/Archives/edgar/data/884614/000089322099001395/0000893220-99-001395-index.html", "finalLink": "https://www.sec.gov/Archives/edgar/data/884614/000089322099001395/", "calculatedOtherExpenses": 608600000, "calculatedOperatingExpenses": 608600000, "calculatedNetInterest": 0, "calculatedOtherIncome": -80100000, "calculatedIncomeNonControlling": 0, "calculatedEbitda": 268700000}, {"date": "1998-09-30", "symbol": "UGIC", "reportedCurrency": "USD", "cik": "0000884614", "fillingDate": "1998-12-23", "acceptedDate": "1998-12-23 00:00:00", "calendarYear": "1998", "period": "FY", "revenue": 1439700000, "costOfRevenue": 658400000, "grossProfit": 781300000, "grossProfitRatio": 0.5426825033, "researchAndDevelopmentExpenses": 0, "generalAndAdministrativeExpenses": 0, "sellingAndMarketingExpenses": 0, "sellingGeneralAndAdministrativeExpenses": 0, "otherExpenses": 0, "operatingExpenses": 623800000, "costAndExpenses": 1282200000, "interestIncome": 0, "interestExpense": 0, "depreciationAndAmortization": 87800000, "ebitda": 232600000, "ebitdaratio": 0.1615614364, "operatingIncome": 157500000, "operatingIncomeRatio": 0.1093977912, "totalOtherIncomeExpensesNet": 12700000, "incomeBeforeTax": 74700000, "incomeBeforeTaxRatio": 0.0518858095, "incomeTaxExpense": 34400000, "netIncome": 40300000, "netIncomeRatio": 0.0279919428, "eps": 0.27, "epsdiluted": 0.27, "weightedAverageShsOut": 148369500, "weightedAverageShsOutDil": 149053500, "link": "https://www.sec.gov/Archives/edgar/data/884614/000089322098001888/0000893220-98-001888-index.html", "finalLink": "https://www.sec.gov/Archives/edgar/data/884614/", "calculatedOtherExpenses": 623800000, "calculatedOperatingExpenses": 623800000, "calculatedNetInterest": 0, "calculatedOtherIncome": -82800000, "calculatedIncomeNonControlling": 0, "calculatedEbitda": 245300000}, {"date": "1997-09-30", "symbol": "UGIC", "reportedCurrency": "USD", "cik": "0000884614", "fillingDate": "1997-12-24", "acceptedDate": "1997-12-24 00:00:00", "calendarYear": "1997", "period": "FY", "revenue": 1642000000, "costOfRevenue": 839400000, "grossProfit": 802600000, "grossProfitRatio": 0.4887941535, "researchAndDevelopmentExpenses": 0, "generalAndAdministrativeExpenses": 0, "sellingAndMarketingExpenses": 0, "sellingGeneralAndAdministrativeExpenses": 0, "otherExpenses": 0, "operatingExpenses": 625300000, "costAndExpenses": 1464700000, "interestIncome": 0, "interestExpense": 0, "depreciationAndAmortization": 63500000, "ebitda": 240800000, "ebitdaratio": 0.1466504263, "operatingIncome": 177300000, "operatingIncomeRatio": 0.1079780755, "totalOtherIncomeExpensesNet": 22600000, "incomeBeforeTax": 95700000, "incomeBeforeTaxRatio": 0.0582825822, "incomeTaxExpense": 43600000, "netIncome": 52100000, "netIncomeRatio": 0.0317295981, "eps": 0.35, "epsdiluted": 0.35, "weightedAverageShsOut": 149331210, "weightedAverageShsOutDil": 149526301, "link": "https://www.sec.gov/Archives/edgar/data/884614/000089322097001972/0000893220-97-001972-index.html", "finalLink": "https://www.sec.gov/Archives/edgar/data/884614/", "calculatedOtherExpenses": 625300000, "calculatedOperatingExpenses": 625300000, "calculatedNetInterest": 0, "calculatedOtherIncome": -81600000, "calculatedIncomeNonControlling": 0, "calculatedEbitda": 240800000}, {"date": "1996-09-30", "symbol": "UGIC", "reportedCurrency": "USD", "cik": "0000884614", "fillingDate": "1996-12-26", "acceptedDate": "1996-12-26 00:00:00", "calendarYear": "1996", "period": "FY", "revenue": 1557600000, "costOfRevenue": 809400000, "grossProfit": 748200000, "grossProfitRatio": 0.4803543914, "researchAndDevelopmentExpenses": 0, "generalAndAdministrativeExpenses": 0, "sellingAndMarketingExpenses": 0, "sellingGeneralAndAdministrativeExpenses": 0, "otherExpenses": 0, "operatingExpenses": 601200000, "costAndExpenses": 1410600000, "interestIncome": 0, "interestExpense": 0, "depreciationAndAmortization": 1410600000, "ebitda": 1557600000, "ebitdaratio": 1, "operatingIncome": 147000000, "operatingIncomeRatio": 0.094375963, "totalOtherIncomeExpensesNet": 12700000, "incomeBeforeTax": 73100000, "incomeBeforeTaxRatio": 0.0469311762, "incomeTaxExpense": 33600000, "netIncome": 42300000, "netIncomeRatio": 0.0271571649, "eps": 0.26, "epsdiluted": 0.26, "weightedAverageShsOut": 149295100, "weightedAverageShsOutDil": 149295100, "link": "https://www.sec.gov/Archives/edgar/data/884614/000089322096002091/0000893220-96-002091-index.html", "finalLink": "https://www.sec.gov/Archives/edgar/data/884614/", "calculatedOtherExpenses": 601200000, "calculatedOperatingExpenses": 601200000, "calculatedNetInterest": 0, "calculatedOtherIncome": -73900000, "calculatedIncomeNonControlling": -2800000, "calculatedEbitda": 1557600000}, {"date": "1995-09-30", "symbol": "UGIC", "reportedCurrency": "USD", "cik": "0000884614", "fillingDate": "1995-09-30", "acceptedDate": "1995-09-29 20:00:00", "calendarYear": "1995", "period": "FY", "revenue": 877600000, "costOfRevenue": 430700000, "grossProfit": 446900000, "grossProfitRatio": 0.5092297174, "researchAndDevelopmentExpenses": 0, "generalAndAdministrativeExpenses": 0, "sellingAndMarketingExpenses": 0, "sellingGeneralAndAdministrativeExpenses": 0, "otherExpenses": 0, "operatingExpenses": 400500000, "costAndExpenses": 831200000, "interestIncome": 0, "interestExpense": 0, "depreciationAndAmortization": 34300000, "ebitda": 80700000, "ebitdaratio": 0.0919553327, "operatingIncome": 46400000, "operatingIncomeRatio": 0.0528714676, "totalOtherIncomeExpensesNet": 26600000, "incomeBeforeTax": 30600000, "incomeBeforeTaxRatio": 0.0348678213, "incomeTaxExpense": 22700000, "netIncome": -8400000, "netIncomeRatio": -0.0095715588, "eps": -0.0578, "epsdiluted": -0.0578, "weightedAverageShsOut": 145311959, "weightedAverageShsOutDil": 145311959, "link": null, "finalLink": null, "calculatedOtherExpenses": 400500000, "calculatedOperatingExpenses": 400500000, "calculatedNetInterest": 0, "calculatedOtherIncome": -15800000, "calculatedIncomeNonControlling": 16300000, "calculatedEbitda": 80700000}, {"date": "1994-09-30", "symbol": "UGIC", "reportedCurrency": "USD", "cik": "0000884614", "fillingDate": "1994-09-30", "acceptedDate": "1994-09-29 20:00:00", "calendarYear": "1994", "period": "FY", "revenue": 762200000, "costOfRevenue": 381900000, "grossProfit": 380300000, "grossProfitRatio": 0.4989504067, "researchAndDevelopmentExpenses": 0, "generalAndAdministrativeExpenses": 0, "sellingAndMarketingExpenses": 0, "sellingGeneralAndAdministrativeExpenses": 0, "otherExpenses": 0, "operatingExpenses": 305800000, "costAndExpenses": 687700000, "interestIncome": 0, "interestExpense": 0, "depreciationAndAmortization": 400000, "ebitda": 74900000, "ebitdaratio": 0.0982681711, "operatingIncome": 74500000, "operatingIncomeRatio": 0.0977433744, "totalOtherIncomeExpensesNet": 41400000, "incomeBeforeTax": 71300000, "incomeBeforeTaxRatio": 0.0935450013, "incomeTaxExpense": 33600000, "netIncome": 45300000, "netIncomeRatio": 0.0594332196, "eps": 0.31, "epsdiluted": 0.31, "weightedAverageShsOut": 146581386, "weightedAverageShsOutDil": 146581386, "link": null, "finalLink": null, "calculatedOtherExpenses": 305800000, "calculatedOperatingExpenses": 305800000, "calculatedNetInterest": 0, "calculatedOtherIncome": -3200000, "calculatedIncomeNonControlling": -7600000, "calculatedEbitda": 74900000}, {"date": "1993-09-30", "symbol": "UGIC", "reportedCurrency": "USD", "cik": "0000884614", "fillingDate": "1993-09-30", "acceptedDate": "1993-09-29 20:00:00", "calendarYear": "1993", "period": "FY", "revenue": 730800000, "costOfRevenue": 0, "grossProfit": 730800000, "grossProfitRatio": 1, "researchAndDevelopmentExpenses": 0, "generalAndAdministrativeExpenses": 0, "sellingAndMarketingExpenses": 0, "sellingGeneralAndAdministrativeExpenses": 0, "otherExpenses": 0, "operatingExpenses": 0, "costAndExpenses": 0, "interestIncome": 0, "interestExpense": 0, "depreciationAndAmortization": 0, "ebitda": 730800000, "ebitdaratio": 1, "operatingIncome": 730800000, "operatingIncomeRatio": 1, "totalOtherIncomeExpensesNet": 0, "incomeBeforeTax": 0, "incomeBeforeTaxRatio": 0, "incomeTaxExpense": -31500000, "netIncome": 31500000, "netIncomeRatio": 0.0431034483, "eps": 0.21, "epsdiluted": 0.21, "weightedAverageShsOut": 137324955, "weightedAverageShsOutDil": 137324955, "link": null, "finalLink": null, "calculatedOtherExpenses": 0, "calculatedOperatingExpenses": 0, "calculatedNetInterest": 0, "calculatedOtherIncome": -730800000, "calculatedIncomeNonControlling": 0, "calculatedEbitda": 730800000}, {"date": "1992-12-31", "symbol": "UGIC", "reportedCurrency": "USD", "cik": "0000884614", "fillingDate": "1992-12-31", "acceptedDate": "1992-12-30 19:00:00", "calendarYear": "1992", "period": "FY", "revenue": 708100000, "costOfRevenue": 0, "grossProfit": 708100000, "grossProfitRatio": 1, "researchAndDevelopmentExpenses": 0, "generalAndAdministrativeExpenses": 0, "sellingAndMarketingExpenses": 0, "sellingGeneralAndAdministrativeExpenses": 0, "otherExpenses": 0, "operatingExpenses": 0, "costAndExpenses": 0, "interestIncome": 0, "interestExpense": 0, "depreciationAndAmortization": 0, "ebitda": 708100000, "ebitdaratio": 1, "operatingIncome": 708100000, "operatingIncomeRatio": 1, "totalOtherIncomeExpensesNet": 0, "incomeBeforeTax": 0, "incomeBeforeTaxRatio": 0, "incomeTaxExpense": -35400000, "netIncome": 35400000, "netIncomeRatio": 0.0499929389, "eps": 0.28, "epsdiluted": 0.28, "weightedAverageShsOut": 115957646, "weightedAverageShsOutDil": 115957646, "link": null, "finalLink": null, "calculatedOtherExpenses": 0, "calculatedOperatingExpenses": 0, "calculatedNetInterest": 0, "calculatedOtherIncome": -708100000, "calculatedIncomeNonControlling": 0, "calculatedEbitda": 708100000}, {"date": "1991-12-31", "symbol": "UGIC", "reportedCurrency": "USD", "cik": "0000884614", "fillingDate": "1991-12-31", "acceptedDate": "1991-12-30 19:00:00", "calendarYear": "1991", "period": "FY", "revenue": 709200000, "costOfRevenue": 0, "grossProfit": 709200000, "grossProfitRatio": 1, "researchAndDevelopmentExpenses": 0, "generalAndAdministrativeExpenses": 0, "sellingAndMarketingExpenses": 0, "sellingGeneralAndAdministrativeExpenses": 0, "otherExpenses": 0, "operatingExpenses": 0, "costAndExpenses": 0, "interestIncome": 0, "interestExpense": 0, "depreciationAndAmortization": 0, "ebitda": 709200000, "ebitdaratio": 1, "operatingIncome": 709200000, "operatingIncomeRatio": 1, "totalOtherIncomeExpensesNet": 0, "incomeBeforeTax": 0, "incomeBeforeTaxRatio": 0, "incomeTaxExpense": -26300000, "netIncome": 26300000, "netIncomeRatio": 0.0370840384, "eps": 0.22, "epsdiluted": 0.22, "weightedAverageShsOut": 108213220, "weightedAverageShsOutDil": 108213220, "link": null, "finalLink": null, "calculatedOtherExpenses": 0, "calculatedOperatingExpenses": 0, "calculatedNetInterest": 0, "calculatedOtherIncome": -709200000, "calculatedIncomeNonControlling": 0, "calculatedEbitda": 709200000}, {"date": "1990-12-31", "symbol": "UGIC", "reportedCurrency": "USD", "cik": "0000884614", "fillingDate": "1990-12-31", "acceptedDate": "1990-12-30 19:00:00", "calendarYear": "1990", "period": "FY", "revenue": 432600000, "costOfRevenue": 0, "grossProfit": 432600000, "grossProfitRatio": 1, "researchAndDevelopmentExpenses": 0, "generalAndAdministrativeExpenses": 0, "sellingAndMarketingExpenses": 0, "sellingGeneralAndAdministrativeExpenses": 0, "otherExpenses": 0, "operatingExpenses": 0, "costAndExpenses": 0, "interestIncome": 0, "interestExpense": 0, "depreciationAndAmortization": 0, "ebitda": 432600000, "ebitdaratio": 1, "operatingIncome": 432600000, "operatingIncomeRatio": 1, "totalOtherIncomeExpensesNet": 0, "incomeBeforeTax": 0, "incomeBeforeTaxRatio": 0, "incomeTaxExpense": -19400000, "netIncome": 19400000, "netIncomeRatio": 0.0448451225, "eps": 0.18, "epsdiluted": 0.18, "weightedAverageShsOut": 91065578, "weightedAverageShsOutDil": 91065578, "link": null, "finalLink": null, "calculatedOtherExpenses": 0, "calculatedOperatingExpenses": 0, "calculatedNetInterest": 0, "calculatedOtherIncome": -432600000, "calculatedIncomeNonControlling": 0, "calculatedEbitda": 432600000}, {"date": "1989-12-31", "symbol": "UGIC", "reportedCurrency": "USD", "cik": "0000884614", "fillingDate": "1989-12-31", "acceptedDate": "1989-12-30 19:00:00", "calendarYear": "1989", "period": "FY", "revenue": 323700000, "costOfRevenue": 0, "grossProfit": 323700000, "grossProfitRatio": 1, "researchAndDevelopmentExpenses": 0, "generalAndAdministrativeExpenses": 0, "sellingAndMarketingExpenses": 0, "sellingGeneralAndAdministrativeExpenses": 0, "otherExpenses": 0, "operatingExpenses": 0, "costAndExpenses": 0, "interestIncome": 0, "interestExpense": 0, "depreciationAndAmortization": 0, "ebitda": 323700000, "ebitdaratio": 1, "operatingIncome": 323700000, "operatingIncomeRatio": 1, "totalOtherIncomeExpensesNet": 0, "incomeBeforeTax": 0, "incomeBeforeTaxRatio": 0, "incomeTaxExpense": -36400000, "netIncome": 36400000, "netIncomeRatio": 0.1124497992, "eps": 0.37, "epsdiluted": 0.37, "weightedAverageShsOut": 89955022, "weightedAverageShsOutDil": 89955022, "link": null, "finalLink": null, "calculatedOtherExpenses": 0, "calculatedOperatingExpenses": 0, "calculatedNetInterest": 0, "calculatedOtherIncome": -323700000, "calculatedIncomeNonControlling": 0, "calculatedEbitda": 323700000}, {"date": "1988-12-31", "symbol": "UGIC", "reportedCurrency": "USD", "cik": "0000884614", "fillingDate": "1988-12-31", "acceptedDate": "1988-12-30 19:00:00", "calendarYear": "1988", "period": "FY", "revenue": 433400000, "costOfRevenue": 0, "grossProfit": 433400000, "grossProfitRatio": 1, "researchAndDevelopmentExpenses": 0, "generalAndAdministrativeExpenses": 0, "sellingAndMarketingExpenses": 0, "sellingGeneralAndAdministrativeExpenses": 0, "otherExpenses": 0, "operatingExpenses": 0, "costAndExpenses": 0, "interestIncome": 0, "interestExpense": 0, "depreciationAndAmortization": 0, "ebitda": 433400000, "ebitdaratio": 1, "operatingIncome": 433400000, "operatingIncomeRatio": 1, "totalOtherIncomeExpensesNet": 0, "incomeBeforeTax": 0, "incomeBeforeTaxRatio": 0, "incomeTaxExpense": -33300000, "netIncome": 33300000, "netIncomeRatio": 0.0768343332, "eps": 0.34, "epsdiluted": 0.34, "weightedAverageShsOut": 88191199, "weightedAverageShsOutDil": 88191199, "link": null, "finalLink": null, "calculatedOtherExpenses": 0, "calculatedOperatingExpenses": 0, "calculatedNetInterest": 0, "calculatedOtherIncome": -433400000, "calculatedIncomeNonControlling": 0, "calculatedEbitda": 433400000}, {"date": "1987-12-31", "symbol": "UGIC", "reportedCurrency": "USD", "cik": "0000884614", "fillingDate": "1987-12-31", "acceptedDate": "1987-12-30 19:00:00", "calendarYear": "1987", "period": "FY", "revenue": 419400000, "costOfRevenue": 0, "grossProfit": 419400000, "grossProfitRatio": 1, "researchAndDevelopmentExpenses": 0, "generalAndAdministrativeExpenses": 0, "sellingAndMarketingExpenses": 0, "sellingGeneralAndAdministrativeExpenses": 0, "otherExpenses": 0, "operatingExpenses": 0, "costAndExpenses": 0, "interestIncome": 0, "interestExpense": 0, "depreciationAndAmortization": 0, "ebitda": 419400000, "ebitdaratio": 1, "operatingIncome": 419400000, "operatingIncomeRatio": 1, "totalOtherIncomeExpensesNet": 0, "incomeBeforeTax": 0, "incomeBeforeTaxRatio": 0, "incomeTaxExpense": -30600000, "netIncome": 30600000, "netIncomeRatio": 0.0729613734, "eps": 0.32, "epsdiluted": 0.32, "weightedAverageShsOut": 84922574, "weightedAverageShsOutDil": 84922574, "link": null, "finalLink": null, "calculatedOtherExpenses": 0, "calculatedOperatingExpenses": 0, "calculatedNetInterest": 0, "calculatedOtherIncome": -419400000, "calculatedIncomeNonControlling": 0, "calculatedEbitda": 419400000}, {"date": "1986-12-31", "symbol": "UGIC", "reportedCurrency": "USD", "cik": "0000884614", "fillingDate": "1986-12-31", "acceptedDate": "1986-12-30 19:00:00", "calendarYear": "1986", "period": "FY", "revenue": 443100000, "costOfRevenue": 0, "grossProfit": 443100000, "grossProfitRatio": 1, "researchAndDevelopmentExpenses": 0, "generalAndAdministrativeExpenses": 0, "sellingAndMarketingExpenses": 0, "sellingGeneralAndAdministrativeExpenses": 0, "otherExpenses": 0, "operatingExpenses": 0, "costAndExpenses": 0, "interestIncome": 0, "interestExpense": 0, "depreciationAndAmortization": 0, "ebitda": 443100000, "ebitdaratio": 1, "operatingIncome": 443100000, "operatingIncomeRatio": 1, "totalOtherIncomeExpensesNet": 0, "incomeBeforeTax": 0, "incomeBeforeTaxRatio": 0, "incomeTaxExpense": -21500000, "netIncome": 21500000, "netIncomeRatio": 0.0485217784, "eps": 0.22, "epsdiluted": 0.22, "weightedAverageShsOut": 97678434, "weightedAverageShsOutDil": 97678434, "link": null, "finalLink": null, "calculatedOtherExpenses": 0, "calculatedOperatingExpenses": 0, "calculatedNetInterest": 0, "calculatedOtherIncome": -443100000, "calculatedIncomeNonControlling": 0, "calculatedEbitda": 443100000}, {"date": "1985-12-31", "symbol": "UGIC", "reportedCurrency": "USD", "cik": "0000884614", "fillingDate": "1985-12-31", "acceptedDate": "1985-12-30 19:00:00", "calendarYear": "1985", "period": "FY", "revenue": 605500000, "costOfRevenue": 0, "grossProfit": 605500000, "grossProfitRatio": 1, "researchAndDevelopmentExpenses": 0, "generalAndAdministrativeExpenses": 0, "sellingAndMarketingExpenses": 0, "sellingGeneralAndAdministrativeExpenses": 0, "otherExpenses": 0, "operatingExpenses": 0, "costAndExpenses": 0, "interestIncome": 0, "interestExpense": 0, "depreciationAndAmortization": 0, "ebitda": 605500000, "ebitdaratio": 1, "operatingIncome": 605500000, "operatingIncomeRatio": 1, "totalOtherIncomeExpensesNet": 0, "incomeBeforeTax": 0, "incomeBeforeTaxRatio": 0, "incomeTaxExpense": 27200000, "netIncome": -27200000, "netIncomeRatio": -0.0449215524, "eps": -0.39, "epsdiluted": -0.39, "weightedAverageShsOut": 69510699, "weightedAverageShsOutDil": 69510699, "link": null, "finalLink": null, "calculatedOtherExpenses": 0, "calculatedOperatingExpenses": 0, "calculatedNetInterest": 0, "calculatedOtherIncome": -605500000, "calculatedIncomeNonControlling": 0, "calculatedEbitda": 605500000}]}