{"originalCurrency": "USD", "convertedCurrency": "USD", "report": [{"date": "2023-03-31", "symbol": "UHAL", "reportedCurrency": "USD", "cik": "0000004457", "fillingDate": "2023-06-02", "acceptedDate": "2023-06-01 21:22:48", "calendarYear": "2023", "period": "FY", "revenue": 5864691000, "costOfRevenue": 844894000, "grossProfit": 5019797000, "grossProfitRatio": 0.8559354619, "researchAndDevelopmentExpenses": 0, "generalAndAdministrativeExpenses": 58753000, "sellingAndMarketingExpenses": 0, "sellingGeneralAndAdministrativeExpenses": 58753000, "otherExpenses": 3511342000, "operatingExpenses": 3570095000, "costAndExpenses": 4414989000, "interestIncome": 176679000, "interestExpense": 223958000, "depreciationAndAmortization": 491175000, "ebitda": 1935281000, "ebitdaratio": 0.3299885706, "operatingIncome": 1444106000, "operatingIncomeRatio": 0.246237355, "totalOtherIncomeExpensesNet": -226183000, "incomeBeforeTax": 1217923000, "incomeBeforeTaxRatio": 0.2076704467, "incomeTaxExpense": 294925000, "netIncome": 922998000, "netIncomeRatio": 0.1573822048, "eps": 4.54, "epsdiluted": 4.54, "weightedAverageShsOut": 196077880, "weightedAverageShsOutDil": 196077880, "link": "https://www.sec.gov/Archives/edgar/data/4457/000000445723000052/0000004457-23-000052-index.htm", "finalLink": "https://www.sec.gov/Archives/edgar/data/4457/000000445723000052/uhal-20230331.htm", "calculatedOtherExpenses": 3516938000, "calculatedOperatingExpenses": 3575691000, "calculatedNetInterest": -47279000, "calculatedOtherIncome": -178904000, "calculatedIncomeNonControlling": 0, "calculatedEbitda": 1935281000}, {"date": "2022-03-31", "symbol": "UHAL", "reportedCurrency": "USD", "cik": "0000004457", "fillingDate": "2022-05-25", "acceptedDate": "2022-05-25 16:07:45", "calendarYear": "2022", "period": "FY", "revenue": 5739747000, "costOfRevenue": 259585000, "grossProfit": 5480162000, "grossProfitRatio": 0.954774139, "researchAndDevelopmentExpenses": 0, "generalAndAdministrativeExpenses": 216557000, "sellingAndMarketingExpenses": 0, "sellingGeneralAndAdministrativeExpenses": 216557000, "otherExpenses": 3588874000, "operatingExpenses": 3805431000, "costAndExpenses": 4065016000, "interestIncome": 148261000, "interestExpense": 161868000, "depreciationAndAmortization": 686159000, "ebitda": 2331156000, "ebitdaratio": 0.4061426401, "operatingIncome": 1644997000, "operatingIncomeRatio": 0.2865974755, "totalOtherIncomeExpensesNet": -169500000, "incomeBeforeTax": 1475497000, "incomeBeforeTaxRatio": 0.2570665571, "incomeTaxExpense": 352211000, "netIncome": 1123286000, "netIncomeRatio": 0.195703051, "eps": 57.29, "epsdiluted": 57.29, "weightedAverageShsOut": 19607788, "weightedAverageShsOutDil": 19607788, "link": "https://www.sec.gov/Archives/edgar/data/4457/000000445722000041/0000004457-22-000041-index.htm", "finalLink": "https://www.sec.gov/Archives/edgar/data/4457/000000445722000041/uhal-20220331.htm", "calculatedOtherExpenses": 3618608000, "calculatedOperatingExpenses": 3835165000, "calculatedNetInterest": -13607000, "calculatedOtherIncome": -155893000, "calculatedIncomeNonControlling": 0, "calculatedEbitda": 2331156000}, {"date": "2021-03-31", "symbol": "UHAL", "reportedCurrency": "USD", "cik": "0000004457", "fillingDate": "2021-05-26", "acceptedDate": "2021-05-26 16:32:12", "calendarYear": "2021", "period": "FY", "revenue": 4541985000, "costOfRevenue": 214059000, "grossProfit": 4327926000, "grossProfitRatio": 0.9528710465, "researchAndDevelopmentExpenses": 0, "generalAndAdministrativeExpenses": 207982000, "sellingAndMarketingExpenses": 0, "sellingGeneralAndAdministrativeExpenses": 207982000, "otherExpenses": 3127223000, "operatingExpenses": 3335205000, "costAndExpenses": 3549264000, "interestIncome": 122938000, "interestExpense": 157553000, "depreciationAndAmortization": 660346000, "ebitda": 1621493000, "ebitdaratio": 0.3570009588, "operatingIncome": 961147000, "operatingIncomeRatio": 0.2116138649, "totalOtherIncomeExpensesNet": -164489000, "incomeBeforeTax": 796658000, "incomeBeforeTaxRatio": 0.1753986418, "incomeTaxExpense": 185802000, "netIncome": 610856000, "netIncomeRatio": 0.134490977, "eps": 31.15, "epsdiluted": 31.15, "weightedAverageShsOut": 19607788, "weightedAverageShsOutDil": 19607788, "link": "https://www.sec.gov/Archives/edgar/data/4457/000000445721000040/0000004457-21-000040-index.htm", "finalLink": "https://www.sec.gov/Archives/edgar/data/4457/000000445721000040/uhal-20210331.htm", "calculatedOtherExpenses": 3158797000, "calculatedOperatingExpenses": 3366779000, "calculatedNetInterest": -34615000, "calculatedOtherIncome": -129874000, "calculatedIncomeNonControlling": 0, "calculatedEbitda": 1621493000}, {"date": "2020-03-31", "symbol": "UHAL", "reportedCurrency": "USD", "cik": "0000004457", "fillingDate": "2020-05-27", "acceptedDate": "2020-05-27 16:21:06", "calendarYear": "2020", "period": "FY", "revenue": 3978868000, "costOfRevenue": 164018000, "grossProfit": 3814850000, "grossProfitRatio": 0.9587777227, "researchAndDevelopmentExpenses": 0, "generalAndAdministrativeExpenses": 201718000, "sellingAndMarketingExpenses": 0, "sellingGeneralAndAdministrativeExpenses": 201718000, "otherExpenses": 3042543000, "operatingExpenses": 3244261000, "costAndExpenses": 3408279000, "interestIncome": 137829000, "interestExpense": 156523000, "depreciationAndAmortization": 657881000, "ebitda": 1198009000, "ebitdaratio": 0.3010929239, "operatingIncome": 540128000, "operatingIncomeRatio": 0.1357491628, "totalOtherIncomeExpensesNet": -162004000, "incomeBeforeTax": 378124000, "incomeBeforeTaxRatio": 0.0950330597, "incomeTaxExpense": -63924000, "netIncome": 442048000, "netIncomeRatio": 0.1110989357, "eps": 22.55, "epsdiluted": 22.55, "weightedAverageShsOut": 19603708, "weightedAverageShsOutDil": 19603708, "link": "https://www.sec.gov/Archives/edgar/data/4457/000000445720000053/0000004457-20-000053-index.htm", "finalLink": "https://www.sec.gov/Archives/edgar/data/4457/000000445720000053/uhal-20200331.htm", "calculatedOtherExpenses": 3073004000, "calculatedOperatingExpenses": 3274722000, "calculatedNetInterest": -18694000, "calculatedOtherIncome": -143310000, "calculatedIncomeNonControlling": 0, "calculatedEbitda": 1198009000}, {"date": "2019-03-31", "symbol": "UHAL", "reportedCurrency": "USD", "cik": "0000004457", "fillingDate": "2019-05-29", "acceptedDate": "2019-05-29 17:04:17", "calendarYear": "2019", "period": "FY", "revenue": 3768707000, "costOfRevenue": 162142000, "grossProfit": 3606565000, "grossProfitRatio": 0.9569767562, "researchAndDevelopmentExpenses": 0, "generalAndAdministrativeExpenses": 133435000, "sellingAndMarketingExpenses": 0, "sellingGeneralAndAdministrativeExpenses": 133435000, "otherExpenses": -29569000, "operatingExpenses": 2957066000, "costAndExpenses": 3119208000, "interestIncome": 110934000, "interestExpense": 138700000, "depreciationAndAmortization": 581025000, "ebitda": 1197210000, "ebitdaratio": 0.3176712862, "operatingIncome": 620987000, "operatingIncomeRatio": 0.16477455, "totalOtherIncomeExpensesNet": -29525000, "incomeBeforeTax": 477529000, "incomeBeforeTaxRatio": 0.1267089747, "incomeTaxExpense": 106672000, "netIncome": 370857000, "netIncomeRatio": 0.0984043068, "eps": 1.89, "epsdiluted": 1.89, "weightedAverageShsOut": 195920480, "weightedAverageShsOutDil": 195920480, "link": "https://www.sec.gov/Archives/edgar/data/4457/000000445719000024/0000004457-19-000024-index.htm", "finalLink": "https://www.sec.gov/Archives/edgar/data/4457/000000445719000024/march201910k.htm", "calculatedOtherExpenses": 2852143000, "calculatedOperatingExpenses": 2985578000, "calculatedNetInterest": -27766000, "calculatedOtherIncome": -115692000, "calculatedIncomeNonControlling": 0, "calculatedEbitda": 1202012000}, {"date": "2018-03-31", "symbol": "UHAL", "reportedCurrency": "USD", "cik": "0000004457", "fillingDate": "2018-05-30", "acceptedDate": "2018-05-30 16:08:44", "calendarYear": "2018", "period": "FY", "revenue": 3601114000, "costOfRevenue": 160489000, "grossProfit": 3440625000, "grossProfitRatio": 0.9554335131, "researchAndDevelopmentExpenses": 0, "generalAndAdministrativeExpenses": 219271000, "sellingAndMarketingExpenses": 0, "sellingGeneralAndAdministrativeExpenses": 219271000, "otherExpenses": -24514000, "operatingExpenses": 2847206000, "costAndExpenses": 3007695000, "interestIncome": 110473000, "interestExpense": 122839000, "depreciationAndAmortization": 555069000, "ebitda": 1120107000, "ebitdaratio": 0.3110445823, "operatingIncome": 764319000, "operatingIncomeRatio": 0.2122451552, "totalOtherIncomeExpensesNet": 170900000, "incomeBeforeTax": 637613000, "incomeBeforeTaxRatio": 0.177059932, "incomeTaxExpense": -152970000, "netIncome": 790583000, "netIncomeRatio": 0.2195384539, "eps": 4.04, "epsdiluted": 4.04, "weightedAverageShsOut": 195888890, "weightedAverageShsOutDil": 195888890, "link": "https://www.sec.gov/Archives/edgar/data/4457/000000445718000016/0000004457-18-000016-index.htm", "finalLink": "https://www.sec.gov/Archives/edgar/data/4457/000000445718000016/March201810K.htm", "calculatedOtherExpenses": 2457035000, "calculatedOperatingExpenses": 2676306000, "calculatedNetInterest": -12366000, "calculatedOtherIncome": -114340000, "calculatedIncomeNonControlling": 0, "calculatedEbitda": 1319388000}, {"date": "2017-03-31", "symbol": "UHAL", "reportedCurrency": "USD", "cik": "0000004457", "fillingDate": "2017-05-24", "acceptedDate": "2017-05-24 16:07:02", "calendarYear": "2017", "period": "FY", "revenue": 3421767000, "costOfRevenue": 152485000, "grossProfit": 3269282000, "grossProfitRatio": 0.955436767, "researchAndDevelopmentExpenses": 0, "generalAndAdministrativeExpenses": 220053000, "sellingAndMarketingExpenses": 0, "sellingGeneralAndAdministrativeExpenses": 220053000, "otherExpenses": -26218000, "operatingExpenses": 2500801000, "costAndExpenses": 2653286000, "interestIncome": 102276000, "interestExpense": 109961000, "depreciationAndAmortization": 481520000, "ebitda": 1220338000, "ebitdaratio": 0.3566397128, "operatingIncome": 742263000, "operatingIncomeRatio": 0.2169238876, "totalOtherIncomeExpensesNet": -26717000, "incomeBeforeTax": 628358000, "incomeBeforeTaxRatio": 0.183635531, "incomeTaxExpense": 229934000, "netIncome": 398424000, "netIncomeRatio": 0.1164380859, "eps": 2.03, "epsdiluted": 2.03, "weightedAverageShsOut": 195866060, "weightedAverageShsOutDil": 195866060, "link": "https://www.sec.gov/Archives/edgar/data/4457/000000445717000032/0000004457-17-000032-index.htm", "finalLink": "https://www.sec.gov/Archives/edgar/data/4457/000000445717000032/march201710K.htm", "calculatedOtherExpenses": 2306966000, "calculatedOperatingExpenses": 2527019000, "calculatedNetInterest": -7685000, "calculatedOtherIncome": -106220000, "calculatedIncomeNonControlling": 0, "calculatedEbitda": 1223783000}, {"date": "2016-03-31", "symbol": "UHAL", "reportedCurrency": "USD", "cik": "0000004457", "fillingDate": "2016-05-25", "acceptedDate": "2016-05-25 16:19:47", "calendarYear": "2016", "period": "FY", "revenue": 3275656000, "costOfRevenue": 144990000, "grossProfit": 3130666000, "grossProfitRatio": 0.9557371104, "researchAndDevelopmentExpenses": 0, "generalAndAdministrativeExpenses": 217216000, "sellingAndMarketingExpenses": 0, "sellingGeneralAndAdministrativeExpenses": 217216000, "otherExpenses": -23272000, "operatingExpenses": 2240580000, "costAndExpenses": 2385570000, "interestIncome": 86805000, "interestExpense": 94668000, "depreciationAndAmortization": 389393000, "ebitda": 1252972000, "ebitdaratio": 0.3825102514, "operatingIncome": 866814000, "operatingIncomeRatio": 0.2646230251, "totalOtherIncomeExpensesNet": -23272000, "incomeBeforeTax": 768911000, "incomeBeforeTaxRatio": 0.2347349661, "incomeTaxExpense": 279910000, "netIncome": 489001000, "netIncomeRatio": 0.1492833802, "eps": 2.5, "epsdiluted": 2.5, "weightedAverageShsOut": 195961100, "weightedAverageShsOutDil": 195961100, "link": "https://www.sec.gov/Archives/edgar/data/4457/000000445716000085/0000004457-16-000085-index.htm", "finalLink": "https://www.sec.gov/Archives/edgar/data/4457/000000445716000085/March201610K.htm", "calculatedOtherExpenses": 2046636000, "calculatedOperatingExpenses": 2263852000, "calculatedNetInterest": -7863000, "calculatedOtherIncome": -90040000, "calculatedIncomeNonControlling": 0, "calculatedEbitda": 1256207000}, {"date": "2015-03-31", "symbol": "UHAL", "reportedCurrency": "USD", "cik": "0000004457", "fillingDate": "2015-05-27", "acceptedDate": "2015-05-27 16:15:57", "calendarYear": "2015", "period": "FY", "revenue": 3074531000, "costOfRevenue": 146072000, "grossProfit": 2928459000, "grossProfitRatio": 0.9524896643, "researchAndDevelopmentExpenses": 0, "generalAndAdministrativeExpenses": 238558000, "sellingAndMarketingExpenses": 0, "sellingGeneralAndAdministrativeExpenses": 238558000, "otherExpenses": -19661000, "operatingExpenses": 2245774000, "costAndExpenses": 2391846000, "interestIncome": 84728000, "interestExpense": 94030000, "depreciationAndAmortization": 352796000, "ebitda": 1012325000, "ebitdaratio": 0.3292616012, "operatingIncome": 663024000, "operatingIncomeRatio": 0.2156504521, "totalOtherIncomeExpensesNet": -23742000, "incomeBeforeTax": 561418000, "incomeBeforeTaxRatio": 0.18260281, "incomeTaxExpense": 204677000, "netIncome": 356741000, "netIncomeRatio": 0.1160310304, "eps": 1.82, "epsdiluted": 1.82, "weightedAverageShsOut": 195866330, "weightedAverageShsOutDil": 195866330, "link": "https://www.sec.gov/Archives/edgar/data/4457/000000445715000019/0000004457-15-000019-index.htm", "finalLink": "https://www.sec.gov/Archives/edgar/data/4457/000000445715000019/Mar201510K.htm", "calculatedOtherExpenses": 2026877000, "calculatedOperatingExpenses": 2265435000, "calculatedNetInterest": -9302000, "calculatedOtherIncome": -92304000, "calculatedIncomeNonControlling": 0, "calculatedEbitda": 1015820000}, {"date": "2014-03-31", "symbol": "UHAL", "reportedCurrency": "USD", "cik": "0000004457", "fillingDate": "2014-05-28", "acceptedDate": "2014-05-28 16:05:43", "calendarYear": "2014", "period": "FY", "revenue": 2835252000, "costOfRevenue": 127270000, "grossProfit": 2707982000, "grossProfitRatio": 0.9551115739, "researchAndDevelopmentExpenses": 0, "generalAndAdministrativeExpenses": 257168000, "sellingAndMarketingExpenses": 0, "sellingGeneralAndAdministrativeExpenses": 257168000, "otherExpenses": -19982000, "operatingExpenses": 2057786000, "costAndExpenses": 2185056000, "interestIncome": 79591000, "interestExpense": 89141000, "depreciationAndAmortization": 293169000, "ebitda": 919832000, "ebitdaratio": 0.324426894, "operatingIncome": 630214000, "operatingIncomeRatio": 0.2222779492, "totalOtherIncomeExpensesNet": -19982000, "incomeBeforeTax": 537522000, "incomeBeforeTaxRatio": 0.1895852644, "incomeTaxExpense": 195131000, "netIncome": 342391000, "netIncomeRatio": 0.1207621051, "eps": 1.75, "epsdiluted": 1.75, "weightedAverageShsOut": 195587580, "weightedAverageShsOutDil": 195587580, "link": "https://www.sec.gov/Archives/edgar/data/4457/000000445714000036/0000004457-14-000036-index.htm", "finalLink": "https://www.sec.gov/Archives/edgar/data/4457/000000445714000036/March201410KReport.htm", "calculatedOtherExpenses": 1820600000, "calculatedOperatingExpenses": 2077768000, "calculatedNetInterest": -9550000, "calculatedOtherIncome": -83142000, "calculatedIncomeNonControlling": 0, "calculatedEbitda": 923383000}, {"date": "2013-03-31", "symbol": "UHAL", "reportedCurrency": "USD", "cik": "0000004457", "fillingDate": "2013-06-05", "acceptedDate": "2013-06-05 16:39:47", "calendarYear": "2013", "period": "FY", "revenue": 2558587000, "costOfRevenue": 107216000, "grossProfit": 2451371000, "grossProfitRatio": 0.9580956207, "researchAndDevelopmentExpenses": 0, "generalAndAdministrativeExpenses": 298124000, "sellingAndMarketingExpenses": 0, "sellingGeneralAndAdministrativeExpenses": 298124000, "otherExpenses": -17376000, "operatingExpenses": 1934812000, "costAndExpenses": 2042028000, "interestIncome": 82903000, "interestExpense": 86563000, "depreciationAndAmortization": 260492000, "ebitda": 755542000, "ebitdaratio": 0.2952965836, "operatingIncome": 499183000, "operatingIncomeRatio": 0.195101046, "totalOtherIncomeExpensesNet": -17376000, "incomeBeforeTax": 408487000, "incomeBeforeTaxRatio": 0.1596533555, "incomeTaxExpense": 143779000, "netIncome": 264708000, "netIncomeRatio": 0.1034586668, "eps": 1.36, "epsdiluted": 1.36, "weightedAverageShsOut": 195187790, "weightedAverageShsOutDil": 195187790, "link": "https://www.sec.gov/Archives/edgar/data/4457/000000445713000016/0000004457-13-000016-index.htm", "finalLink": "https://www.sec.gov/Archives/edgar/data/4457/000000445713000016/March201310KReport.htm", "calculatedOtherExpenses": 1654064000, "calculatedOperatingExpenses": 1952188000, "calculatedNetInterest": -3660000, "calculatedOtherIncome": -87036000, "calculatedIncomeNonControlling": 0, "calculatedEbitda": 759675000}, {"date": "2012-03-31", "symbol": "UHAL", "reportedCurrency": "USD", "cik": "0000004457", "fillingDate": "2012-06-06", "acceptedDate": "2012-06-06 16:14:17", "calendarYear": "2012", "period": "FY", "revenue": 2438475000, "costOfRevenue": 1421922000, "grossProfit": 1016553000, "grossProfitRatio": 0.4168806324, "researchAndDevelopmentExpenses": 0, "generalAndAdministrativeExpenses": 310839000, "sellingAndMarketingExpenses": 0, "sellingGeneralAndAdministrativeExpenses": 310839000, "otherExpenses": 222692000, "operatingExpenses": 533531000, "costAndExpenses": 1955453000, "interestIncome": 64200000, "interestExpense": 90371000, "depreciationAndAmortization": 229789000, "ebitda": 777011000, "ebitdaratio": 0.3186462851, "operatingIncome": 416007000, "operatingIncomeRatio": 0.1706012979, "totalOtherIncomeExpensesNet": -131215000, "incomeBeforeTax": 325636000, "incomeBeforeTaxRatio": 0.1335408401, "incomeTaxExpense": 120269000, "netIncome": 205367000, "netIncomeRatio": 0.0842194404, "eps": 1.01, "epsdiluted": 1.01, "weightedAverageShsOut": 194761870, "weightedAverageShsOutDil": 194761870, "link": "https://www.sec.gov/Archives/edgar/data/4457/000000445712000023/0000004457-12-000023-index.htm", "finalLink": "https://www.sec.gov/Archives/edgar/data/4457/000000445712000023/mar10k.htm", "calculatedOtherExpenses": 289707000, "calculatedOperatingExpenses": 600546000, "calculatedNetInterest": -26171000, "calculatedOtherIncome": -64200000, "calculatedIncomeNonControlling": 0, "calculatedEbitda": 645796000}, {"date": "2011-03-31", "symbol": "UHAL", "reportedCurrency": "USD", "cik": "0000004457", "fillingDate": "2011-06-09", "acceptedDate": "2011-06-08 17:52:26", "calendarYear": "2011", "period": "FY", "revenue": 2188614000, "costOfRevenue": 1323582000, "grossProfit": 865032000, "grossProfitRatio": 0.3952419202, "researchAndDevelopmentExpenses": 0, "generalAndAdministrativeExpenses": 341238000, "sellingAndMarketingExpenses": 0, "sellingGeneralAndAdministrativeExpenses": 341238000, "otherExpenses": 198760000, "operatingExpenses": 539998000, "costAndExpenses": 1863580000, "interestIncome": 52661000, "interestExpense": 88381000, "depreciationAndAmortization": 212324000, "ebitda": 590019000, "ebitdaratio": 0.269585683, "operatingIncome": 377695000, "operatingIncomeRatio": 0.1725726876, "totalOtherIncomeExpensesNet": -88381000, "incomeBeforeTax": 289314000, "incomeBeforeTaxRatio": 0.1321905096, "incomeTaxExpense": 105739000, "netIncome": 183575000, "netIncomeRatio": 0.0838772849, "eps": 0.88, "epsdiluted": 0.88, "weightedAverageShsOut": 194327810, "weightedAverageShsOutDil": 194327810, "link": "https://www.sec.gov/Archives/edgar/data/4457/000000445711000059/0000004457-11-000059-index.htm", "finalLink": "https://www.sec.gov/Archives/edgar/data/4457/000000445711000059/mar10k.htm", "calculatedOtherExpenses": 146099000, "calculatedOperatingExpenses": 487337000, "calculatedNetInterest": -35720000, "calculatedOtherIncome": -52661000, "calculatedIncomeNonControlling": 0, "calculatedEbitda": 590019000}, {"date": "2010-03-31", "symbol": "UHAL", "reportedCurrency": "USD", "cik": "0000004457", "fillingDate": "2010-06-09", "acceptedDate": "2010-06-09 17:23:08", "calendarYear": "2010", "period": "FY", "revenue": 1952016000, "costOfRevenue": 1295214000, "grossProfit": 656802000, "grossProfitRatio": 0.3364736764, "researchAndDevelopmentExpenses": 0, "generalAndAdministrativeExpenses": 121105000, "sellingAndMarketingExpenses": 0, "sellingGeneralAndAdministrativeExpenses": 121105000, "otherExpenses": 235198000, "operatingExpenses": 356303000, "costAndExpenses": 1651517000, "interestIncome": 49989000, "interestExpense": 93347000, "depreciationAndAmortization": 229589000, "ebitda": 580077000, "ebitdaratio": 0.2971681585, "operatingIncome": 193537000, "operatingIncomeRatio": 0.0991472406, "totalOtherIncomeExpensesNet": -156951000, "incomeBeforeTax": 100190000, "incomeBeforeTaxRatio": 0.0513264236, "incomeTaxExpense": 34567000, "netIncome": 65623000, "netIncomeRatio": 0.0336180646, "eps": 0.27, "epsdiluted": 0.27, "weightedAverageShsOut": 193867910, "weightedAverageShsOutDil": 193867910, "link": "https://www.sec.gov/Archives/edgar/data/4457/000000445710000021/0000004457-10-000021-index.htm", "finalLink": "https://www.sec.gov/Archives/edgar/data/4457/000000445710000021/body10-k.htm", "calculatedOtherExpenses": 342160000, "calculatedOperatingExpenses": 463265000, "calculatedNetInterest": -43358000, "calculatedOtherIncome": -49989000, "calculatedIncomeNonControlling": 0, "calculatedEbitda": 423126000}, {"date": "2009-03-31", "symbol": "UHAL", "reportedCurrency": "USD", "cik": "0000004457", "fillingDate": "2009-06-04", "acceptedDate": "2009-06-03 18:19:36", "calendarYear": "2009", "period": "FY", "revenue": 1934245000, "costOfRevenue": 1332928000, "grossProfit": 601317000, "grossProfitRatio": 0.3108794387, "researchAndDevelopmentExpenses": 0, "generalAndAdministrativeExpenses": 108259000, "sellingAndMarketingExpenses": 0, "sellingGeneralAndAdministrativeExpenses": 108259000, "otherExpenses": 277607000, "operatingExpenses": 385866000, "costAndExpenses": 1718794000, "interestIncome": 58021000, "interestExpense": 98470000, "depreciationAndAmortization": 248569000, "ebitda": 538685000, "ebitdaratio": 0.2784988458, "operatingIncome": 121048000, "operatingIncomeRatio": 0.0625815241, "totalOtherIncomeExpensesNet": -152424000, "incomeBeforeTax": 22578000, "incomeBeforeTaxRatio": 0.0116727715, "incomeTaxExpense": 9168000, "netIncome": 13410000, "netIncomeRatio": 0.0069329377, "eps": 0.002, "epsdiluted": 0.002, "weightedAverageShsOut": 193500410, "weightedAverageShsOutDil": 193500410, "link": "https://www.sec.gov/Archives/edgar/data/4457/000000445709000006/0000004457-09-000006-index.htm", "finalLink": "https://www.sec.gov/Archives/edgar/data/4457/000000445709000006/body10-k.htm", "calculatedOtherExpenses": 372010000, "calculatedOperatingExpenses": 480269000, "calculatedNetInterest": -40449000, "calculatedOtherIncome": -58021000, "calculatedIncomeNonControlling": 0, "calculatedEbitda": 369617000}, {"date": "2008-03-31", "symbol": "UHAL", "reportedCurrency": "USD", "cik": "0000004457", "fillingDate": "2008-06-04", "acceptedDate": "2008-06-04 16:21:34", "calendarYear": "2008", "period": "FY", "revenue": 2049174000, "costOfRevenue": 1610389000, "grossProfit": 438785000, "grossProfitRatio": 0.2141277412, "researchAndDevelopmentExpenses": 0, "generalAndAdministrativeExpenses": 0, "sellingAndMarketingExpenses": 0, "sellingGeneralAndAdministrativeExpenses": 0, "otherExpenses": 235063000, "operatingExpenses": 235063000, "costAndExpenses": 1845452000, "interestIncome": 62110000, "interestExpense": 101420000, "depreciationAndAmortization": 240979000, "ebitda": 444701000, "ebitdaratio": 0.2170147581, "operatingIncome": 203722000, "operatingIncomeRatio": 0.099416643, "totalOtherIncomeExpensesNet": -101420000, "incomeBeforeTax": 102302000, "incomeBeforeTaxRatio": 0.0499235302, "incomeTaxExpense": 34518000, "netIncome": 67784000, "netIncomeRatio": 0.0330786941, "eps": 0.28, "epsdiluted": 0.28, "weightedAverageShsOut": 197405710, "weightedAverageShsOutDil": 197405710, "link": "https://www.sec.gov/Archives/edgar/data/4457/000000445708000010/0000004457-08-000010-index.htm", "finalLink": "https://www.sec.gov/Archives/edgar/data/4457/000000445708000010/body10-k.htm", "calculatedOtherExpenses": 235063000, "calculatedOperatingExpenses": 235063000, "calculatedNetInterest": -39310000, "calculatedOtherIncome": -62110000, "calculatedIncomeNonControlling": 0, "calculatedEbitda": 444701000}, {"date": "2007-03-31", "symbol": "UHAL", "reportedCurrency": "USD", "cik": "0000004457", "fillingDate": "2007-06-07", "acceptedDate": "2007-06-06 19:53:42", "calendarYear": "2007", "period": "FY", "revenue": 2085597000, "costOfRevenue": 1643322000, "grossProfit": 442275000, "grossProfitRatio": 0.2120615824, "researchAndDevelopmentExpenses": 0, "generalAndAdministrativeExpenses": 0, "sellingAndMarketingExpenses": 0, "sellingGeneralAndAdministrativeExpenses": 0, "otherExpenses": 206727000, "operatingExpenses": 206727000, "costAndExpenses": 1850049000, "interestIncome": 61093000, "interestExpense": 89725000, "depreciationAndAmortization": 203244000, "ebitda": 449244000, "ebitdaratio": 0.2154030716, "operatingIncome": 235548000, "operatingIncomeRatio": 0.1129403236, "totalOtherIncomeExpensesNet": -6969000, "incomeBeforeTax": 145823000, "incomeBeforeTaxRatio": 0.0699190687, "incomeTaxExpense": 55270000, "netIncome": 90553000, "netIncomeRatio": 0.0434182635, "eps": 0.37, "epsdiluted": 0.37, "weightedAverageShsOut": 208385700, "weightedAverageShsOutDil": 208385700, "link": "https://www.sec.gov/Archives/edgar/data/4457/000000445707000011/0000004457-07-000011-index.htm", "finalLink": "https://www.sec.gov/Archives/edgar/data/4457/000000445707000011/march200710-k.htm", "calculatedOtherExpenses": 206727000, "calculatedOperatingExpenses": 206727000, "calculatedNetInterest": -28632000, "calculatedOtherIncome": -61093000, "calculatedIncomeNonControlling": 0, "calculatedEbitda": 438792000}, {"date": "2006-03-31", "symbol": "UHAL", "reportedCurrency": "USD", "cik": "0000004457", "fillingDate": "2006-06-13", "acceptedDate": "2006-06-12 21:21:51", "calendarYear": "2006", "period": "FY", "revenue": 2106626000, "costOfRevenue": 1634167000, "grossProfit": 472459000, "grossProfitRatio": 0.224272842, "researchAndDevelopmentExpenses": 0, "generalAndAdministrativeExpenses": 0, "sellingAndMarketingExpenses": 0, "sellingGeneralAndAdministrativeExpenses": 0, "otherExpenses": 167078000, "operatingExpenses": 167078000, "costAndExpenses": 1801245000, "interestIncome": 53094000, "interestExpense": 105108000, "depreciationAndAmortization": 157708000, "ebitda": 508086000, "ebitdaratio": 0.2411847191, "operatingIncome": 305381000, "operatingIncomeRatio": 0.1449621338, "totalOtherIncomeExpensesNet": -35627000, "incomeBeforeTax": 200273000, "incomeBeforeTaxRatio": 0.0950681326, "incomeTaxExpense": 79119000, "netIncome": 121154000, "netIncomeRatio": 0.0575109203, "eps": 0.52, "epsdiluted": 0.52, "weightedAverageShsOut": 208571080, "weightedAverageShsOutDil": 208571080, "link": "https://www.sec.gov/Archives/edgar/data/4457/000000445706000008/0000004457-06-000008-index.htm", "finalLink": "https://www.sec.gov/Archives/edgar/data/4457/000000445706000008/march200610-k.htm", "calculatedOtherExpenses": 167078000, "calculatedOperatingExpenses": 167078000, "calculatedNetInterest": -52014000, "calculatedOtherIncome": -53094000, "calculatedIncomeNonControlling": 0, "calculatedEbitda": 463089000}, {"date": "2005-03-31", "symbol": "UHAL", "reportedCurrency": "USD", "cik": "0000004457", "fillingDate": "2005-06-22", "acceptedDate": "2005-06-22 07:10:44", "calendarYear": "2005", "period": "FY", "revenue": 2008121000, "costOfRevenue": 1691510000, "grossProfit": 316611000, "grossProfitRatio": 0.1576653, "researchAndDevelopmentExpenses": 0, "generalAndAdministrativeExpenses": 0, "sellingAndMarketingExpenses": 0, "sellingGeneralAndAdministrativeExpenses": 0, "otherExpenses": 149615000, "operatingExpenses": 149615000, "costAndExpenses": 1841125000, "interestIncome": 56739000, "interestExpense": 21864000, "depreciationAndAmortization": 146603000, "ebitda": 265270000, "ebitdaratio": 0.1320986136, "operatingIncome": 166996000, "operatingIncomeRatio": 0.0831603275, "totalOtherIncomeExpensesNet": 51341000, "incomeBeforeTax": 145132000, "incomeBeforeTaxRatio": 0.0722725374, "incomeTaxExpense": 55708000, "netIncome": 89424000, "netIncomeRatio": 0.0445311811, "eps": 0.37, "epsdiluted": 0.37, "weightedAverageShsOut": 208047730, "weightedAverageShsOutDil": 208047730, "link": "https://www.sec.gov/Archives/edgar/data/4457/000095015305001469/0000950153-05-001469-index.htm", "finalLink": "https://www.sec.gov/Archives/edgar/data/4457/000095015305001469/p70807e10vk.htm", "calculatedOtherExpenses": 149615000, "calculatedOperatingExpenses": 149615000, "calculatedNetInterest": 34875000, "calculatedOtherIncome": -56739000, "calculatedIncomeNonControlling": 0, "calculatedEbitda": 313599000}, {"date": "2004-03-31", "symbol": "UHAL", "reportedCurrency": "USD", "cik": "0000004457", "fillingDate": "2004-06-18", "acceptedDate": "2004-06-17 19:44:41", "calendarYear": "2004", "period": "FY", "revenue": 2167495000, "costOfRevenue": 1808587000, "grossProfit": 358908000, "grossProfitRatio": 0.1655865411, "researchAndDevelopmentExpenses": 0, "generalAndAdministrativeExpenses": 0, "sellingAndMarketingExpenses": 0, "sellingGeneralAndAdministrativeExpenses": 0, "otherExpenses": 187896000, "operatingExpenses": 187896000, "costAndExpenses": 1996483000, "interestIncome": 42369000, "interestExpense": 165787000, "depreciationAndAmortization": 190676000, "ebitda": 365040000, "ebitdaratio": 0.1684156134, "operatingIncome": 126915000, "operatingIncomeRatio": 0.0585537683, "totalOtherIncomeExpensesNet": -3352000, "incomeBeforeTax": 5225000, "incomeBeforeTaxRatio": 0.0024106169, "incomeTaxExpense": 8077000, "netIncome": -2852000, "netIncomeRatio": -0.0013158047, "eps": -0.0137, "epsdiluted": -0.0137, "weightedAverageShsOut": 207499980, "weightedAverageShsOutDil": 207499980, "link": "https://www.sec.gov/Archives/edgar/data/4457/000095015304001463/0000950153-04-001463-index.htm", "finalLink": "https://www.sec.gov/Archives/edgar/data/4457/000095015304001463/p69260e10vk.htm", "calculatedOtherExpenses": 231993000, "calculatedOperatingExpenses": 231993000, "calculatedNetInterest": -123418000, "calculatedOtherIncome": 1728000, "calculatedIncomeNonControlling": 0, "calculatedEbitda": 317591000}, {"date": "2003-03-31", "symbol": "UHAL", "reportedCurrency": "USD", "cik": "0000004457", "fillingDate": "2003-08-25", "acceptedDate": "2003-08-25 13:44:26", "calendarYear": "2003", "period": "FY", "revenue": 2132387000, "costOfRevenue": 1847912000, "grossProfit": 284475000, "grossProfitRatio": 0.1334068347, "researchAndDevelopmentExpenses": 0, "generalAndAdministrativeExpenses": 0, "sellingAndMarketingExpenses": 0, "sellingGeneralAndAdministrativeExpenses": 0, "otherExpenses": 175265000, "operatingExpenses": 175265000, "costAndExpenses": 2023177000, "interestIncome": 41568000, "interestExpense": 148131000, "depreciationAndAmortization": 185833000, "ebitda": 257939000, "ebitdaratio": 0.1209625645, "operatingIncome": 109210000, "operatingIncomeRatio": 0.0512149061, "totalOtherIncomeExpensesNet": 37104000, "incomeBeforeTax": -38921000, "incomeBeforeTaxRatio": -0.0182523154, "incomeTaxExpense": -13935000, "netIncome": -24986000, "netIncomeRatio": -0.0117173853, "eps": -0.12, "epsdiluted": -0.12, "weightedAverageShsOut": 208246180, "weightedAverageShsOutDil": 208246180, "link": "https://www.sec.gov/Archives/edgar/data/4457/000095015303001671/0000950153-03-001671-index.htm", "finalLink": "https://www.sec.gov/Archives/edgar/data/4457/000095015303001671/p67969e10vk.htm", "calculatedOtherExpenses": 175265000, "calculatedOperatingExpenses": 175265000, "calculatedNetInterest": -106563000, "calculatedOtherIncome": -41568000, "calculatedIncomeNonControlling": 0, "calculatedEbitda": 295043000}, {"date": "2002-03-31", "symbol": "UHAL", "reportedCurrency": "USD", "cik": "0000004457", "fillingDate": "2002-07-17", "acceptedDate": "2002-07-17 10:31:25", "calendarYear": "2002", "period": "FY", "revenue": 2068010000, "costOfRevenue": 1797329000, "grossProfit": 270681000, "grossProfitRatio": 0.1308895992, "researchAndDevelopmentExpenses": 0, "generalAndAdministrativeExpenses": 0, "sellingAndMarketingExpenses": 0, "sellingGeneralAndAdministrativeExpenses": 0, "otherExpenses": 149357000, "operatingExpenses": 149357000, "costAndExpenses": 1946686000, "interestIncome": 0, "interestExpense": 116345000, "depreciationAndAmortization": 169440000, "ebitda": 234989000, "ebitdaratio": 0.113630495, "operatingIncome": 121324000, "operatingIncomeRatio": 0.0586670277, "totalOtherIncomeExpensesNet": 55775000, "incomeBeforeTax": 4979000, "incomeBeforeTaxRatio": 0.0024076286, "incomeTaxExpense": 2258000, "netIncome": 2721000, "netIncomeRatio": 0.0013157577, "eps": -0.29, "epsdiluted": -0.29, "weightedAverageShsOut": 210637200, "weightedAverageShsOutDil": 210637200, "link": "https://www.sec.gov/Archives/edgar/data/4457/000095015302001266/0000950153-02-001266-index.htm", "finalLink": "https://www.sec.gov/Archives/edgar/data/4457/000095015302001266/p66760e10vk.txt", "calculatedOtherExpenses": 149357000, "calculatedOperatingExpenses": 149357000, "calculatedNetInterest": -116345000, "calculatedOtherIncome": 0, "calculatedIncomeNonControlling": 0, "calculatedEbitda": 290764000}, {"date": "2001-03-31", "symbol": "UHAL", "reportedCurrency": "USD", "cik": "0000004457", "fillingDate": "2001-07-02", "acceptedDate": "2001-07-02 00:00:00", "calendarYear": "2001", "period": "FY", "revenue": 1813638000, "costOfRevenue": 1577830000, "grossProfit": 235808000, "grossProfitRatio": 0.1300193313, "researchAndDevelopmentExpenses": 0, "generalAndAdministrativeExpenses": 0, "sellingAndMarketingExpenses": 0, "sellingGeneralAndAdministrativeExpenses": 0, "otherExpenses": 124037000, "operatingExpenses": 124037000, "costAndExpenses": 1701867000, "interestIncome": 0, "interestExpense": 36714000, "depreciationAndAmortization": 144185000, "ebitda": 202776000, "ebitdaratio": 0.1118062149, "operatingIncome": 111771000, "operatingIncomeRatio": 0.0616280647, "totalOtherIncomeExpensesNet": 53180000, "incomeBeforeTax": 23998000, "incomeBeforeTaxRatio": 0.013231968, "incomeTaxExpense": 8912000, "netIncome": 12965000, "netIncomeRatio": 0.0071486151, "eps": -0.26, "epsdiluted": -0.26, "weightedAverageShsOut": 215180250, "weightedAverageShsOutDil": 215398210, "link": "https://www.sec.gov/Archives/edgar/data/4457/000000445701500063/0000004457-01-500063-index.htm", "finalLink": "https://www.sec.gov/Archives/edgar/data/4457/000000445701500063/amk01.txt", "calculatedOtherExpenses": 124037000, "calculatedOperatingExpenses": 124037000, "calculatedNetInterest": -36714000, "calculatedOtherIncome": -51059000, "calculatedIncomeNonControlling": 2121000, "calculatedEbitda": 255956000}, {"date": "2000-03-31", "symbol": "UHAL", "reportedCurrency": "USD", "cik": "0000004457", "fillingDate": "2000-06-29", "acceptedDate": "2000-06-29 00:00:00", "calendarYear": "2000", "period": "FY", "revenue": 1683370000, "costOfRevenue": 1376457000, "grossProfit": 306913000, "grossProfitRatio": 0.1823205831, "researchAndDevelopmentExpenses": 0, "generalAndAdministrativeExpenses": 0, "sellingAndMarketingExpenses": 0, "sellingGeneralAndAdministrativeExpenses": 0, "otherExpenses": 122634000, "operatingExpenses": 122634000, "costAndExpenses": 1499091000, "interestIncome": 0, "interestExpense": 26154000, "depreciationAndAmortization": 135481000, "ebitda": 264048000, "ebitdaratio": 0.1568567813, "operatingIncome": 184279000, "operatingIncomeRatio": 0.1094702888, "totalOtherIncomeExpensesNet": 55712000, "incomeBeforeTax": 102747000, "incomeBeforeTaxRatio": 0.0610364923, "incomeTaxExpense": 36922000, "netIncome": 65491000, "netIncomeRatio": 0.0389046971, "eps": 0.1, "epsdiluted": 0.1, "weightedAverageShsOut": 216596370, "weightedAverageShsOutDil": 223534020, "link": "https://www.sec.gov/Archives/edgar/data/4457/000000445700000067/0000004457-00-000067-index.htm", "finalLink": "https://www.sec.gov/Archives/edgar/data/4457/000000445700000067/0000004457-00-000067-0001.txt", "calculatedOtherExpenses": 122634000, "calculatedOperatingExpenses": 122634000, "calculatedNetInterest": -26154000, "calculatedOtherIncome": -55378000, "calculatedIncomeNonControlling": 334000, "calculatedEbitda": 319760000}, {"date": "1999-03-31", "symbol": "UHAL", "reportedCurrency": "USD", "cik": "0000004457", "fillingDate": "1999-06-25", "acceptedDate": "1999-06-25 00:00:00", "calendarYear": "1999", "period": "FY", "revenue": 1551932000, "costOfRevenue": 1287383000, "grossProfit": 264549000, "grossProfitRatio": 0.1704642987, "researchAndDevelopmentExpenses": 0, "generalAndAdministrativeExpenses": 0, "sellingAndMarketingExpenses": 0, "sellingGeneralAndAdministrativeExpenses": 0, "otherExpenses": 93281000, "operatingExpenses": 93281000, "costAndExpenses": 1380664000, "interestIncome": 0, "interestExpense": 19813000, "depreciationAndAmortization": 114102000, "ebitda": 231525000, "ebitdaratio": 0.1491850158, "operatingIncome": 171268000, "operatingIncomeRatio": 0.1103579281, "totalOtherIncomeExpensesNet": 53845000, "incomeBeforeTax": 97610000, "incomeBeforeTaxRatio": 0.062895797, "incomeTaxExpense": 35101000, "netIncome": 62509000, "netIncomeRatio": 0.0402781823, "eps": 0.093, "epsdiluted": 0.093, "weightedAverageShsOut": 219376860, "weightedAverageShsOutDil": 219376860, "link": "https://www.sec.gov/Archives/edgar/data/4457/000000445799000028/0000004457-99-000028-index.html", "finalLink": "https://www.sec.gov/Archives/edgar/data/4457/000000445799000028/", "calculatedOtherExpenses": 93281000, "calculatedOperatingExpenses": 93281000, "calculatedNetInterest": -19813000, "calculatedOtherIncome": -53845000, "calculatedIncomeNonControlling": 0, "calculatedEbitda": 285370000}, {"date": "1998-03-31", "symbol": "UHAL", "reportedCurrency": "USD", "cik": "0000004457", "fillingDate": "1998-06-29", "acceptedDate": "1998-06-29 00:00:00", "calendarYear": "1998", "period": "FY", "revenue": 1409942000, "costOfRevenue": 1185778000, "grossProfit": 224164000, "grossProfitRatio": 0.1589881002, "researchAndDevelopmentExpenses": 0, "generalAndAdministrativeExpenses": 0, "sellingAndMarketingExpenses": 0, "sellingGeneralAndAdministrativeExpenses": 0, "otherExpenses": 83849000, "operatingExpenses": 83849000, "costAndExpenses": 1269627000, "interestIncome": 0, "interestExpense": 14321000, "depreciationAndAmortization": 113822000, "ebitda": 204442000, "ebitdaratio": 0.1450002908, "operatingIncome": 140315000, "operatingIncomeRatio": 0.0995182781, "totalOtherIncomeExpensesNet": 49695000, "incomeBeforeTax": 76299000, "incomeBeforeTaxRatio": 0.054114992, "incomeTaxExpense": 27643000, "netIncome": 34984000, "netIncomeRatio": 0.0248123682, "eps": 0.064, "epsdiluted": 0.064, "weightedAverageShsOut": 218961010, "weightedAverageShsOutDil": 218961010, "link": "https://www.sec.gov/Archives/edgar/data/4457/000000445798000023/0000004457-98-000023-index.htm", "finalLink": "https://www.sec.gov/Archives/edgar/data/4457/", "calculatedOtherExpenses": 83849000, "calculatedOperatingExpenses": 83849000, "calculatedNetInterest": -14321000, "calculatedOtherIncome": -49695000, "calculatedIncomeNonControlling": 13672000, "calculatedEbitda": 254137000}, {"date": "1997-03-31", "symbol": "UHAL", "reportedCurrency": "USD", "cik": "0000004457", "fillingDate": "1997-06-26", "acceptedDate": "1997-06-26 00:00:00", "calendarYear": "1997", "period": "FY", "revenue": 1425103000, "costOfRevenue": 1176838000, "grossProfit": 248265000, "grossProfitRatio": 0.1742084607, "researchAndDevelopmentExpenses": 0, "generalAndAdministrativeExpenses": 0, "sellingAndMarketingExpenses": 0, "sellingGeneralAndAdministrativeExpenses": 0, "otherExpenses": 91214000, "operatingExpenses": 91214000, "costAndExpenses": 1268052000, "interestIncome": 0, "interestExpense": 26421000, "depreciationAndAmortization": 94364000, "ebitda": 201994000, "ebitdaratio": 0.1417399304, "operatingIncome": 157051000, "operatingIncomeRatio": 0.1102032625, "totalOtherIncomeExpensesNet": 49421000, "incomeBeforeTax": 83528000, "incomeBeforeTaxRatio": 0.0586119038, "incomeTaxExpense": 29344000, "netIncome": 51865000, "netIncomeRatio": 0.0363938607, "eps": 0.14, "epsdiluted": 0.14, "weightedAverageShsOut": 254796510, "weightedAverageShsOutDil": 254796510, "link": "https://www.sec.gov/Archives/edgar/data/4457/000000445797000016/0000004457-97-000016-index.html", "finalLink": "https://www.sec.gov/Archives/edgar/data/4457/", "calculatedOtherExpenses": 91214000, "calculatedOperatingExpenses": 91214000, "calculatedNetInterest": -26421000, "calculatedOtherIncome": -47102000, "calculatedIncomeNonControlling": 2319000, "calculatedEbitda": 251415000}, {"date": "1996-03-31", "symbol": "UHAL", "reportedCurrency": "USD", "cik": "0000004457", "fillingDate": "1996-06-28", "acceptedDate": "1996-06-28 00:00:00", "calendarYear": "1996", "period": "FY", "revenue": 1294423000, "costOfRevenue": 992735000, "grossProfit": 301688000, "grossProfitRatio": 0.2330675521, "researchAndDevelopmentExpenses": 0, "generalAndAdministrativeExpenses": 0, "sellingAndMarketingExpenses": 38926000, "sellingGeneralAndAdministrativeExpenses": 38926000, "otherExpenses": 98978000, "operatingExpenses": 137904000, "costAndExpenses": 1130639000, "interestIncome": 0, "interestExpense": 21569000, "depreciationAndAmortization": 102427000, "ebitda": 220222000, "ebitdaratio": 0.1701314022, "operatingIncome": 163784000, "operatingIncomeRatio": 0.1265305082, "totalOtherIncomeExpensesNet": 45989000, "incomeBeforeTax": 96226000, "incomeBeforeTaxRatio": 0.0743389139, "incomeTaxExpense": 35832000, "netIncome": 60394000, "netIncomeRatio": 0.046657082, "eps": 0.13, "epsdiluted": 0.13, "weightedAverageShsOut": 357363350, "weightedAverageShsOutDil": 357363350, "link": "https://www.sec.gov/Archives/edgar/data/4457/000000445796000044/0000004457-96-000044-index.html", "finalLink": "https://www.sec.gov/Archives/edgar/data/4457/", "calculatedOtherExpenses": 98978000, "calculatedOperatingExpenses": 137904000, "calculatedNetInterest": -21569000, "calculatedOtherIncome": -45989000, "calculatedIncomeNonControlling": 0, "calculatedEbitda": 266211000}, {"date": "1995-03-31", "symbol": "UHAL", "reportedCurrency": "USD", "cik": "0000004457", "fillingDate": "1995-06-30", "acceptedDate": "1995-06-30 00:00:00", "calendarYear": "1995", "period": "FY", "revenue": 1240863000, "costOfRevenue": 917340000, "grossProfit": 323523000, "grossProfitRatio": 0.2607241895, "researchAndDevelopmentExpenses": 0, "generalAndAdministrativeExpenses": 0, "sellingAndMarketingExpenses": 0, "sellingGeneralAndAdministrativeExpenses": 0, "otherExpenses": 162305000, "operatingExpenses": 162305000, "costAndExpenses": 1079645000, "interestIncome": 0, "interestExpense": 25677000, "depreciationAndAmortization": 163890000, "ebitda": 283023000, "ebitdaratio": 0.2280856146, "operatingIncome": 161218000, "operatingIncomeRatio": 0.1299240932, "totalOtherIncomeExpensesNet": 42085000, "incomeBeforeTax": 93456000, "incomeBeforeTaxRatio": 0.0753153249, "incomeTaxExpense": 33424000, "netIncome": 60032000, "netIncomeRatio": 0.0483792328, "eps": 0.12, "epsdiluted": 0.12, "weightedAverageShsOut": 381905520, "weightedAverageShsOutDil": 381905520, "link": "https://www.sec.gov/Archives/edgar/data/4457/000000445795000021/0000004457-95-000021-index.htm", "finalLink": "https://www.sec.gov/Archives/edgar/data/4457/", "calculatedOtherExpenses": 162305000, "calculatedOperatingExpenses": 162305000, "calculatedNetInterest": -25677000, "calculatedOtherIncome": -42085000, "calculatedIncomeNonControlling": 0, "calculatedEbitda": 325108000}, {"date": "1994-03-31", "symbol": "UHAL", "reportedCurrency": "USD", "cik": "0000004457", "fillingDate": "1994-06-29", "acceptedDate": "1994-06-29 00:00:00", "calendarYear": "1994", "period": "FY", "revenue": 1134855000, "costOfRevenue": 92179000, "grossProfit": 1042676000, "grossProfitRatio": 0.9187746452, "researchAndDevelopmentExpenses": 0, "generalAndAdministrativeExpenses": 0, "sellingAndMarketingExpenses": 0, "sellingGeneralAndAdministrativeExpenses": 0, "otherExpenses": 897972000, "operatingExpenses": 897972000, "costAndExpenses": 990151000, "interestIncome": 0, "interestExpense": 84667000, "depreciationAndAmortization": 148740000, "ebitda": 302787000, "ebitdaratio": 0.2668067727, "operatingIncome": 135361000, "operatingIncomeRatio": 0.1192760309, "totalOtherIncomeExpensesNet": -9343000, "incomeBeforeTax": 66502000, "incomeBeforeTaxRatio": 0.0585995568, "incomeTaxExpense": 19853000, "netIncome": 40184000, "netIncomeRatio": 0.0354089289, "eps": 0.089, "epsdiluted": 0.089, "weightedAverageShsOut": 386640630, "weightedAverageShsOutDil": 386640630, "link": "https://www.sec.gov/Archives/edgar/data/4457/000000445794000020/0000004457-94-000020-index.html", "finalLink": "https://www.sec.gov/Archives/edgar/data/4457/", "calculatedOtherExpenses": 907315000, "calculatedOperatingExpenses": 907315000, "calculatedNetInterest": -84667000, "calculatedOtherIncome": 15808000, "calculatedIncomeNonControlling": 6465000, "calculatedEbitda": 284101000}]}