{"originalCurrency": "USD", "convertedCurrency": "USD", "report": [{"date": "2023-06-30", "symbol": "UI", "reportedCurrency": "USD", "cik": "0001511737", "fillingDate": "2023-08-25", "acceptedDate": "2023-08-25 06:59:41", "calendarYear": "2023", "period": "FY", "revenue": 1940512000, "costOfRevenue": 1179781000, "grossProfit": 760731000, "grossProfitRatio": 0.3920259189, "researchAndDevelopmentExpenses": 145172000, "generalAndAdministrativeExpenses": 0, "sellingAndMarketingExpenses": 0, "sellingGeneralAndAdministrativeExpenses": 70993000, "otherExpenses": 0, "operatingExpenses": 216165000, "costAndExpenses": 1395946000, "interestIncome": 58224000, "interestExpense": 58224000, "depreciationAndAmortization": 16292000, "ebitda": 560858000, "ebitdaratio": 0.2890257829, "operatingIncome": 544566000, "operatingIncomeRatio": 0.2806300605, "totalOtherIncomeExpensesNet": -58224000, "incomeBeforeTax": 486342000, "incomeBeforeTaxRatio": 0.2506256081, "incomeTaxExpense": 78701000, "netIncome": 407641000, "netIncomeRatio": 0.210068786, "eps": 6.75, "epsdiluted": 6.74, "weightedAverageShsOut": 60435000, "weightedAverageShsOutDil": 60451000, "link": "https://www.sec.gov/Archives/edgar/data/1511737/000151173723000061/0001511737-23-000061-index.htm", "finalLink": "https://www.sec.gov/Archives/edgar/data/1511737/000151173723000061/ubnt-20230630.htm", "calculatedOtherExpenses": 0, "calculatedOperatingExpenses": 216165000, "calculatedNetInterest": 0, "calculatedOtherIncome": -58224000, "calculatedIncomeNonControlling": 0, "calculatedEbitda": 560858000}, {"date": "2022-06-30", "symbol": "UI", "reportedCurrency": "USD", "cik": "0001511737", "fillingDate": "2022-08-26", "acceptedDate": "2022-08-26 07:00:34", "calendarYear": "2022", "period": "FY", "revenue": 1691692000, "costOfRevenue": 1021880000, "grossProfit": 669812000, "grossProfitRatio": 0.3959420509, "researchAndDevelopmentExpenses": 137689000, "generalAndAdministrativeExpenses": 0, "sellingAndMarketingExpenses": 0, "sellingGeneralAndAdministrativeExpenses": 69859000, "otherExpenses": 0, "operatingExpenses": 207548000, "costAndExpenses": 1229428000, "interestIncome": 17815000, "interestExpense": 17815000, "depreciationAndAmortization": 13689000, "ebitda": 462264000, "ebitdaratio": 0.2732554153, "operatingIncome": 462264000, "operatingIncomeRatio": 0.2732554153, "totalOtherIncomeExpensesNet": -17815000, "incomeBeforeTax": 444449000, "incomeBeforeTaxRatio": 0.2627245385, "incomeTaxExpense": 65792000, "netIncome": 378657000, "netIncomeRatio": 0.2238332983, "eps": 6.14, "epsdiluted": 6.13, "weightedAverageShsOut": 61689000, "weightedAverageShsOutDil": 61723000, "link": "https://www.sec.gov/Archives/edgar/data/1511737/000151173722000049/0001511737-22-000049-index.htm", "finalLink": "https://www.sec.gov/Archives/edgar/data/1511737/000151173722000049/ubnt-20220630.htm", "calculatedOtherExpenses": 0, "calculatedOperatingExpenses": 207548000, "calculatedNetInterest": 0, "calculatedOtherIncome": -17815000, "calculatedIncomeNonControlling": 0, "calculatedEbitda": 475953000}, {"date": "2021-06-30", "symbol": "UI", "reportedCurrency": "USD", "cik": "0001511737", "fillingDate": "2021-08-27", "acceptedDate": "2021-08-27 07:01:08", "calendarYear": "2021", "period": "FY", "revenue": 1898094000, "costOfRevenue": 985818000, "grossProfit": 912276000, "grossProfitRatio": 0.4806274083, "researchAndDevelopmentExpenses": 116171000, "generalAndAdministrativeExpenses": 0, "sellingAndMarketingExpenses": 0, "sellingGeneralAndAdministrativeExpenses": 53513000, "otherExpenses": 0, "operatingExpenses": 169684000, "costAndExpenses": 1155502000, "interestIncome": 14938000, "interestExpense": 14938000, "depreciationAndAmortization": 12100000, "ebitda": 742592000, "ebitdaratio": 0.3912303606, "operatingIncome": 742592000, "operatingIncomeRatio": 0.3912303606, "totalOtherIncomeExpensesNet": -14938000, "incomeBeforeTax": 727654000, "incomeBeforeTaxRatio": 0.3833603604, "incomeTaxExpense": 111070000, "netIncome": 616584000, "netIncomeRatio": 0.3248437643, "eps": 9.79, "epsdiluted": 9.78, "weightedAverageShsOut": 62991000, "weightedAverageShsOutDil": 63052000, "link": "https://www.sec.gov/Archives/edgar/data/1511737/000151173721000036/0001511737-21-000036-index.htm", "finalLink": "https://www.sec.gov/Archives/edgar/data/1511737/000151173721000036/ubnt-20210630.htm", "calculatedOtherExpenses": 0, "calculatedOperatingExpenses": 169684000, "calculatedNetInterest": 0, "calculatedOtherIncome": -14938000, "calculatedIncomeNonControlling": 0, "calculatedEbitda": 754692000}, {"date": "2020-06-30", "symbol": "UI", "reportedCurrency": "USD", "cik": "0001511737", "fillingDate": "2020-08-21", "acceptedDate": "2020-08-21 07:15:30", "calendarYear": "2020", "period": "FY", "revenue": 1284500000, "costOfRevenue": 676328000, "grossProfit": 608172000, "grossProfitRatio": 0.4734698326, "researchAndDevelopmentExpenses": 89405000, "generalAndAdministrativeExpenses": 0, "sellingAndMarketingExpenses": 0, "sellingGeneralAndAdministrativeExpenses": 40569000, "otherExpenses": 0, "operatingExpenses": 129974000, "costAndExpenses": 806302000, "interestIncome": 1000000, "interestExpense": 28002000, "depreciationAndAmortization": 7695000, "ebitda": 478198000, "ebitdaratio": 0.3722833787, "operatingIncome": 478198000, "operatingIncomeRatio": 0.3722833787, "totalOtherIncomeExpensesNet": -28002000, "incomeBeforeTax": 450196000, "incomeBeforeTaxRatio": 0.3504834566, "incomeTaxExpense": 69899000, "netIncome": 380297000, "netIncomeRatio": 0.2960661736, "eps": 5.81, "epsdiluted": 5.8, "weightedAverageShsOut": 65427000, "weightedAverageShsOutDil": 65513999, "link": "https://www.sec.gov/Archives/edgar/data/1511737/000151173720000022/0001511737-20-000022-index.htm", "finalLink": "https://www.sec.gov/Archives/edgar/data/1511737/000151173720000022/ubnt-20200630.htm", "calculatedOtherExpenses": 0, "calculatedOperatingExpenses": 129974000, "calculatedNetInterest": -27002000, "calculatedOtherIncome": -1000000, "calculatedIncomeNonControlling": 0, "calculatedEbitda": 485893000}, {"date": "2019-06-30", "symbol": "UI", "reportedCurrency": "USD", "cik": "0001511737", "fillingDate": "2019-08-21", "acceptedDate": "2019-08-21 13:21:57", "calendarYear": "2019", "period": "FY", "revenue": 1161733000, "costOfRevenue": 624129000, "grossProfit": 537604000, "grossProfitRatio": 0.4627603761, "researchAndDevelopmentExpenses": 82070000, "generalAndAdministrativeExpenses": 0, "sellingAndMarketingExpenses": 0, "sellingGeneralAndAdministrativeExpenses": 43237000, "otherExpenses": 18000000, "operatingExpenses": 125307000, "costAndExpenses": 749436000, "interestIncome": 2700000, "interestExpense": 48808000, "depreciationAndAmortization": 43556000, "ebitda": 437853000, "ebitdaratio": 0.3768964125, "operatingIncome": 394297000, "operatingIncomeRatio": 0.3394041488, "totalOtherIncomeExpensesNet": -12808000, "incomeBeforeTax": 381489000, "incomeBeforeTaxRatio": 0.3283792403, "incomeTaxExpense": 58795000, "netIncome": 322694000, "netIncomeRatio": 0.2777695047, "eps": 4.52, "epsdiluted": 4.51, "weightedAverageShsOut": 71435000, "weightedAverageShsOutDil": 71602000, "link": "https://www.sec.gov/Archives/edgar/data/1511737/000151173719000026/0001511737-19-000026-index.htm", "finalLink": "https://www.sec.gov/Archives/edgar/data/1511737/000151173719000026/ubnt-20190630.htm", "calculatedOtherExpenses": 18000000, "calculatedOperatingExpenses": 143307000, "calculatedNetInterest": -46108000, "calculatedOtherIncome": 33300000, "calculatedIncomeNonControlling": 0, "calculatedEbitda": 437853000}, {"date": "2018-06-30", "symbol": "UI", "reportedCurrency": "USD", "cik": "0001511737", "fillingDate": "2018-08-24", "acceptedDate": "2018-08-24 07:24:05", "calendarYear": "2018", "period": "FY", "revenue": 1016861000, "costOfRevenue": 573289000, "grossProfit": 443572000, "grossProfitRatio": 0.4362169461, "researchAndDevelopmentExpenses": 74324000, "generalAndAdministrativeExpenses": 0, "sellingAndMarketingExpenses": 0, "sellingGeneralAndAdministrativeExpenses": 43121000, "otherExpenses": 0, "operatingExpenses": 117445000, "costAndExpenses": 690734000, "interestIncome": 0, "interestExpense": 0, "depreciationAndAmortization": 7310000, "ebitda": 333437000, "ebitdaratio": 0.3279081408, "operatingIncome": 326127000, "operatingIncomeRatio": 0.320719351, "totalOtherIncomeExpensesNet": -11985000, "incomeBeforeTax": 314142000, "incomeBeforeTaxRatio": 0.3089330793, "incomeTaxExpense": 117852000, "netIncome": 196290000, "netIncomeRatio": 0.1930352329, "eps": 2.54, "epsdiluted": 2.51, "weightedAverageShsOut": 77179000, "weightedAverageShsOutDil": 78331000, "link": "https://www.sec.gov/Archives/edgar/data/1511737/000151173718000012/0001511737-18-000012-index.htm", "finalLink": "https://www.sec.gov/Archives/edgar/data/1511737/000151173718000012/ubnt-06302018x10k.htm", "calculatedOtherExpenses": 0, "calculatedOperatingExpenses": 117445000, "calculatedNetInterest": 0, "calculatedOtherIncome": -11985000, "calculatedIncomeNonControlling": 0, "calculatedEbitda": 333437000}, {"date": "2017-06-30", "symbol": "UI", "reportedCurrency": "USD", "cik": "0001511737", "fillingDate": "2017-08-25", "acceptedDate": "2017-08-25 13:29:02", "calendarYear": "2017", "period": "FY", "revenue": 865268000, "costOfRevenue": 469560000, "grossProfit": 395708000, "grossProfitRatio": 0.4573242048, "researchAndDevelopmentExpenses": 69094000, "generalAndAdministrativeExpenses": 0, "sellingAndMarketingExpenses": 0, "sellingGeneralAndAdministrativeExpenses": 36853000, "otherExpenses": 0, "operatingExpenses": 105947000, "costAndExpenses": 575507000, "interestIncome": 0, "interestExpense": 0, "depreciationAndAmortization": 7359000, "ebitda": 289761000, "ebitdaratio": 0.3348800603, "operatingIncome": 289761000, "operatingIncomeRatio": 0.3348800603, "totalOtherIncomeExpensesNet": -4737000, "incomeBeforeTax": 285024000, "incomeBeforeTaxRatio": 0.3294054559, "incomeTaxExpense": 27518000, "netIncome": 257506000, "netIncomeRatio": 0.2976025925, "eps": 3.16, "epsdiluted": 3.09, "weightedAverageShsOut": 81478000, "weightedAverageShsOutDil": 83252000, "link": "https://www.sec.gov/Archives/edgar/data/1511737/000162828017008894/0001628280-17-008894-index.htm", "finalLink": "https://www.sec.gov/Archives/edgar/data/1511737/000162828017008894/ubnt-06302017x10k.htm", "calculatedOtherExpenses": 0, "calculatedOperatingExpenses": 105947000, "calculatedNetInterest": 0, "calculatedOtherIncome": -4737000, "calculatedIncomeNonControlling": 0, "calculatedEbitda": 297120000}, {"date": "2016-06-30", "symbol": "UI", "reportedCurrency": "USD", "cik": "0001511737", "fillingDate": "2016-08-22", "acceptedDate": "2016-08-22 14:37:18", "calendarYear": "2016", "period": "FY", "revenue": 666395000, "costOfRevenue": 341600000, "grossProfit": 324795000, "grossProfitRatio": 0.4873911119, "researchAndDevelopmentExpenses": 57765000, "generalAndAdministrativeExpenses": 0, "sellingAndMarketingExpenses": 0, "sellingGeneralAndAdministrativeExpenses": 33269000, "otherExpenses": 0, "operatingExpenses": 91034000, "costAndExpenses": 432634000, "interestIncome": 0, "interestExpense": 0, "depreciationAndAmortization": 6294000, "ebitda": 225467000, "ebitdaratio": 0.3383383729, "operatingIncome": 242055000, "operatingIncomeRatio": 0.3632305164, "totalOtherIncomeExpensesNet": 8294000, "incomeBeforeTax": 239940000, "incomeBeforeTaxRatio": 0.3600567231, "incomeTaxExpense": 26324000, "netIncome": 213616000, "netIncomeRatio": 0.320554626, "eps": 2.53, "epsdiluted": 2.49, "weightedAverageShsOut": 84402000, "weightedAverageShsOutDil": 85784000, "link": "https://www.sec.gov/Archives/edgar/data/1511737/000151173716000040/0001511737-16-000040-index.htm", "finalLink": "https://www.sec.gov/Archives/edgar/data/1511737/000151173716000040/ubnt-06302016x10k.htm", "calculatedOtherExpenses": -8294000, "calculatedOperatingExpenses": 82740000, "calculatedNetInterest": 0, "calculatedOtherIncome": -2115000, "calculatedIncomeNonControlling": 0, "calculatedEbitda": 248349000}, {"date": "2015-06-30", "symbol": "UI", "reportedCurrency": "USD", "cik": "0001511737", "fillingDate": "2015-08-21", "acceptedDate": "2015-08-21 15:06:20", "calendarYear": "2015", "period": "FY", "revenue": 595947000, "costOfRevenue": 333760000, "grossProfit": 262187000, "grossProfitRatio": 0.4399501969, "researchAndDevelopmentExpenses": 54565000, "generalAndAdministrativeExpenses": 0, "sellingAndMarketingExpenses": 0, "sellingGeneralAndAdministrativeExpenses": 21607000, "otherExpenses": 0, "operatingExpenses": 76172000, "costAndExpenses": 409932000, "interestIncome": 0, "interestExpense": 0, "depreciationAndAmortization": 4971000, "ebitda": 225152000, "ebitdaratio": 0.3778054089, "operatingIncome": 146878000, "operatingIncomeRatio": 0.2464615142, "totalOtherIncomeExpensesNet": -39137000, "incomeBeforeTax": 145748000, "incomeBeforeTaxRatio": 0.2445653724, "incomeTaxExpense": 16085000, "netIncome": 129663000, "netIncomeRatio": 0.2175747172, "eps": 1.47, "epsdiluted": 1.45, "weightedAverageShsOut": 88008000, "weightedAverageShsOutDil": 89569000, "link": "https://www.sec.gov/Archives/edgar/data/1511737/000151173715000022/0001511737-15-000022-index.htm", "finalLink": "https://www.sec.gov/Archives/edgar/data/1511737/000151173715000022/ubnt-06302015x10k.htm", "calculatedOtherExpenses": 39137000, "calculatedOperatingExpenses": 115309000, "calculatedNetInterest": 0, "calculatedOtherIncome": -1130000, "calculatedIncomeNonControlling": 0, "calculatedEbitda": 151849000}, {"date": "2014-06-30", "symbol": "UI", "reportedCurrency": "USD", "cik": "0001511737", "fillingDate": "2014-08-22", "acceptedDate": "2014-08-22 16:37:49", "calendarYear": "2014", "period": "FY", "revenue": 572464000, "costOfRevenue": 318997000, "grossProfit": 253467000, "grossProfitRatio": 0.4427649599, "researchAndDevelopmentExpenses": 33962000, "generalAndAdministrativeExpenses": 0, "sellingAndMarketingExpenses": 0, "sellingGeneralAndAdministrativeExpenses": 23560000, "otherExpenses": 0, "operatingExpenses": 57522000, "costAndExpenses": 376519000, "interestIncome": 0, "interestExpense": 0, "depreciationAndAmortization": 2819000, "ebitda": 195945000, "ebitdaratio": 0.3422835322, "operatingIncome": 195945000, "operatingIncomeRatio": 0.3422835322, "totalOtherIncomeExpensesNet": -1334000, "incomeBeforeTax": 194611000, "incomeBeforeTaxRatio": 0.3399532547, "incomeTaxExpense": 17674000, "netIncome": 176937000, "netIncomeRatio": 0.3090796976, "eps": 2.02, "epsdiluted": 1.97, "weightedAverageShsOut": 87772000, "weightedAverageShsOutDil": 89715000, "link": "https://www.sec.gov/Archives/edgar/data/1511737/000151173714000024/0001511737-14-000024-index.htm", "finalLink": "https://www.sec.gov/Archives/edgar/data/1511737/000151173714000024/ubnt-06302014x10k.htm", "calculatedOtherExpenses": 0, "calculatedOperatingExpenses": 57522000, "calculatedNetInterest": 0, "calculatedOtherIncome": -1334000, "calculatedIncomeNonControlling": 0, "calculatedEbitda": 198764000}, {"date": "2013-06-30", "symbol": "UI", "reportedCurrency": "USD", "cik": "0001511737", "fillingDate": "2013-09-13", "acceptedDate": "2013-09-13 16:08:01", "calendarYear": "2013", "period": "FY", "revenue": 320823000, "costOfRevenue": 185489000, "grossProfit": 135334000, "grossProfitRatio": 0.4218338461, "researchAndDevelopmentExpenses": 20955000, "generalAndAdministrativeExpenses": 0, "sellingAndMarketingExpenses": 0, "sellingGeneralAndAdministrativeExpenses": 21775000, "otherExpenses": 0, "operatingExpenses": 42730000, "costAndExpenses": 228219000, "interestIncome": 0, "interestExpense": 0, "depreciationAndAmortization": 1963000, "ebitda": 92604000, "ebitdaratio": 0.2886451408, "operatingIncome": 92604000, "operatingIncomeRatio": 0.2886451408, "totalOtherIncomeExpensesNet": -851000, "incomeBeforeTax": 91753000, "incomeBeforeTaxRatio": 0.2859925878, "incomeTaxExpense": 11263000, "netIncome": 80490000, "netIncomeRatio": 0.2508860026, "eps": 0.91, "epsdiluted": 0.89, "weightedAverageShsOut": 88314000, "weightedAverageShsOutDil": 90259000, "link": "https://www.sec.gov/Archives/edgar/data/1511737/000151173713000013/0001511737-13-000013-index.htm", "finalLink": "https://www.sec.gov/Archives/edgar/data/1511737/000151173713000013/ubnt-06302013x10k.htm", "calculatedOtherExpenses": 0, "calculatedOperatingExpenses": 42730000, "calculatedNetInterest": 0, "calculatedOtherIncome": -851000, "calculatedIncomeNonControlling": 0, "calculatedEbitda": 94567000}, {"date": "2012-06-30", "symbol": "UI", "reportedCurrency": "USD", "cik": "0001511737", "fillingDate": "2012-09-28", "acceptedDate": "2012-09-28 14:13:44", "calendarYear": "2012", "period": "FY", "revenue": 353517000, "costOfRevenue": 202514000, "grossProfit": 151003000, "grossProfitRatio": 0.4271449464, "researchAndDevelopmentExpenses": 16699000, "generalAndAdministrativeExpenses": 0, "sellingAndMarketingExpenses": 0, "sellingGeneralAndAdministrativeExpenses": 9012000, "otherExpenses": 0, "operatingExpenses": 25711000, "costAndExpenses": 228225000, "interestIncome": 0, "interestExpense": 0, "depreciationAndAmortization": 602000, "ebitda": 125292000, "ebitdaratio": 0.3544157707, "operatingIncome": 125292000, "operatingIncomeRatio": 0.3544157707, "totalOtherIncomeExpensesNet": -1269000, "incomeBeforeTax": 124023000, "incomeBeforeTaxRatio": 0.3508261272, "incomeTaxExpense": 21434000, "netIncome": 102589000, "netIncomeRatio": 0.2901953796, "eps": -0.12, "epsdiluted": -0.12, "weightedAverageShsOut": 83460000, "weightedAverageShsOutDil": 83460000, "link": "https://www.sec.gov/Archives/edgar/data/1511737/000119312512408603/0001193125-12-408603-index.htm", "finalLink": "https://www.sec.gov/Archives/edgar/data/1511737/000119312512408603/d400092d10k.htm", "calculatedOtherExpenses": 0, "calculatedOperatingExpenses": 25711000, "calculatedNetInterest": 0, "calculatedOtherIncome": -1269000, "calculatedIncomeNonControlling": 0, "calculatedEbitda": 125894000}, {"date": "2011-06-30", "symbol": "UI", "reportedCurrency": "USD", "cik": "0001511737", "fillingDate": "2011-06-30", "acceptedDate": "2011-06-29 20:00:00", "calendarYear": "2011", "period": "FY", "revenue": 197874000, "costOfRevenue": 117062000, "grossProfit": 80812000, "grossProfitRatio": 0.4084013059, "researchAndDevelopmentExpenses": 11374000, "generalAndAdministrativeExpenses": 0, "sellingAndMarketingExpenses": 0, "sellingGeneralAndAdministrativeExpenses": 7358000, "otherExpenses": 0, "operatingExpenses": 18732000, "costAndExpenses": 135794000, "interestIncome": 78000, "interestExpense": 0, "depreciationAndAmortization": 213000, "ebitda": 62292000, "ebitdaratio": 0.3148063919, "operatingIncome": 62080000, "operatingIncomeRatio": 0.3137350031, "totalOtherIncomeExpensesNet": 1000, "incomeBeforeTax": 62159000, "incomeBeforeTaxRatio": 0.314134247, "incomeTaxExpense": 12432000, "netIncome": 49727000, "netIncomeRatio": 0.2513063869, "eps": 0.0777, "epsdiluted": 0.0777, "weightedAverageShsOut": 62717000, "weightedAverageShsOutDil": 62717000, "link": null, "finalLink": null, "calculatedOtherExpenses": 0, "calculatedOperatingExpenses": 18732000, "calculatedNetInterest": 78000, "calculatedOtherIncome": 1000, "calculatedIncomeNonControlling": 0, "calculatedEbitda": 62293000}, {"date": "2010-06-30", "symbol": "UI", "reportedCurrency": "USD", "cik": "0001511737", "fillingDate": "2010-06-30", "acceptedDate": "2010-06-29 20:00:00", "calendarYear": "2010", "period": "FY", "revenue": 136952000, "costOfRevenue": 82404000, "grossProfit": 54548000, "grossProfitRatio": 0.3983001344, "researchAndDevelopmentExpenses": 31704000, "generalAndAdministrativeExpenses": 0, "sellingAndMarketingExpenses": 0, "sellingGeneralAndAdministrativeExpenses": 18162000, "otherExpenses": 0, "operatingExpenses": 49866000, "costAndExpenses": 132270000, "interestIncome": 64000, "interestExpense": 0, "depreciationAndAmortization": 144000, "ebitda": 4309000, "ebitdaratio": 0.0314635785, "operatingIncome": 4682000, "operatingIncomeRatio": 0.0341871605, "totalOtherIncomeExpensesNet": 517000, "incomeBeforeTax": 5263000, "incomeBeforeTaxRatio": 0.0384295228, "incomeTaxExpense": 10719000, "netIncome": -5456000, "netIncomeRatio": -0.0398387756, "eps": -0.087, "epsdiluted": -0.087, "weightedAverageShsOut": 62717000, "weightedAverageShsOutDil": 62717000, "link": null, "finalLink": null, "calculatedOtherExpenses": 0, "calculatedOperatingExpenses": 49866000, "calculatedNetInterest": 64000, "calculatedOtherIncome": 517000, "calculatedIncomeNonControlling": 0, "calculatedEbitda": 4826000}, {"date": "2009-06-30", "symbol": "UI", "reportedCurrency": "USD", "cik": "0001511737", "fillingDate": "2009-06-30", "acceptedDate": "2009-06-29 20:00:00", "calendarYear": "2009", "period": "FY", "revenue": 63121000, "costOfRevenue": 37181000, "grossProfit": 25940000, "grossProfitRatio": 0.4109567339, "researchAndDevelopmentExpenses": 5166000, "generalAndAdministrativeExpenses": 0, "sellingAndMarketingExpenses": 0, "sellingGeneralAndAdministrativeExpenses": 2946000, "otherExpenses": 0, "operatingExpenses": 8112000, "costAndExpenses": 45293000, "interestIncome": 118000, "interestExpense": 0, "depreciationAndAmortization": 84000, "ebitda": 17912000, "ebitdaratio": 0.2837724371, "operatingIncome": 17828000, "operatingIncomeRatio": 0.2824416597, "totalOtherIncomeExpensesNet": 118000, "incomeBeforeTax": 17946000, "incomeBeforeTaxRatio": 0.2843110851, "incomeTaxExpense": 8057000, "netIncome": 9889000, "netIncomeRatio": 0.1566673532, "eps": 0.16, "epsdiluted": 0.16, "weightedAverageShsOut": 62717000, "weightedAverageShsOutDil": 62717000, "link": null, "finalLink": null, "calculatedOtherExpenses": 0, "calculatedOperatingExpenses": 8112000, "calculatedNetInterest": 118000, "calculatedOtherIncome": 0, "calculatedIncomeNonControlling": 0, "calculatedEbitda": 17912000}]}