{"originalCurrency": "USD", "convertedCurrency": "USD", "report": [{"date": "2023-08-26", "symbol": "UNF", "reportedCurrency": "USD", "cik": "0000717954", "fillingDate": "2023-10-26", "acceptedDate": "2023-10-25 17:32:48", "calendarYear": "2023", "period": "FY", "revenue": 2233047000, "costOfRevenue": 1481296000, "grossProfit": 751751000, "grossProfitRatio": 0.3366480867, "researchAndDevelopmentExpenses": 0, "generalAndAdministrativeExpenses": 487015000, "sellingAndMarketingExpenses": 9900000, "sellingGeneralAndAdministrativeExpenses": 496915000, "otherExpenses": -1504000, "operatingExpenses": 618148000, "costAndExpenses": 2099444000, "interestIncome": 6738000, "interestExpense": 0, "depreciationAndAmortization": 121233000, "ebitda": 254836000, "ebitdaratio": 0.1141203029, "operatingIncome": 133603000, "operatingIncomeRatio": 0.0598299095, "totalOtherIncomeExpensesNet": -1504000, "incomeBeforeTax": 138837000, "incomeBeforeTaxRatio": 0.0621737921, "incomeTaxExpense": 35163000, "netIncome": 103674000, "netIncomeRatio": 0.0464271464, "eps": 5.77, "epsdiluted": 5.53, "weightedAverageShsOut": 17970000, "weightedAverageShsOutDil": 18762000, "link": "https://www.sec.gov/Archives/edgar/data/717954/000095017023055282/0000950170-23-055282-index.htm", "finalLink": "https://www.sec.gov/Archives/edgar/data/717954/000095017023055282/unf-20230826.htm", "calculatedOtherExpenses": 121233000, "calculatedOperatingExpenses": 618148000, "calculatedNetInterest": 6738000, "calculatedOtherIncome": -1504000, "calculatedIncomeNonControlling": 0, "calculatedEbitda": 254836000}, {"date": "2022-08-27", "symbol": "UNF", "reportedCurrency": "USD", "cik": "0000717954", "fillingDate": "2022-10-26", "acceptedDate": "2022-10-26 16:10:26", "calendarYear": "2022", "period": "FY", "revenue": 2000822000, "costOfRevenue": 1306451000, "grossProfit": 694371000, "grossProfitRatio": 0.3470428654, "researchAndDevelopmentExpenses": 0, "generalAndAdministrativeExpenses": 436543000, "sellingAndMarketingExpenses": 14700000, "sellingGeneralAndAdministrativeExpenses": 451243000, "otherExpenses": 108777000, "operatingExpenses": 560020000, "costAndExpenses": 1866471000, "interestIncome": 2851000, "interestExpense": 2851000, "depreciationAndAmortization": 108777000, "ebitda": 243128000, "ebitdaratio": 0.1215140577, "operatingIncome": 134351000, "operatingIncomeRatio": 0.0671479022, "totalOtherIncomeExpensesNet": -26000, "incomeBeforeTax": 134325000, "incomeBeforeTaxRatio": 0.0671349076, "incomeTaxExpense": 30921000, "netIncome": 103404000, "netIncomeRatio": 0.0516807592, "eps": 5.71, "epsdiluted": 5.46, "weightedAverageShsOut": 18099800, "weightedAverageShsOutDil": 18933000, "link": "https://www.sec.gov/Archives/edgar/data/717954/000095017022020172/0000950170-22-020172-index.htm", "finalLink": "https://www.sec.gov/Archives/edgar/data/717954/000095017022020172/unf-20220827.htm", "calculatedOtherExpenses": 108777000, "calculatedOperatingExpenses": 560020000, "calculatedNetInterest": 0, "calculatedOtherIncome": -26000, "calculatedIncomeNonControlling": 0, "calculatedEbitda": 243128000}, {"date": "2021-08-28", "symbol": "UNF", "reportedCurrency": "USD", "cik": "0000717954", "fillingDate": "2021-10-27", "acceptedDate": "2021-10-27 14:17:05", "calendarYear": "2021", "period": "FY", "revenue": 1826216000, "costOfRevenue": 1141275000, "grossProfit": 684941000, "grossProfitRatio": 0.3750602338, "researchAndDevelopmentExpenses": 0, "generalAndAdministrativeExpenses": 379661000, "sellingAndMarketingExpenses": 3500000, "sellingGeneralAndAdministrativeExpenses": 383161000, "otherExpenses": 105955000, "operatingExpenses": 489116000, "costAndExpenses": 1630391000, "interestIncome": 2568000, "interestExpense": 0, "depreciationAndAmortization": 105955000, "ebitda": 301780000, "ebitdaratio": 0.1652487986, "operatingIncome": 195825000, "operatingIncomeRatio": 0.1072299224, "totalOtherIncomeExpensesNet": 1046000, "incomeBeforeTax": 196871000, "incomeBeforeTaxRatio": 0.1078026915, "incomeTaxExpense": 45760000, "netIncome": 151111000, "netIncomeRatio": 0.0827454146, "eps": 8.32, "epsdiluted": 7.94, "weightedAverageShsOut": 18151400, "weightedAverageShsOutDil": 19038000, "link": "https://www.sec.gov/Archives/edgar/data/717954/000156459021052248/0001564590-21-052248-index.htm", "finalLink": "https://www.sec.gov/Archives/edgar/data/717954/000156459021052248/unf-10k_20210828.htm", "calculatedOtherExpenses": 105955000, "calculatedOperatingExpenses": 489116000, "calculatedNetInterest": 2568000, "calculatedOtherIncome": -1522000, "calculatedIncomeNonControlling": 0, "calculatedEbitda": 301780000}, {"date": "2020-08-29", "symbol": "UNF", "reportedCurrency": "USD", "cik": "0000717954", "fillingDate": "2020-10-28", "acceptedDate": "2020-10-28 17:29:05", "calendarYear": "2020", "period": "FY", "revenue": 1804159000, "costOfRevenue": 1164932000, "grossProfit": 639227000, "grossProfitRatio": 0.354307464, "researchAndDevelopmentExpenses": 0, "generalAndAdministrativeExpenses": 358001000, "sellingAndMarketingExpenses": 3800000, "sellingGeneralAndAdministrativeExpenses": 361801000, "otherExpenses": 104697000, "operatingExpenses": 466498000, "costAndExpenses": 1631430000, "interestIncome": 6382000, "interestExpense": 0, "depreciationAndAmortization": 104697000, "ebitda": 277426000, "ebitdaratio": 0.1537702608, "operatingIncome": 172729000, "operatingIncomeRatio": 0.0957393445, "totalOtherIncomeExpensesNet": 5159000, "incomeBeforeTax": 177888000, "incomeBeforeTaxRatio": 0.0985988485, "incomeTaxExpense": 42118000, "netIncome": 135770000, "netIncomeRatio": 0.0752538995, "eps": 7.46, "epsdiluted": 7.13, "weightedAverageShsOut": 18190400, "weightedAverageShsOutDil": 19042000, "link": "https://www.sec.gov/Archives/edgar/data/717954/000156459020048412/0001564590-20-048412-index.htm", "finalLink": "https://www.sec.gov/Archives/edgar/data/717954/000156459020048412/unf-10k_20200829.htm", "calculatedOtherExpenses": 104697000, "calculatedOperatingExpenses": 466498000, "calculatedNetInterest": 6382000, "calculatedOtherIncome": -1223000, "calculatedIncomeNonControlling": 0, "calculatedEbitda": 277426000}, {"date": "2019-08-31", "symbol": "UNF", "reportedCurrency": "USD", "cik": "0000717954", "fillingDate": "2019-10-30", "acceptedDate": "2019-10-29 21:02:21", "calendarYear": "2019", "period": "FY", "revenue": 1809376000, "costOfRevenue": 1139195000, "grossProfit": 670181000, "grossProfitRatio": 0.3703934395, "researchAndDevelopmentExpenses": 0, "generalAndAdministrativeExpenses": 331240000, "sellingAndMarketingExpenses": 3600000, "sellingGeneralAndAdministrativeExpenses": 334840000, "otherExpenses": 103333000, "operatingExpenses": 438173000, "costAndExpenses": 1577368000, "interestIncome": 9082000, "interestExpense": -9082000, "depreciationAndAmortization": 103333000, "ebitda": 335341000, "ebitdaratio": 0.1853351653, "operatingIncome": 232008000, "operatingIncomeRatio": 0.1282254214, "totalOtherIncomeExpensesNet": 5916000, "incomeBeforeTax": 237924000, "incomeBeforeTaxRatio": 0.1314950569, "incomeTaxExpense": 58790000, "netIncome": 179134000, "netIncomeRatio": 0.0990031923, "eps": 9.77, "epsdiluted": 9.33, "weightedAverageShsOut": 18342600, "weightedAverageShsOutDil": 19196000, "link": "https://www.sec.gov/Archives/edgar/data/717954/000156459019038460/0001564590-19-038460-index.htm", "finalLink": "https://www.sec.gov/Archives/edgar/data/717954/000156459019038460/unf-10k_20190831.htm", "calculatedOtherExpenses": 103333000, "calculatedOperatingExpenses": 438173000, "calculatedNetInterest": 18164000, "calculatedOtherIncome": -12248000, "calculatedIncomeNonControlling": 0, "calculatedEbitda": 335341000}, {"date": "2018-08-25", "symbol": "UNF", "reportedCurrency": "USD", "cik": "0000717954", "fillingDate": "2018-10-22", "acceptedDate": "2018-10-22 17:05:12", "calendarYear": "2018", "period": "FY", "revenue": 1696489000, "costOfRevenue": 1056724000, "grossProfit": 639765000, "grossProfitRatio": 0.3771111985, "researchAndDevelopmentExpenses": 0, "generalAndAdministrativeExpenses": 357927000, "sellingAndMarketingExpenses": 2800000, "sellingGeneralAndAdministrativeExpenses": 360727000, "otherExpenses": -673000, "operatingExpenses": 457389000, "costAndExpenses": 1514113000, "interestIncome": 5543000, "interestExpense": -5543000, "depreciationAndAmortization": 96662000, "ebitda": 279038000, "ebitdaratio": 0.164479699, "operatingIncome": 182376000, "operatingIncomeRatio": 0.1075020233, "totalOtherIncomeExpensesNet": -673000, "incomeBeforeTax": 187246000, "incomeBeforeTaxRatio": 0.1103726579, "incomeTaxExpense": 23351000, "netIncome": 163895000, "netIncomeRatio": 0.0966083482, "eps": 8.27, "epsdiluted": 8.21, "weightedAverageShsOut": 19811000, "weightedAverageShsOutDil": 19963000, "link": "https://www.sec.gov/Archives/edgar/data/717954/000128408418000061/0001284084-18-000061-index.htm", "finalLink": "https://www.sec.gov/Archives/edgar/data/717954/000128408418000061/unf-08252018x10k.htm", "calculatedOtherExpenses": 96662000, "calculatedOperatingExpenses": 457389000, "calculatedNetInterest": 11086000, "calculatedOtherIncome": -6216000, "calculatedIncomeNonControlling": 0, "calculatedEbitda": 279038000}, {"date": "2017-08-26", "symbol": "UNF", "reportedCurrency": "USD", "cik": "0000717954", "fillingDate": "2017-10-25", "acceptedDate": "2017-10-25 16:11:49", "calendarYear": "2017", "period": "FY", "revenue": 1590958000, "costOfRevenue": 993589000, "grossProfit": 597369000, "grossProfitRatio": 0.3754775425, "researchAndDevelopmentExpenses": 0, "generalAndAdministrativeExpenses": 338707000, "sellingAndMarketingExpenses": 3700000, "sellingGeneralAndAdministrativeExpenses": 342407000, "otherExpenses": 571000, "operatingExpenses": 431286000, "costAndExpenses": 1424875000, "interestIncome": 4269000, "interestExpense": -4269000, "depreciationAndAmortization": 88879000, "ebitda": 310762000, "ebitdaratio": 0.1953301093, "operatingIncome": 110283000, "operatingIncomeRatio": 0.0693186118, "totalOtherIncomeExpensesNet": -55229000, "incomeBeforeTax": 115123000, "incomeBeforeTaxRatio": 0.072360804, "incomeTaxExpense": 44927000, "netIncome": 70196000, "netIncomeRatio": 0.0441218436, "eps": 3.63, "epsdiluted": 3.44, "weightedAverageShsOut": 20168000, "weightedAverageShsOutDil": 20276000, "link": "https://www.sec.gov/Archives/edgar/data/717954/000162828017010136/0001628280-17-010136-index.htm", "finalLink": "https://www.sec.gov/Archives/edgar/data/717954/000162828017010136/unf-08262017x10k.htm", "calculatedOtherExpenses": 144679000, "calculatedOperatingExpenses": 487086000, "calculatedNetInterest": 8538000, "calculatedOtherIncome": -3698000, "calculatedIncomeNonControlling": 0, "calculatedEbitda": 199162000}, {"date": "2016-08-27", "symbol": "UNF", "reportedCurrency": "USD", "cik": "0000717954", "fillingDate": "2016-10-26", "acceptedDate": "2016-10-26 16:59:26", "calendarYear": "2016", "period": "FY", "revenue": 1468046000, "costOfRevenue": 900427000, "grossProfit": 567619000, "grossProfitRatio": 0.3866493284, "researchAndDevelopmentExpenses": 0, "generalAndAdministrativeExpenses": 283347000, "sellingAndMarketingExpenses": 1500000, "sellingGeneralAndAdministrativeExpenses": 284847000, "otherExpenses": 81612000, "operatingExpenses": 366459000, "costAndExpenses": 1266886000, "interestIncome": 3470000, "interestExpense": 927000, "depreciationAndAmortization": 81612000, "ebitda": 286242000, "ebitdaratio": 0.1949816286, "operatingIncome": 201160000, "operatingIncomeRatio": 0.137025679, "totalOtherIncomeExpensesNet": -332000, "incomeBeforeTax": 203371000, "incomeBeforeTaxRatio": 0.1385317626, "incomeTaxExpense": 78345000, "netIncome": 125026000, "netIncomeRatio": 0.0851649063, "eps": 6.51, "epsdiluted": 6.17, "weightedAverageShsOut": 20061000, "weightedAverageShsOutDil": 20154000, "link": "https://www.sec.gov/Archives/edgar/data/717954/000143774916040348/0001437749-16-040348-index.htm", "finalLink": "https://www.sec.gov/Archives/edgar/data/717954/000143774916040348/unf20161014_10k.htm", "calculatedOtherExpenses": 81612000, "calculatedOperatingExpenses": 366459000, "calculatedNetInterest": 2543000, "calculatedOtherIncome": -332000, "calculatedIncomeNonControlling": 0, "calculatedEbitda": 282772000}, {"date": "2015-08-29", "symbol": "UNF", "reportedCurrency": "USD", "cik": "0000717954", "fillingDate": "2015-10-28", "acceptedDate": "2015-10-28 15:43:22", "calendarYear": "2015", "period": "FY", "revenue": 1456605000, "costOfRevenue": 884664000, "grossProfit": 571941000, "grossProfitRatio": 0.3926534647, "researchAndDevelopmentExpenses": 0, "generalAndAdministrativeExpenses": 293144000, "sellingAndMarketingExpenses": 1300000, "sellingGeneralAndAdministrativeExpenses": 294444000, "otherExpenses": 77113000, "operatingExpenses": 371557000, "costAndExpenses": 1256221000, "interestIncome": 3310000, "interestExpense": 873000, "depreciationAndAmortization": 77113000, "ebitda": 280807000, "ebitdaratio": 0.1927818455, "operatingIncome": 200384000, "operatingIncomeRatio": 0.1375692106, "totalOtherIncomeExpensesNet": -1553000, "incomeBeforeTax": 201268000, "incomeBeforeTaxRatio": 0.1381761013, "incomeTaxExpense": 76969000, "netIncome": 124299000, "netIncomeRatio": 0.0853347339, "eps": 6.5, "epsdiluted": 6.15, "weightedAverageShsOut": 19945000, "weightedAverageShsOutDil": 20079000, "link": "https://www.sec.gov/Archives/edgar/data/717954/000143774915019003/0001437749-15-019003-index.htm", "finalLink": "https://www.sec.gov/Archives/edgar/data/717954/000143774915019003/unf20150901_10k.htm", "calculatedOtherExpenses": 77113000, "calculatedOperatingExpenses": 371557000, "calculatedNetInterest": 2437000, "calculatedOtherIncome": -1553000, "calculatedIncomeNonControlling": 0, "calculatedEbitda": 277497000}, {"date": "2014-08-30", "symbol": "UNF", "reportedCurrency": "USD", "cik": "0000717954", "fillingDate": "2014-10-29", "acceptedDate": "2014-10-29 17:07:21", "calendarYear": "2014", "period": "FY", "revenue": 1394897000, "costOfRevenue": 858306000, "grossProfit": 536591000, "grossProfitRatio": 0.3846814496, "researchAndDevelopmentExpenses": 0, "generalAndAdministrativeExpenses": 270064000, "sellingAndMarketingExpenses": 1500000, "sellingGeneralAndAdministrativeExpenses": 271564000, "otherExpenses": 71752000, "operatingExpenses": 343316000, "costAndExpenses": 1201622000, "interestIncome": 3131000, "interestExpense": 772000, "depreciationAndAmortization": 71752000, "ebitda": 268158000, "ebitdaratio": 0.1922421512, "operatingIncome": 193275000, "operatingIncomeRatio": 0.1385586176, "totalOtherIncomeExpensesNet": -283000, "incomeBeforeTax": 195351000, "incomeBeforeTaxRatio": 0.1400468995, "incomeTaxExpense": 75426000, "netIncome": 119925000, "netIncomeRatio": 0.0859740898, "eps": 6.29, "epsdiluted": 5.95, "weightedAverageShsOut": 19791000, "weightedAverageShsOutDil": 19939000, "link": "https://www.sec.gov/Archives/edgar/data/717954/000143774914019037/0001437749-14-019037-index.htm", "finalLink": "https://www.sec.gov/Archives/edgar/data/717954/000143774914019037/unf20140830_10k.htm", "calculatedOtherExpenses": 71752000, "calculatedOperatingExpenses": 343316000, "calculatedNetInterest": 2359000, "calculatedOtherIncome": -283000, "calculatedIncomeNonControlling": 0, "calculatedEbitda": 265027000}, {"date": "2013-08-31", "symbol": "UNF", "reportedCurrency": "USD", "cik": "0000717954", "fillingDate": "2013-10-30", "acceptedDate": "2013-10-30 16:18:21", "calendarYear": "2013", "period": "FY", "revenue": 1355515000, "costOfRevenue": 836174000, "grossProfit": 519341000, "grossProfitRatio": 0.3831318724, "researchAndDevelopmentExpenses": 0, "generalAndAdministrativeExpenses": 262331000, "sellingAndMarketingExpenses": 1200000, "sellingGeneralAndAdministrativeExpenses": 263531000, "otherExpenses": 69607000, "operatingExpenses": 333138000, "costAndExpenses": 1169312000, "interestIncome": 3201000, "interestExpense": 1651000, "depreciationAndAmortization": 69607000, "ebitda": 259011000, "ebitdaratio": 0.1910794052, "operatingIncome": 186203000, "operatingIncomeRatio": 0.1373669786, "totalOtherIncomeExpensesNet": -144000, "incomeBeforeTax": 187609000, "incomeBeforeTaxRatio": 0.1384042227, "incomeTaxExpense": 70924000, "netIncome": 116685000, "netIncomeRatio": 0.0860816738, "eps": 6.14, "epsdiluted": 5.81, "weightedAverageShsOut": 19641000, "weightedAverageShsOutDil": 19789000, "link": "https://www.sec.gov/Archives/edgar/data/717954/000143774913013615/0001437749-13-013615-index.htm", "finalLink": "https://www.sec.gov/Archives/edgar/data/717954/000143774913013615/unf20131018_10k.htm", "calculatedOtherExpenses": 69607000, "calculatedOperatingExpenses": 333138000, "calculatedNetInterest": 1550000, "calculatedOtherIncome": -144000, "calculatedIncomeNonControlling": 0, "calculatedEbitda": 255810000}, {"date": "2012-08-25", "symbol": "UNF", "reportedCurrency": "USD", "cik": "0000717954", "fillingDate": "2012-10-24", "acceptedDate": "2012-10-24 14:47:56", "calendarYear": "2012", "period": "FY", "revenue": 1256289000, "costOfRevenue": 797944000, "grossProfit": 458345000, "grossProfitRatio": 0.3648404149, "researchAndDevelopmentExpenses": 0, "generalAndAdministrativeExpenses": 0, "sellingAndMarketingExpenses": 0, "sellingGeneralAndAdministrativeExpenses": 240798000, "otherExpenses": 66439000, "operatingExpenses": 307237000, "costAndExpenses": 1105181000, "interestIncome": 2738000, "interestExpense": 2132000, "depreciationAndAmortization": 66439000, "ebitda": 220285000, "ebitdaratio": 0.1753458002, "operatingIncome": 151108000, "operatingIncomeRatio": 0.120281241, "totalOtherIncomeExpensesNet": -980000, "incomeBeforeTax": 150734000, "incomeBeforeTaxRatio": 0.1199835388, "incomeTaxExpense": 55745000, "netIncome": 94989000, "netIncomeRatio": 0.075610787, "eps": 5.02, "epsdiluted": 4.76, "weightedAverageShsOut": 19525000, "weightedAverageShsOutDil": 19616000, "link": "https://www.sec.gov/Archives/edgar/data/717954/000128408412000040/0001284084-12-000040-index.htm", "finalLink": "https://www.sec.gov/Archives/edgar/data/717954/000128408412000040/form10k-4q2012.htm", "calculatedOtherExpenses": 66439000, "calculatedOperatingExpenses": 307237000, "calculatedNetInterest": 606000, "calculatedOtherIncome": -980000, "calculatedIncomeNonControlling": 0, "calculatedEbitda": 217547000}, {"date": "2011-08-27", "symbol": "UNF", "reportedCurrency": "USD", "cik": "0000717954", "fillingDate": "2011-10-26", "acceptedDate": "2011-10-26 14:58:35", "calendarYear": "2011", "period": "FY", "revenue": 1134126000, "costOfRevenue": 712309000, "grossProfit": 421817000, "grossProfitRatio": 0.3719313374, "researchAndDevelopmentExpenses": 0, "generalAndAdministrativeExpenses": 0, "sellingAndMarketingExpenses": 0, "sellingGeneralAndAdministrativeExpenses": 233111000, "otherExpenses": 64733000, "operatingExpenses": 297844000, "costAndExpenses": 1010153000, "interestIncome": 2552000, "interestExpense": 6738000, "depreciationAndAmortization": 64733000, "ebitda": 191258000, "ebitdaratio": 0.1686391106, "operatingIncome": 123973000, "operatingIncomeRatio": 0.1093114874, "totalOtherIncomeExpensesNet": 785000, "incomeBeforeTax": 120572000, "incomeBeforeTaxRatio": 0.1063127025, "incomeTaxExpense": 44086000, "netIncome": 76486000, "netIncomeRatio": 0.0674404784, "eps": 3.93, "epsdiluted": 3.85, "weightedAverageShsOut": 19449000, "weightedAverageShsOutDil": 19532000, "link": "https://www.sec.gov/Archives/edgar/data/717954/000128408411000040/0001284084-11-000040-index.htm", "finalLink": "https://www.sec.gov/Archives/edgar/data/717954/000128408411000040/form10k-4q2011.htm", "calculatedOtherExpenses": 64733000, "calculatedOperatingExpenses": 297844000, "calculatedNetInterest": -4186000, "calculatedOtherIncome": 785000, "calculatedIncomeNonControlling": 0, "calculatedEbitda": 188706000}, {"date": "2010-08-28", "symbol": "UNF", "reportedCurrency": "USD", "cik": "0000717954", "fillingDate": "2010-10-27", "acceptedDate": "2010-10-27 16:48:11", "calendarYear": "2010", "period": "FY", "revenue": 1025939000, "costOfRevenue": 620727000, "grossProfit": 405212000, "grossProfitRatio": 0.3949669522, "researchAndDevelopmentExpenses": 0, "generalAndAdministrativeExpenses": 0, "sellingAndMarketingExpenses": 0, "sellingGeneralAndAdministrativeExpenses": 213463000, "otherExpenses": 61477000, "operatingExpenses": 274940000, "costAndExpenses": 895667000, "interestIncome": 2104000, "interestExpense": 8778000, "depreciationAndAmortization": 61477000, "ebitda": 193853000, "ebitdaratio": 0.1889517798, "operatingIncome": 130272000, "operatingIncomeRatio": 0.1269783096, "totalOtherIncomeExpensesNet": -746000, "incomeBeforeTax": 122852000, "incomeBeforeTaxRatio": 0.1197459108, "incomeTaxExpense": 46444000, "netIncome": 76408000, "netIncomeRatio": 0.0744761628, "eps": 3.94, "epsdiluted": 3.92, "weightedAverageShsOut": 19393000, "weightedAverageShsOutDil": 19458000, "link": "https://www.sec.gov/Archives/edgar/data/717954/000128408410000049/0001284084-10-000049-index.htm", "finalLink": "https://www.sec.gov/Archives/edgar/data/717954/000128408410000049/form10k-4q2010.htm", "calculatedOtherExpenses": 61477000, "calculatedOperatingExpenses": 274940000, "calculatedNetInterest": -6674000, "calculatedOtherIncome": -746000, "calculatedIncomeNonControlling": 0, "calculatedEbitda": 191749000}, {"date": "2009-08-29", "symbol": "UNF", "reportedCurrency": "USD", "cik": "0000717954", "fillingDate": "2009-11-12", "acceptedDate": "2009-11-12 15:47:31", "calendarYear": "2009", "period": "FY", "revenue": 1013416000, "costOfRevenue": 609629000, "grossProfit": 403787000, "grossProfitRatio": 0.3984415087, "researchAndDevelopmentExpenses": 0, "generalAndAdministrativeExpenses": 0, "sellingAndMarketingExpenses": 0, "sellingGeneralAndAdministrativeExpenses": 211962000, "otherExpenses": 57789000, "operatingExpenses": 269751000, "costAndExpenses": 879380000, "interestIncome": 1992000, "interestExpense": 9313000, "depreciationAndAmortization": 57789000, "ebitda": 193817000, "ebitdaratio": 0.1912511742, "operatingIncome": 134036000, "operatingIncomeRatio": 0.1322615787, "totalOtherIncomeExpensesNet": -250000, "incomeBeforeTax": 126465000, "incomeBeforeTaxRatio": 0.1247908065, "incomeTaxExpense": 50613000, "netIncome": 75852000, "netIncomeRatio": 0.0748478414, "eps": 4.13, "epsdiluted": 3.92, "weightedAverageShsOut": 14394000, "weightedAverageShsOutDil": 19373000, "link": "https://www.sec.gov/Archives/edgar/data/717954/000128408409000056/0001284084-09-000056-index.htm", "finalLink": "https://www.sec.gov/Archives/edgar/data/717954/000128408409000056/form10-k_082909.htm", "calculatedOtherExpenses": 57789000, "calculatedOperatingExpenses": 269751000, "calculatedNetInterest": -7321000, "calculatedOtherIncome": -250000, "calculatedIncomeNonControlling": 0, "calculatedEbitda": 191825000}, {"date": "2008-08-30", "symbol": "UNF", "reportedCurrency": "USD", "cik": "0000717954", "fillingDate": "2008-11-13", "acceptedDate": "2008-11-13 16:15:22", "calendarYear": "2008", "period": "FY", "revenue": 1023175000, "costOfRevenue": 643886000, "grossProfit": 379289000, "grossProfitRatio": 0.3706980722, "researchAndDevelopmentExpenses": 0, "generalAndAdministrativeExpenses": 0, "sellingAndMarketingExpenses": 0, "sellingGeneralAndAdministrativeExpenses": 216867000, "otherExpenses": 53784000, "operatingExpenses": 270651000, "costAndExpenses": 914537000, "interestIncome": 0, "interestExpense": 10103000, "depreciationAndAmortization": 53784000, "ebitda": 162586000, "ebitdaratio": 0.1589034134, "operatingIncome": 108638000, "operatingIncomeRatio": 0.1061773401, "totalOtherIncomeExpensesNet": -164000, "incomeBeforeTax": 98699000, "incomeBeforeTaxRatio": 0.0964634593, "incomeTaxExpense": 37721000, "netIncome": 60978000, "netIncomeRatio": 0.0595968432, "eps": 3.33, "epsdiluted": 3.15, "weightedAverageShsOut": 19300000, "weightedAverageShsOutDil": 19353000, "link": "https://www.sec.gov/Archives/edgar/data/717954/000128408408000043/0001284084-08-000043-index.htm", "finalLink": "https://www.sec.gov/Archives/edgar/data/717954/000128408408000043/form10-k_083008.htm", "calculatedOtherExpenses": 53784000, "calculatedOperatingExpenses": 270651000, "calculatedNetInterest": -10103000, "calculatedOtherIncome": 164000, "calculatedIncomeNonControlling": 0, "calculatedEbitda": 162422000}, {"date": "2007-08-25", "symbol": "UNF", "reportedCurrency": "USD", "cik": "0000717954", "fillingDate": "2007-11-08", "acceptedDate": "2007-11-08 12:36:05", "calendarYear": "2007", "period": "FY", "revenue": 902102000, "costOfRevenue": 572221000, "grossProfit": 329881000, "grossProfitRatio": 0.3656803776, "researchAndDevelopmentExpenses": 0, "generalAndAdministrativeExpenses": 0, "sellingAndMarketingExpenses": 0, "sellingGeneralAndAdministrativeExpenses": 197148000, "otherExpenses": 48512000, "operatingExpenses": 245660000, "costAndExpenses": 817881000, "interestIncome": 0, "interestExpense": 10759000, "depreciationAndAmortization": 49674000, "ebitda": 133895000, "ebitdaratio": 0.1484255661, "operatingIncome": 84221000, "operatingIncomeRatio": 0.0933608395, "totalOtherIncomeExpensesNet": -10759000, "incomeBeforeTax": 73462000, "incomeBeforeTaxRatio": 0.0814342502, "incomeTaxExpense": 28267000, "netIncome": 45195000, "netIncomeRatio": 0.0500996561, "eps": 2.47, "epsdiluted": 2.34, "weightedAverageShsOut": 19264000, "weightedAverageShsOutDil": 19342000, "link": "https://www.sec.gov/Archives/edgar/data/717954/000128408407000051/0001284084-07-000051-index.htm", "finalLink": "https://www.sec.gov/Archives/edgar/data/717954/000128408407000051/form10-k_082507.htm", "calculatedOtherExpenses": 48512000, "calculatedOperatingExpenses": 245660000, "calculatedNetInterest": -10759000, "calculatedOtherIncome": 0, "calculatedIncomeNonControlling": 0, "calculatedEbitda": 133895000}, {"date": "2006-08-26", "symbol": "UNF", "reportedCurrency": "USD", "cik": "0000717954", "fillingDate": "2006-11-09", "acceptedDate": "2006-11-09 14:51:30", "calendarYear": "2006", "period": "FY", "revenue": 820972000, "costOfRevenue": 524694000, "grossProfit": 296278000, "grossProfitRatio": 0.3608868512, "researchAndDevelopmentExpenses": 0, "generalAndAdministrativeExpenses": 0, "sellingAndMarketingExpenses": 0, "sellingGeneralAndAdministrativeExpenses": 177167000, "otherExpenses": 45310000, "operatingExpenses": 222477000, "costAndExpenses": 747171000, "interestIncome": 0, "interestExpense": 9544000, "depreciationAndAmortization": 46004000, "ebitda": 119805000, "ebitdaratio": 0.1459306773, "operatingIncome": 73801000, "operatingIncomeRatio": 0.0898946615, "totalOtherIncomeExpensesNet": -9544000, "incomeBeforeTax": 64257000, "incomeBeforeTaxRatio": 0.0782694172, "incomeTaxExpense": 25049000, "netIncome": 39208000, "netIncomeRatio": 0.0477580234, "eps": 2.04, "epsdiluted": 2.03, "weightedAverageShsOut": 19242000, "weightedAverageShsOutDil": 19313000, "link": "https://www.sec.gov/Archives/edgar/data/717954/000128408406000136/0001284084-06-000136-index.htm", "finalLink": "https://www.sec.gov/Archives/edgar/data/717954/000128408406000136/form10-k_082606.htm", "calculatedOtherExpenses": 45310000, "calculatedOperatingExpenses": 222477000, "calculatedNetInterest": -9544000, "calculatedOtherIncome": 0, "calculatedIncomeNonControlling": 0, "calculatedEbitda": 119805000}, {"date": "2005-08-27", "symbol": "UNF", "reportedCurrency": "USD", "cik": "0000717954", "fillingDate": "2005-11-10", "acceptedDate": "2005-11-10 15:10:59", "calendarYear": "2005", "period": "FY", "revenue": 763842000, "costOfRevenue": 480714000, "grossProfit": 283128000, "grossProfitRatio": 0.3706630429, "researchAndDevelopmentExpenses": 0, "generalAndAdministrativeExpenses": 0, "sellingAndMarketingExpenses": 0, "sellingGeneralAndAdministrativeExpenses": 163189000, "otherExpenses": 43927000, "operatingExpenses": 207116000, "costAndExpenses": 687830000, "interestIncome": 0, "interestExpense": 6618000, "depreciationAndAmortization": 44622000, "ebitda": 120411000, "ebitdaratio": 0.1576386216, "operatingIncome": 76012000, "operatingIncomeRatio": 0.0995127265, "totalOtherIncomeExpensesNet": 223000, "incomeBeforeTax": 69171000, "incomeBeforeTaxRatio": 0.0905566858, "incomeTaxExpense": 25823000, "netIncome": 43348000, "netIncomeRatio": 0.0567499561, "eps": 2.26, "epsdiluted": 2.24, "weightedAverageShsOut": 19219000, "weightedAverageShsOutDil": 19311000, "link": "https://www.sec.gov/Archives/edgar/data/717954/000095013505006394/0000950135-05-006394-index.htm", "finalLink": "https://www.sec.gov/Archives/edgar/data/717954/000095013505006394/form_10k-2005.htm", "calculatedOtherExpenses": 43927000, "calculatedOperatingExpenses": 207116000, "calculatedNetInterest": -6618000, "calculatedOtherIncome": -223000, "calculatedIncomeNonControlling": 0, "calculatedEbitda": 120634000}, {"date": "2004-08-28", "symbol": "UNF", "reportedCurrency": "USD", "cik": "0000717954", "fillingDate": "2004-11-12", "acceptedDate": "2004-11-12 16:13:34", "calendarYear": "2004", "period": "FY", "revenue": 719356000, "costOfRevenue": 462612000, "grossProfit": 256744000, "grossProfitRatio": 0.3569081234, "researchAndDevelopmentExpenses": 0, "generalAndAdministrativeExpenses": 0, "sellingAndMarketingExpenses": 0, "sellingGeneralAndAdministrativeExpenses": 147851000, "otherExpenses": 44889000, "operatingExpenses": 192740000, "costAndExpenses": 655352000, "interestIncome": 0, "interestExpense": 7425000, "depreciationAndAmortization": 46941000, "ebitda": 108964000, "ebitdaratio": 0.1514743743, "operatingIncome": 64004000, "operatingIncomeRatio": 0.0889740268, "totalOtherIncomeExpensesNet": 1981000, "incomeBeforeTax": 54598000, "incomeBeforeTaxRatio": 0.0758984425, "incomeTaxExpense": 21020000, "netIncome": 33578000, "netIncomeRatio": 0.0466778619, "eps": 1.74, "epsdiluted": 1.74, "weightedAverageShsOut": 19194000, "weightedAverageShsOutDil": 19258000, "link": "https://www.sec.gov/Archives/edgar/data/717954/000128408404000113/0001284084-04-000113-index.htm", "finalLink": "https://www.sec.gov/Archives/edgar/data/717954/000128408404000113/form10-k_2004.htm", "calculatedOtherExpenses": 44889000, "calculatedOperatingExpenses": 192740000, "calculatedNetInterest": -7425000, "calculatedOtherIncome": -1981000, "calculatedIncomeNonControlling": 0, "calculatedEbitda": 110945000}, {"date": "2003-08-30", "symbol": "UNF", "reportedCurrency": "USD", "cik": "0000717954", "fillingDate": "2003-11-28", "acceptedDate": "2003-11-26 18:51:33", "calendarYear": "2003", "period": "FY", "revenue": 596936000, "costOfRevenue": 370555000, "grossProfit": 226381000, "grossProfitRatio": 0.3792383103, "researchAndDevelopmentExpenses": 0, "generalAndAdministrativeExpenses": 0, "sellingAndMarketingExpenses": 0, "sellingGeneralAndAdministrativeExpenses": 137884000, "otherExpenses": 39659000, "operatingExpenses": 177543000, "costAndExpenses": 548098000, "interestIncome": 0, "interestExpense": 2216000, "depreciationAndAmortization": 39659000, "ebitda": 87205000, "ebitdaratio": 0.1460876878, "operatingIncome": 48838000, "operatingIncomeRatio": 0.0818144659, "totalOtherIncomeExpensesNet": 1292000, "incomeBeforeTax": 47572000, "incomeBeforeTaxRatio": 0.0796936355, "incomeTaxExpense": 18310000, "netIncome": 27020000, "netIncomeRatio": 0.045264484, "eps": 1.58, "epsdiluted": 1.4, "weightedAverageShsOut": 17101266, "weightedAverageShsOutDil": 19300000, "link": "https://www.sec.gov/Archives/edgar/data/717954/000095013503005859/0000950135-03-005859-index.htm", "finalLink": "https://www.sec.gov/Archives/edgar/data/717954/000095013503005859/b48590uce10vk.txt", "calculatedOtherExpenses": 39659000, "calculatedOperatingExpenses": 177543000, "calculatedNetInterest": -2216000, "calculatedOtherIncome": 950000, "calculatedIncomeNonControlling": 2242000, "calculatedEbitda": 88497000}, {"date": "2002-08-31", "symbol": "UNF", "reportedCurrency": "USD", "cik": "0000717954", "fillingDate": "2002-11-27", "acceptedDate": "2002-11-27 16:44:31", "calendarYear": "2002", "period": "FY", "revenue": 578898000, "costOfRevenue": 349009000, "grossProfit": 229889000, "grossProfitRatio": 0.3971148631, "researchAndDevelopmentExpenses": 0, "generalAndAdministrativeExpenses": 0, "sellingAndMarketingExpenses": 0, "sellingGeneralAndAdministrativeExpenses": 139879000, "otherExpenses": 38031000, "operatingExpenses": 177910000, "costAndExpenses": 526919000, "interestIncome": 0, "interestExpense": 9916000, "depreciationAndAmortization": 38031000, "ebitda": 91266000, "ebitdaratio": 0.1576547164, "operatingIncome": 51979000, "operatingIncomeRatio": 0.0897895657, "totalOtherIncomeExpensesNet": -1256000, "incomeBeforeTax": 43319000, "incomeBeforeTaxRatio": 0.0748301082, "incomeTaxExpense": 16460000, "netIncome": 26859000, "netIncomeRatio": 0.0463967746, "eps": 1.4, "epsdiluted": 1.39, "weightedAverageShsOut": 19222000, "weightedAverageShsOutDil": 19278000, "link": "https://www.sec.gov/Archives/edgar/data/717954/000095013502005354/0000950135-02-005354-index.htm", "finalLink": "https://www.sec.gov/Archives/edgar/data/717954/000095013502005354/b44855ufe10vk.txt", "calculatedOtherExpenses": 38031000, "calculatedOperatingExpenses": 177910000, "calculatedNetInterest": -9916000, "calculatedOtherIncome": 1256000, "calculatedIncomeNonControlling": 0, "calculatedEbitda": 90010000}, {"date": "2001-08-25", "symbol": "UNF", "reportedCurrency": "USD", "cik": "0000717954", "fillingDate": "2001-11-21", "acceptedDate": "2001-11-21 00:00:00", "calendarYear": "2001", "period": "FY", "revenue": 556371000, "costOfRevenue": 349449000, "grossProfit": 206922000, "grossProfitRatio": 0.3719137051, "researchAndDevelopmentExpenses": 0, "generalAndAdministrativeExpenses": 0, "sellingAndMarketingExpenses": 0, "sellingGeneralAndAdministrativeExpenses": 121789000, "otherExpenses": 37568000, "operatingExpenses": 159357000, "costAndExpenses": 508806000, "interestIncome": 0, "interestExpense": 12348000, "depreciationAndAmortization": 37568000, "ebitda": 87373000, "ebitdaratio": 0.1570408954, "operatingIncome": 47565000, "operatingIncomeRatio": 0.0854915156, "totalOtherIncomeExpensesNet": -2240000, "incomeBeforeTax": 37457000, "incomeBeforeTaxRatio": 0.0673237822, "incomeTaxExpense": 14233000, "netIncome": 23224000, "netIncomeRatio": 0.0417419312, "eps": 1.2, "epsdiluted": 1.2, "weightedAverageShsOut": 19364000, "weightedAverageShsOutDil": 19378000, "link": "https://www.sec.gov/Archives/edgar/data/717954/000095013501503670/0000950135-01-503670-index.htm", "finalLink": "https://www.sec.gov/Archives/edgar/data/717954/000095013501503670/b40954uce10-k.txt", "calculatedOtherExpenses": 37568000, "calculatedOperatingExpenses": 159357000, "calculatedNetInterest": -12348000, "calculatedOtherIncome": 2240000, "calculatedIncomeNonControlling": 0, "calculatedEbitda": 85133000}, {"date": "2000-08-26", "symbol": "UNF", "reportedCurrency": "USD", "cik": "0000717954", "fillingDate": "2000-11-27", "acceptedDate": "2000-11-27 00:00:00", "calendarYear": "2000", "period": "FY", "revenue": 528726000, "costOfRevenue": 336324000, "grossProfit": 192402000, "grossProfitRatio": 0.3638973684, "researchAndDevelopmentExpenses": 0, "generalAndAdministrativeExpenses": 0, "sellingAndMarketingExpenses": 0, "sellingGeneralAndAdministrativeExpenses": 118448000, "otherExpenses": 34710000, "operatingExpenses": 153158000, "costAndExpenses": 489482000, "interestIncome": 0, "interestExpense": 7200000, "depreciationAndAmortization": 34710000, "ebitda": 73954000, "ebitdaratio": 0.1398720698, "operatingIncome": 39244000, "operatingIncomeRatio": 0.0742237, "totalOtherIncomeExpensesNet": -7200000, "incomeBeforeTax": 32044000, "incomeBeforeTaxRatio": 0.0606060606, "incomeTaxExpense": 12176000, "netIncome": 19868000, "netIncomeRatio": 0.0375771193, "eps": 1.01, "epsdiluted": 1.01, "weightedAverageShsOut": 19670000, "weightedAverageShsOutDil": 19670000, "link": "https://www.sec.gov/Archives/edgar/data/717954/000095013500005272/0000950135-00-005272-index.htm", "finalLink": "https://www.sec.gov/Archives/edgar/data/717954/000095013500005272/b37490uce10-k.txt", "calculatedOtherExpenses": 34710000, "calculatedOperatingExpenses": 153158000, "calculatedNetInterest": -7200000, "calculatedOtherIncome": 0, "calculatedIncomeNonControlling": 0, "calculatedEbitda": 73954000}, {"date": "1999-08-28", "symbol": "UNF", "reportedCurrency": "USD", "cik": "0000717954", "fillingDate": "1999-11-24", "acceptedDate": "1999-11-24 00:00:00", "calendarYear": "1999", "period": "FY", "revenue": 487100000, "costOfRevenue": 294500000, "grossProfit": 192600000, "grossProfitRatio": 0.395401355, "researchAndDevelopmentExpenses": 0, "generalAndAdministrativeExpenses": 0, "sellingAndMarketingExpenses": 0, "sellingGeneralAndAdministrativeExpenses": 109100000, "otherExpenses": 31700000, "operatingExpenses": 140800000, "costAndExpenses": 435300000, "interestIncome": 0, "interestExpense": 4900000, "depreciationAndAmortization": 31700000, "ebitda": 83500000, "ebitdaratio": 0.1714227058, "operatingIncome": 51800000, "operatingIncomeRatio": 0.1063436666, "totalOtherIncomeExpensesNet": -4900000, "incomeBeforeTax": 46900000, "incomeBeforeTaxRatio": 0.0962841306, "incomeTaxExpense": 22800000, "netIncome": 24100000, "netIncomeRatio": 0.0494764935, "eps": 1.18, "epsdiluted": 1.18, "weightedAverageShsOut": 20423729, "weightedAverageShsOutDil": 20423729, "link": "https://www.sec.gov/Archives/edgar/data/717954/000095013599005419/0000950135-99-005419-index.html", "finalLink": "https://www.sec.gov/Archives/edgar/data/717954/000095013599005419/", "calculatedOtherExpenses": 31700000, "calculatedOperatingExpenses": 140800000, "calculatedNetInterest": -4900000, "calculatedOtherIncome": 0, "calculatedIncomeNonControlling": 0, "calculatedEbitda": 83500000}, {"date": "1998-08-29", "symbol": "UNF", "reportedCurrency": "USD", "cik": "0000717954", "fillingDate": "1998-11-25", "acceptedDate": "1998-11-25 00:00:00", "calendarYear": "1998", "period": "FY", "revenue": 448100000, "costOfRevenue": 269700000, "grossProfit": 178400000, "grossProfitRatio": 0.3981254184, "researchAndDevelopmentExpenses": 0, "generalAndAdministrativeExpenses": 0, "sellingAndMarketingExpenses": 0, "sellingGeneralAndAdministrativeExpenses": 97600000, "otherExpenses": 26700000, "operatingExpenses": 124300000, "costAndExpenses": 394000000, "interestIncome": 0, "interestExpense": 1900000, "depreciationAndAmortization": 26700000, "ebitda": 80500000, "ebitdaratio": 0.1796474001, "operatingIncome": 54100000, "operatingIncomeRatio": 0.1207319795, "totalOtherIncomeExpensesNet": 300000, "incomeBeforeTax": 51900000, "incomeBeforeTaxRatio": 0.1158223611, "incomeTaxExpense": 18700000, "netIncome": 33200000, "netIncomeRatio": 0.0740906048, "eps": 1.62, "epsdiluted": 1.62, "weightedAverageShsOut": 20493827, "weightedAverageShsOutDil": 20493827, "link": "https://www.sec.gov/Archives/edgar/data/717954/000095013598006066/0000950135-98-006066-index.html", "finalLink": "https://www.sec.gov/Archives/edgar/data/717954/", "calculatedOtherExpenses": 26700000, "calculatedOperatingExpenses": 124300000, "calculatedNetInterest": -1900000, "calculatedOtherIncome": -300000, "calculatedIncomeNonControlling": 0, "calculatedEbitda": 80800000}, {"date": "1997-08-30", "symbol": "UNF", "reportedCurrency": "USD", "cik": "0000717954", "fillingDate": "1997-11-26", "acceptedDate": "1997-11-26 00:00:00", "calendarYear": "1997", "period": "FY", "revenue": 419100000, "costOfRevenue": 256900000, "grossProfit": 162200000, "grossProfitRatio": 0.3870198043, "researchAndDevelopmentExpenses": 0, "generalAndAdministrativeExpenses": 0, "sellingAndMarketingExpenses": 0, "sellingGeneralAndAdministrativeExpenses": 91800000, "otherExpenses": 23400000, "operatingExpenses": 115200000, "costAndExpenses": 372100000, "interestIncome": 0, "interestExpense": 1900000, "depreciationAndAmortization": 23400000, "ebitda": 70200000, "ebitdaratio": 0.1675017895, "operatingIncome": 47000000, "operatingIncomeRatio": 0.1121450728, "totalOtherIncomeExpensesNet": 200000, "incomeBeforeTax": 44900000, "incomeBeforeTaxRatio": 0.1071343355, "incomeTaxExpense": 16200000, "netIncome": 28700000, "netIncomeRatio": 0.0684800764, "eps": 1.4, "epsdiluted": 1.4, "weightedAverageShsOut": 20500000, "weightedAverageShsOutDil": 20500000, "link": "https://www.sec.gov/Archives/edgar/data/717954/000095013597004790/0000950135-97-004790-index.html", "finalLink": "https://www.sec.gov/Archives/edgar/data/717954/", "calculatedOtherExpenses": 23400000, "calculatedOperatingExpenses": 115200000, "calculatedNetInterest": -1900000, "calculatedOtherIncome": -200000, "calculatedIncomeNonControlling": 0, "calculatedEbitda": 70400000}, {"date": "1996-08-31", "symbol": "UNF", "reportedCurrency": "USD", "cik": "0000717954", "fillingDate": "1996-11-27", "acceptedDate": "1996-11-27 00:00:00", "calendarYear": "1996", "period": "FY", "revenue": 391800000, "costOfRevenue": 240700000, "grossProfit": 151100000, "grossProfitRatio": 0.3856559469, "researchAndDevelopmentExpenses": 0, "generalAndAdministrativeExpenses": 0, "sellingAndMarketingExpenses": 0, "sellingGeneralAndAdministrativeExpenses": 89400000, "otherExpenses": 20800000, "operatingExpenses": 110200000, "costAndExpenses": 350900000, "interestIncome": 0, "interestExpense": 2100000, "depreciationAndAmortization": 20800000, "ebitda": 61500000, "ebitdaratio": 0.1569678407, "operatingIncome": 40900000, "operatingIncomeRatio": 0.1043899949, "totalOtherIncomeExpensesNet": 200000, "incomeBeforeTax": 38600000, "incomeBeforeTaxRatio": 0.0985196529, "incomeTaxExpense": 13900000, "netIncome": 24700000, "netIncomeRatio": 0.0630423686, "eps": 1.2, "epsdiluted": 1.2, "weightedAverageShsOut": 20510608, "weightedAverageShsOutDil": 20561798, "link": "https://www.sec.gov/Archives/edgar/data/717954/000095013596005161/0000950135-96-005161-index.html", "finalLink": "https://www.sec.gov/Archives/edgar/data/717954/", "calculatedOtherExpenses": 20800000, "calculatedOperatingExpenses": 110200000, "calculatedNetInterest": -2100000, "calculatedOtherIncome": -200000, "calculatedIncomeNonControlling": 0, "calculatedEbitda": 61700000}, {"date": "1995-08-26", "symbol": "UNF", "reportedCurrency": "USD", "cik": "0000717954", "fillingDate": "1995-11-22", "acceptedDate": "1995-11-22 00:00:00", "calendarYear": "1995", "period": "FY", "revenue": 355000000, "costOfRevenue": 222200000, "grossProfit": 132800000, "grossProfitRatio": 0.374084507, "researchAndDevelopmentExpenses": 0, "generalAndAdministrativeExpenses": 0, "sellingAndMarketingExpenses": 0, "sellingGeneralAndAdministrativeExpenses": 79100000, "otherExpenses": 19200000, "operatingExpenses": 98300000, "costAndExpenses": 320500000, "interestIncome": 0, "interestExpense": 2600000, "depreciationAndAmortization": 19200000, "ebitda": 53500000, "ebitdaratio": 0.1507042254, "operatingIncome": 34500000, "operatingIncomeRatio": 0.0971830986, "totalOtherIncomeExpensesNet": 200000, "incomeBeforeTax": 31700000, "incomeBeforeTaxRatio": 0.0892957746, "incomeTaxExpense": 11100000, "netIncome": 20600000, "netIncomeRatio": 0.058028169, "eps": 1.01, "epsdiluted": 1.01, "weightedAverageShsOut": 20396040, "weightedAverageShsOutDil": 20396040, "link": "https://www.sec.gov/Archives/edgar/data/717954/000095013595002490/0000950135-95-002490-index.html", "finalLink": "https://www.sec.gov/Archives/edgar/data/717954/", "calculatedOtherExpenses": 19200000, "calculatedOperatingExpenses": 98300000, "calculatedNetInterest": -2600000, "calculatedOtherIncome": -200000, "calculatedIncomeNonControlling": 0, "calculatedEbitda": 53700000}, {"date": "1994-08-27", "symbol": "UNF", "reportedCurrency": "USD", "cik": "0000717954", "fillingDate": "1994-11-23", "acceptedDate": "1994-11-23 00:00:00", "calendarYear": "1994", "period": "FY", "revenue": 318000000, "costOfRevenue": 196500000, "grossProfit": 121500000, "grossProfitRatio": 0.3820754717, "researchAndDevelopmentExpenses": 0, "generalAndAdministrativeExpenses": 0, "sellingAndMarketingExpenses": 0, "sellingGeneralAndAdministrativeExpenses": 71200000, "otherExpenses": 17900000, "operatingExpenses": 89100000, "costAndExpenses": 285600000, "interestIncome": 0, "interestExpense": 2200000, "depreciationAndAmortization": 17900000, "ebitda": 50100000, "ebitdaratio": 0.1575471698, "operatingIncome": 32400000, "operatingIncomeRatio": 0.1018867925, "totalOtherIncomeExpensesNet": 200000, "incomeBeforeTax": 30000000, "incomeBeforeTaxRatio": 0.0943396226, "incomeTaxExpense": 11100000, "netIncome": 18900000, "netIncomeRatio": 0.0594339623, "eps": 0.92, "epsdiluted": 0.92, "weightedAverageShsOut": 20543478, "weightedAverageShsOutDil": 20543478, "link": "https://www.sec.gov/Archives/edgar/data/717954/000095013594000674/0000950135-94-000674-index.html", "finalLink": "https://www.sec.gov/Archives/edgar/data/717954/", "calculatedOtherExpenses": 17900000, "calculatedOperatingExpenses": 89100000, "calculatedNetInterest": -2200000, "calculatedOtherIncome": -200000, "calculatedIncomeNonControlling": 0, "calculatedEbitda": 50300000}, {"date": "1993-08-31", "symbol": "UNF", "reportedCurrency": "USD", "cik": "0000717954", "fillingDate": "1993-08-31", "acceptedDate": "1993-08-31 00:00:00", "calendarYear": "1993", "period": "FY", "revenue": 287700000, "costOfRevenue": 173800000, "grossProfit": 113900000, "grossProfitRatio": 0.3958985054, "researchAndDevelopmentExpenses": 0, "generalAndAdministrativeExpenses": 0, "sellingAndMarketingExpenses": 0, "sellingGeneralAndAdministrativeExpenses": 66800000, "otherExpenses": 16500000, "operatingExpenses": 83300000, "costAndExpenses": 257100000, "interestIncome": 0, "interestExpense": 2300000, "depreciationAndAmortization": 16500000, "ebitda": 46900000, "ebitdaratio": 0.1630170316, "operatingIncome": 30600000, "operatingIncomeRatio": 0.1063607925, "totalOtherIncomeExpensesNet": 200000, "incomeBeforeTax": 28100000, "incomeBeforeTaxRatio": 0.0976711853, "incomeTaxExpense": 10400000, "netIncome": 17700000, "netIncomeRatio": 0.0615224192, "eps": 0.44, "epsdiluted": 0.44, "weightedAverageShsOut": 20502000, "weightedAverageShsOutDil": 20502000, "link": null, "finalLink": null, "calculatedOtherExpenses": 16500000, "calculatedOperatingExpenses": 83300000, "calculatedNetInterest": -2300000, "calculatedOtherIncome": -200000, "calculatedIncomeNonControlling": 0, "calculatedEbitda": 47100000}, {"date": "1992-08-31", "symbol": "UNF", "reportedCurrency": "USD", "cik": "0000717954", "fillingDate": "1992-08-31", "acceptedDate": "1992-08-31 00:00:00", "calendarYear": "1992", "period": "FY", "revenue": 268200000, "costOfRevenue": 166400000, "grossProfit": 101800000, "grossProfitRatio": 0.379567487, "researchAndDevelopmentExpenses": 0, "generalAndAdministrativeExpenses": 0, "sellingAndMarketingExpenses": 0, "sellingGeneralAndAdministrativeExpenses": 63200000, "otherExpenses": 12600000, "operatingExpenses": 75800000, "costAndExpenses": 242200000, "interestIncome": 0, "interestExpense": 5300000, "depreciationAndAmortization": 12600000, "ebitda": 38400000, "ebitdaratio": 0.1431767338, "operatingIncome": 26000000, "operatingIncomeRatio": 0.0969425802, "totalOtherIncomeExpensesNet": 200000, "incomeBeforeTax": 21900000, "incomeBeforeTaxRatio": 0.081655481, "incomeTaxExpense": 7600000, "netIncome": 12900000, "netIncomeRatio": 0.048098434, "eps": 0.32, "epsdiluted": 0.31, "weightedAverageShsOut": 20376000, "weightedAverageShsOutDil": 20376000, "link": null, "finalLink": null, "calculatedOtherExpenses": 12600000, "calculatedOperatingExpenses": 75800000, "calculatedNetInterest": -5300000, "calculatedOtherIncome": 1200000, "calculatedIncomeNonControlling": 1400000, "calculatedEbitda": 38600000}, {"date": "1991-08-31", "symbol": "UNF", "reportedCurrency": "USD", "cik": "0000717954", "fillingDate": "1991-08-31", "acceptedDate": "1991-08-31 00:00:00", "calendarYear": "1991", "period": "FY", "revenue": 250400000, "costOfRevenue": 154500000, "grossProfit": 95900000, "grossProfitRatio": 0.3829872204, "researchAndDevelopmentExpenses": 0, "generalAndAdministrativeExpenses": 0, "sellingAndMarketingExpenses": 0, "sellingGeneralAndAdministrativeExpenses": 57400000, "otherExpenses": 14200000, "operatingExpenses": 71600000, "costAndExpenses": 226100000, "interestIncome": 0, "interestExpense": 4000000, "depreciationAndAmortization": 14200000, "ebitda": 38200000, "ebitdaratio": 0.1525559105, "operatingIncome": 24300000, "operatingIncomeRatio": 0.0970447284, "totalOtherIncomeExpensesNet": 300000, "incomeBeforeTax": 20000000, "incomeBeforeTaxRatio": 0.0798722045, "incomeTaxExpense": 6800000, "netIncome": 13200000, "netIncomeRatio": 0.052715655, "eps": 0.33, "epsdiluted": 0.32, "weightedAverageShsOut": 20341000, "weightedAverageShsOutDil": 20341000, "link": null, "finalLink": null, "calculatedOtherExpenses": 14200000, "calculatedOperatingExpenses": 71600000, "calculatedNetInterest": -4000000, "calculatedOtherIncome": -300000, "calculatedIncomeNonControlling": 0, "calculatedEbitda": 38500000}, {"date": "1990-08-31", "symbol": "UNF", "reportedCurrency": "USD", "cik": "0000717954", "fillingDate": "1990-08-31", "acceptedDate": "1990-08-31 00:00:00", "calendarYear": "1990", "period": "FY", "revenue": 226700000, "costOfRevenue": 137600000, "grossProfit": 89100000, "grossProfitRatio": 0.3930304367, "researchAndDevelopmentExpenses": 0, "generalAndAdministrativeExpenses": 0, "sellingAndMarketingExpenses": 0, "sellingGeneralAndAdministrativeExpenses": 50300000, "otherExpenses": 12400000, "operatingExpenses": 62700000, "costAndExpenses": 200300000, "interestIncome": 0, "interestExpense": 2800000, "depreciationAndAmortization": 12400000, "ebitda": 38000000, "ebitdaratio": 0.1676224085, "operatingIncome": 26400000, "operatingIncomeRatio": 0.1164534627, "totalOtherIncomeExpensesNet": 800000, "incomeBeforeTax": 22800000, "incomeBeforeTaxRatio": 0.1005734451, "incomeTaxExpense": 8500000, "netIncome": 14300000, "netIncomeRatio": 0.063078959, "eps": 0.35, "epsdiluted": 0.34, "weightedAverageShsOut": 20321000, "weightedAverageShsOutDil": 20321000, "link": null, "finalLink": null, "calculatedOtherExpenses": 12400000, "calculatedOperatingExpenses": 62700000, "calculatedNetInterest": -2800000, "calculatedOtherIncome": -800000, "calculatedIncomeNonControlling": 0, "calculatedEbitda": 38800000}, {"date": "1989-08-31", "symbol": "UNF", "reportedCurrency": "USD", "cik": "0000717954", "fillingDate": "1989-08-31", "acceptedDate": "1989-08-31 00:00:00", "calendarYear": "1989", "period": "FY", "revenue": 212700000, "costOfRevenue": 129000000, "grossProfit": 83700000, "grossProfitRatio": 0.3935119887, "researchAndDevelopmentExpenses": 0, "generalAndAdministrativeExpenses": 0, "sellingAndMarketingExpenses": 0, "sellingGeneralAndAdministrativeExpenses": 47900000, "otherExpenses": 12300000, "operatingExpenses": 60200000, "costAndExpenses": 189200000, "interestIncome": 0, "interestExpense": 4800000, "depreciationAndAmortization": 12300000, "ebitda": 35700000, "ebitdaratio": 0.167842031, "operatingIncome": 23500000, "operatingIncomeRatio": 0.1104842501, "totalOtherIncomeExpensesNet": 100000, "incomeBeforeTax": 18600000, "incomeBeforeTaxRatio": 0.0874471086, "incomeTaxExpense": 7000000, "netIncome": 11600000, "netIncomeRatio": 0.0545369064, "eps": 0.14, "epsdiluted": 0.14, "weightedAverageShsOut": 20291000, "weightedAverageShsOutDil": 20291000, "link": null, "finalLink": null, "calculatedOtherExpenses": 12300000, "calculatedOperatingExpenses": 60200000, "calculatedNetInterest": -4800000, "calculatedOtherIncome": -100000, "calculatedIncomeNonControlling": 0, "calculatedEbitda": 35800000}, {"date": "1988-08-31", "symbol": "UNF", "reportedCurrency": "USD", "cik": "0000717954", "fillingDate": "1988-08-31", "acceptedDate": "1988-08-31 00:00:00", "calendarYear": "1988", "period": "FY", "revenue": 196300000, "costOfRevenue": 119800000, "grossProfit": 76500000, "grossProfitRatio": 0.3897096281, "researchAndDevelopmentExpenses": 0, "generalAndAdministrativeExpenses": 0, "sellingAndMarketingExpenses": 0, "sellingGeneralAndAdministrativeExpenses": 44300000, "otherExpenses": 12300000, "operatingExpenses": 56600000, "costAndExpenses": 176400000, "interestIncome": 0, "interestExpense": 5700000, "depreciationAndAmortization": 12300000, "ebitda": 32000000, "ebitdaratio": 0.1630157922, "operatingIncome": 19900000, "operatingIncomeRatio": 0.1013754457, "totalOtherIncomeExpensesNet": 200000, "incomeBeforeTax": 14000000, "incomeBeforeTaxRatio": 0.0713194091, "incomeTaxExpense": 5300000, "netIncome": 8700000, "netIncomeRatio": 0.0443199185, "eps": 0.11, "epsdiluted": 0.11, "weightedAverageShsOut": 20196000, "weightedAverageShsOutDil": 20196000, "link": null, "finalLink": null, "calculatedOtherExpenses": 12300000, "calculatedOperatingExpenses": 56600000, "calculatedNetInterest": -5700000, "calculatedOtherIncome": -200000, "calculatedIncomeNonControlling": 0, "calculatedEbitda": 32200000}, {"date": "1987-08-31", "symbol": "UNF", "reportedCurrency": "USD", "cik": "0000717954", "fillingDate": "1987-08-31", "acceptedDate": "1987-08-31 00:00:00", "calendarYear": "1987", "period": "FY", "revenue": 159900000, "costOfRevenue": 95700000, "grossProfit": 64200000, "grossProfitRatio": 0.4015009381, "researchAndDevelopmentExpenses": 0, "generalAndAdministrativeExpenses": 0, "sellingAndMarketingExpenses": 0, "sellingGeneralAndAdministrativeExpenses": 38500000, "otherExpenses": 8000000, "operatingExpenses": 46500000, "costAndExpenses": 142200000, "interestIncome": 0, "interestExpense": 1600000, "depreciationAndAmortization": 8000000, "ebitda": 23900000, "ebitdaratio": 0.1494684178, "operatingIncome": 17700000, "operatingIncomeRatio": 0.1106941839, "totalOtherIncomeExpensesNet": 1800000, "incomeBeforeTax": 14300000, "incomeBeforeTaxRatio": 0.0894308943, "incomeTaxExpense": 6500000, "netIncome": 7800000, "netIncomeRatio": 0.0487804878, "eps": 0.0975, "epsdiluted": 0.0975, "weightedAverageShsOut": 20160000, "weightedAverageShsOutDil": 20160000, "link": null, "finalLink": null, "calculatedOtherExpenses": 8000000, "calculatedOperatingExpenses": 46500000, "calculatedNetInterest": -1600000, "calculatedOtherIncome": -1800000, "calculatedIncomeNonControlling": 0, "calculatedEbitda": 25700000}, {"date": "1986-08-31", "symbol": "UNF", "reportedCurrency": "USD", "cik": "0000717954", "fillingDate": "1986-08-31", "acceptedDate": "1986-08-31 00:00:00", "calendarYear": "1986", "period": "FY", "revenue": 114200000, "costOfRevenue": 68700000, "grossProfit": 45500000, "grossProfitRatio": 0.3984238179, "researchAndDevelopmentExpenses": 0, "generalAndAdministrativeExpenses": 0, "sellingAndMarketingExpenses": 0, "sellingGeneralAndAdministrativeExpenses": 24100000, "otherExpenses": 5900000, "operatingExpenses": 30000000, "costAndExpenses": 98700000, "interestIncome": 0, "interestExpense": -300000, "depreciationAndAmortization": 5900000, "ebitda": 20900000, "ebitdaratio": 0.1830122592, "operatingIncome": 15500000, "operatingIncomeRatio": 0.1357267951, "totalOtherIncomeExpensesNet": 500000, "incomeBeforeTax": 15300000, "incomeBeforeTaxRatio": 0.1339754816, "incomeTaxExpense": 7000000, "netIncome": 8300000, "netIncomeRatio": 0.0726795096, "eps": 0.11, "epsdiluted": 0.11, "weightedAverageShsOut": 20160000, "weightedAverageShsOutDil": 20160000, "link": null, "finalLink": null, "calculatedOtherExpenses": 5900000, "calculatedOperatingExpenses": 30000000, "calculatedNetInterest": 300000, "calculatedOtherIncome": -500000, "calculatedIncomeNonControlling": 0, "calculatedEbitda": 21400000}, {"date": "1985-08-31", "symbol": "UNF", "reportedCurrency": "USD", "cik": "0000717954", "fillingDate": "1985-08-31", "acceptedDate": "1985-08-31 00:00:00", "calendarYear": "1985", "period": "FY", "revenue": 104800000, "costOfRevenue": 66800000, "grossProfit": 38000000, "grossProfitRatio": 0.3625954198, "researchAndDevelopmentExpenses": 0, "generalAndAdministrativeExpenses": 0, "sellingAndMarketingExpenses": 0, "sellingGeneralAndAdministrativeExpenses": 22900000, "otherExpenses": 3800000, "operatingExpenses": 26700000, "costAndExpenses": 93500000, "interestIncome": 0, "interestExpense": 300000, "depreciationAndAmortization": 3800000, "ebitda": 14500000, "ebitdaratio": 0.1383587786, "operatingIncome": 11300000, "operatingIncomeRatio": 0.1078244275, "totalOtherIncomeExpensesNet": 600000, "incomeBeforeTax": 10900000, "incomeBeforeTaxRatio": 0.1040076336, "incomeTaxExpense": 4300000, "netIncome": 6100000, "netIncomeRatio": 0.0582061069, "eps": 0.075, "epsdiluted": 0.075, "weightedAverageShsOut": 20160000, "weightedAverageShsOutDil": 20160000, "link": null, "finalLink": null, "calculatedOtherExpenses": 3800000, "calculatedOperatingExpenses": 26700000, "calculatedNetInterest": -300000, "calculatedOtherIncome": -100000, "calculatedIncomeNonControlling": 500000, "calculatedEbitda": 15100000}]}