{"originalCurrency": "USD", "convertedCurrency": "USD", "report": [{"date": "2023-12-31", "symbol": "UNH", "reportedCurrency": "USD", "cik": "0000731766", "fillingDate": "2023-12-31", "acceptedDate": "2023-12-29 19:00:00", "calendarYear": "2023", "period": "FY", "revenue": 371622000000, "costOfRevenue": 280664000000, "grossProfit": 90958000000, "grossProfitRatio": 0.2447594599, "researchAndDevelopmentExpenses": 0, "generalAndAdministrativeExpenses": 0, "sellingAndMarketingExpenses": 0, "sellingGeneralAndAdministrativeExpenses": 54628000000, "otherExpenses": 58600000000, "operatingExpenses": 97370000000, "costAndExpenses": 339264000000, "interestIncome": 0, "interestExpense": 3246000000, "depreciationAndAmortization": 3972000000, "ebitda": 36330000000, "ebitdaratio": 0.0977606277, "operatingIncome": 32358000000, "operatingIncomeRatio": 0.0870723477, "totalOtherIncomeExpensesNet": -3246000000, "incomeBeforeTax": 29112000000, "incomeBeforeTaxRatio": 0.0783376657, "incomeTaxExpense": 5968000000, "netIncome": 22381000000, "netIncomeRatio": 0.060225175, "eps": 24.12, "epsdiluted": 23.86, "weightedAverageShsOut": 928000000, "weightedAverageShsOutDil": 938000000, "link": null, "finalLink": null, "calculatedOtherExpenses": 3972000000, "calculatedOperatingExpenses": 58600000000, "calculatedNetInterest": -3246000000, "calculatedOtherIncome": 0, "calculatedIncomeNonControlling": 763000000, "calculatedEbitda": 36330000000}, {"date": "2022-12-31", "symbol": "UNH", "reportedCurrency": "USD", "cik": "0000731766", "fillingDate": "2023-02-24", "acceptedDate": "2023-02-24 17:28:40", "calendarYear": "2022", "period": "FY", "revenue": 322132000000, "costOfRevenue": 244545000000, "grossProfit": 77587000000, "grossProfitRatio": 0.2408546807, "researchAndDevelopmentExpenses": 0, "generalAndAdministrativeExpenses": 0, "sellingAndMarketingExpenses": 0, "sellingGeneralAndAdministrativeExpenses": 47782000000, "otherExpenses": 51182000000, "operatingExpenses": 51182000000, "costAndExpenses": 295727000000, "interestIncome": 2092000000, "interestExpense": 2092000000, "depreciationAndAmortization": 1370000000, "ebitda": 29805000000, "ebitdaratio": 0.0925241826, "operatingIncome": 28435000000, "operatingIncomeRatio": 0.0882712677, "totalOtherIncomeExpensesNet": -2092000000, "incomeBeforeTax": 26343000000, "incomeBeforeTaxRatio": 0.0817770355, "incomeTaxExpense": 5704000000, "netIncome": 20120000000, "netIncomeRatio": 0.0624588678, "eps": 21.47, "epsdiluted": 21.18, "weightedAverageShsOut": 937000000, "weightedAverageShsOutDil": 950000000, "link": "https://www.sec.gov/Archives/edgar/data/731766/000073176623000008/0000731766-23-000008-index.htm", "finalLink": "https://www.sec.gov/Archives/edgar/data/731766/000073176623000008/unh-20221231.htm", "calculatedOtherExpenses": 1370000000, "calculatedOperatingExpenses": 49152000000, "calculatedNetInterest": 0, "calculatedOtherIncome": -2092000000, "calculatedIncomeNonControlling": 519000000, "calculatedEbitda": 29805000000}, {"date": "2021-12-31", "symbol": "UNH", "reportedCurrency": "USD", "cik": "0000731766", "fillingDate": "2022-02-15", "acceptedDate": "2022-02-15 16:50:18", "calendarYear": "2021", "period": "FY", "revenue": 285273000000, "costOfRevenue": 217945000000, "grossProfit": 67328000000, "grossProfitRatio": 0.2360125213, "researchAndDevelopmentExpenses": 0, "generalAndAdministrativeExpenses": 0, "sellingAndMarketingExpenses": 0, "sellingGeneralAndAdministrativeExpenses": 42579000000, "otherExpenses": 45682000000, "operatingExpenses": 45682000000, "costAndExpenses": 263627000000, "interestIncome": 1660000000, "interestExpense": 1660000000, "depreciationAndAmortization": 779000000, "ebitda": 24749000000, "ebitdaratio": 0.0867554939, "operatingIncome": 23970000000, "operatingIncomeRatio": 0.0840247763, "totalOtherIncomeExpensesNet": -1660000000, "incomeBeforeTax": 22310000000, "incomeBeforeTaxRatio": 0.0782057888, "incomeTaxExpense": 4578000000, "netIncome": 17285000000, "netIncomeRatio": 0.0605910829, "eps": 18.33, "epsdiluted": 18.08, "weightedAverageShsOut": 943000000, "weightedAverageShsOutDil": 956000000, "link": "https://www.sec.gov/Archives/edgar/data/731766/000073176622000008/0000731766-22-000008-index.htm", "finalLink": "https://www.sec.gov/Archives/edgar/data/731766/000073176622000008/unh-20211231.htm", "calculatedOtherExpenses": 779000000, "calculatedOperatingExpenses": 43358000000, "calculatedNetInterest": 0, "calculatedOtherIncome": -1660000000, "calculatedIncomeNonControlling": 447000000, "calculatedEbitda": 24749000000}, {"date": "2020-12-31", "symbol": "UNH", "reportedCurrency": "USD", "cik": "0000731766", "fillingDate": "2021-03-01", "acceptedDate": "2021-03-01 16:02:27", "calendarYear": "2020", "period": "FY", "revenue": 255639000000, "costOfRevenue": 190141000000, "grossProfit": 65498000000, "grossProfitRatio": 0.2562128627, "researchAndDevelopmentExpenses": 0, "generalAndAdministrativeExpenses": 0, "sellingAndMarketingExpenses": 0, "sellingGeneralAndAdministrativeExpenses": 41704000000, "otherExpenses": 44595000000, "operatingExpenses": 44595000000, "costAndExpenses": 234736000000, "interestIncome": 1663000000, "interestExpense": 1663000000, "depreciationAndAmortization": 1389000000, "ebitda": 23794000000, "ebitdaratio": 0.093076565, "operatingIncome": 22405000000, "operatingIncomeRatio": 0.0876431217, "totalOtherIncomeExpensesNet": -1663000000, "incomeBeforeTax": 20742000000, "incomeBeforeTaxRatio": 0.0811378546, "incomeTaxExpense": 4973000000, "netIncome": 15403000000, "netIncomeRatio": 0.0602529348, "eps": 16.23, "epsdiluted": 16.03, "weightedAverageShsOut": 949000000, "weightedAverageShsOutDil": 961000000, "link": "https://www.sec.gov/Archives/edgar/data/731766/000073176621000013/0000731766-21-000013-index.htm", "finalLink": "https://www.sec.gov/Archives/edgar/data/731766/000073176621000013/unh-20201231.htm", "calculatedOtherExpenses": 1389000000, "calculatedOperatingExpenses": 43093000000, "calculatedNetInterest": 0, "calculatedOtherIncome": -1663000000, "calculatedIncomeNonControlling": 366000000, "calculatedEbitda": 23794000000}, {"date": "2019-12-31", "symbol": "UNH", "reportedCurrency": "USD", "cik": "0000731766", "fillingDate": "2020-02-14", "acceptedDate": "2020-02-14 17:18:38", "calendarYear": "2019", "period": "FY", "revenue": 240269000000, "costOfRevenue": 184557000000, "grossProfit": 55712000000, "grossProfitRatio": 0.2318734419, "researchAndDevelopmentExpenses": 0, "generalAndAdministrativeExpenses": 0, "sellingAndMarketingExpenses": 0, "sellingGeneralAndAdministrativeExpenses": 35193000000, "otherExpenses": 37913000000, "operatingExpenses": 37913000000, "costAndExpenses": 222470000000, "interestIncome": 1704000000, "interestExpense": 1704000000, "depreciationAndAmortization": 834000000, "ebitda": 20519000000, "ebitdaratio": 0.085400114, "operatingIncome": 19685000000, "operatingIncomeRatio": 0.0819290046, "totalOtherIncomeExpensesNet": -1704000000, "incomeBeforeTax": 17981000000, "incomeBeforeTaxRatio": 0.0748369536, "incomeTaxExpense": 3742000000, "netIncome": 13839000000, "netIncomeRatio": 0.0575979423, "eps": 14.55, "epsdiluted": 14.33, "weightedAverageShsOut": 951000000, "weightedAverageShsOutDil": 966000000, "link": "https://www.sec.gov/Archives/edgar/data/731766/000073176620000006/0000731766-20-000006-index.htm", "finalLink": "https://www.sec.gov/Archives/edgar/data/731766/000073176620000006/unh2019123110-k.htm", "calculatedOtherExpenses": 834000000, "calculatedOperatingExpenses": 36027000000, "calculatedNetInterest": 0, "calculatedOtherIncome": -1704000000, "calculatedIncomeNonControlling": 400000000, "calculatedEbitda": 20519000000}, {"date": "2018-12-31", "symbol": "UNH", "reportedCurrency": "USD", "cik": "0000731766", "fillingDate": "2019-02-12", "acceptedDate": "2019-02-12 17:16:04", "calendarYear": "2018", "period": "FY", "revenue": 224871000000, "costOfRevenue": 172401000000, "grossProfit": 52470000000, "grossProfitRatio": 0.233333778, "researchAndDevelopmentExpenses": 0, "generalAndAdministrativeExpenses": 0, "sellingAndMarketingExpenses": 0, "sellingGeneralAndAdministrativeExpenses": 34074000000, "otherExpenses": 36502000000, "operatingExpenses": 36502000000, "costAndExpenses": 208903000000, "interestIncome": 0, "interestExpense": 1400000000, "depreciationAndAmortization": 2428000000, "ebitda": 18396000000, "ebitdaratio": 0.0818069026, "operatingIncome": 17344000000, "operatingIncomeRatio": 0.0771286649, "totalOtherIncomeExpensesNet": 1376000000, "incomeBeforeTax": 15944000000, "incomeBeforeTaxRatio": 0.0709028732, "incomeTaxExpense": 3562000000, "netIncome": 11986000000, "netIncomeRatio": 0.0533016707, "eps": 12.45, "epsdiluted": 12.19, "weightedAverageShsOut": 963000000, "weightedAverageShsOutDil": 983000000, "link": "https://www.sec.gov/Archives/edgar/data/731766/000073176619000005/0000731766-19-000005-index.htm", "finalLink": "https://www.sec.gov/Archives/edgar/data/731766/000073176619000005/unh2018123110-k.htm", "calculatedOtherExpenses": 1052000000, "calculatedOperatingExpenses": 35126000000, "calculatedNetInterest": -1400000000, "calculatedOtherIncome": 0, "calculatedIncomeNonControlling": 396000000, "calculatedEbitda": 19772000000}, {"date": "2017-12-31", "symbol": "UNH", "reportedCurrency": "USD", "cik": "0000731766", "fillingDate": "2018-02-13", "acceptedDate": "2018-02-13 16:10:43", "calendarYear": "2017", "period": "FY", "revenue": 200136000000, "costOfRevenue": 154148000000, "grossProfit": 45988000000, "grossProfitRatio": 0.2297837471, "researchAndDevelopmentExpenses": 0, "generalAndAdministrativeExpenses": 0, "sellingAndMarketingExpenses": 0, "sellingGeneralAndAdministrativeExpenses": 29557000000, "otherExpenses": 31802000000, "operatingExpenses": 31802000000, "costAndExpenses": 185950000000, "interestIncome": 0, "interestExpense": 1186000000, "depreciationAndAmortization": 2245000000, "ebitda": 16431000000, "ebitdaratio": 0.0820991726, "operatingIncome": 15209000000, "operatingIncomeRatio": 0.0759933245, "totalOtherIncomeExpensesNet": 1023000000, "incomeBeforeTax": 14023000000, "incomeBeforeTaxRatio": 0.0700673542, "incomeTaxExpense": 3200000000, "netIncome": 10558000000, "netIncomeRatio": 0.0527541272, "eps": 10.95, "epsdiluted": 10.72, "weightedAverageShsOut": 964000000, "weightedAverageShsOutDil": 985000000, "link": "https://www.sec.gov/Archives/edgar/data/731766/000073176618000005/0000731766-18-000005-index.htm", "finalLink": "https://www.sec.gov/Archives/edgar/data/731766/000073176618000005/unh2017123110-k.htm", "calculatedOtherExpenses": 1222000000, "calculatedOperatingExpenses": 30779000000, "calculatedNetInterest": -1186000000, "calculatedOtherIncome": 0, "calculatedIncomeNonControlling": 265000000, "calculatedEbitda": 17454000000}, {"date": "2016-12-31", "symbol": "UNH", "reportedCurrency": "USD", "cik": "0000731766", "fillingDate": "2017-02-08", "acceptedDate": "2017-02-08 16:22:01", "calendarYear": "2016", "period": "FY", "revenue": 184000000000, "costOfRevenue": 141454000000, "grossProfit": 42546000000, "grossProfitRatio": 0.2312282609, "researchAndDevelopmentExpenses": 0, "generalAndAdministrativeExpenses": 0, "sellingAndMarketingExpenses": 0, "sellingGeneralAndAdministrativeExpenses": 28401000000, "otherExpenses": 30456000000, "operatingExpenses": 30094000000, "costAndExpenses": 171548000000, "interestIncome": 0, "interestExpense": 1067000000, "depreciationAndAmortization": 2055000000, "ebitda": 14507000000, "ebitdaratio": 0.0788423913, "operatingIncome": 13280000000, "operatingIncomeRatio": 0.072173913, "totalOtherIncomeExpensesNet": 828000000, "incomeBeforeTax": 12213000000, "incomeBeforeTaxRatio": 0.066375, "incomeTaxExpense": 4920000000, "netIncome": 7237000000, "netIncomeRatio": 0.0393315217, "eps": 7.37, "epsdiluted": 7.25, "weightedAverageShsOut": 952000000, "weightedAverageShsOutDil": 968000000, "link": "https://www.sec.gov/Archives/edgar/data/731766/000073176617000009/0000731766-17-000009-index.htm", "finalLink": "https://www.sec.gov/Archives/edgar/data/731766/000073176617000009/unh2016123110-k.htm", "calculatedOtherExpenses": 865000000, "calculatedOperatingExpenses": 29266000000, "calculatedNetInterest": -1067000000, "calculatedOtherIncome": 0, "calculatedIncomeNonControlling": 56000000, "calculatedEbitda": 15335000000}, {"date": "2015-12-31", "symbol": "UNH", "reportedCurrency": "USD", "cik": "0000731766", "fillingDate": "2016-02-09", "acceptedDate": "2016-02-09 16:12:06", "calendarYear": "2015", "period": "FY", "revenue": 156397000000, "costOfRevenue": 120081000000, "grossProfit": 36316000000, "grossProfitRatio": 0.2322039425, "researchAndDevelopmentExpenses": 0, "generalAndAdministrativeExpenses": 0, "sellingAndMarketingExpenses": 0, "sellingGeneralAndAdministrativeExpenses": 24312000000, "otherExpenses": 26005000000, "operatingExpenses": 26005000000, "costAndExpenses": 146086000000, "interestIncome": 0, "interestExpense": 790000000, "depreciationAndAmortization": 1693000000, "ebitda": 12004000000, "ebitdaratio": 0.0767533904, "operatingIncome": 11021000000, "operatingIncomeRatio": 0.0704681036, "totalOtherIncomeExpensesNet": 710000000, "incomeBeforeTax": 10231000000, "incomeBeforeTaxRatio": 0.0654168558, "incomeTaxExpense": 4363000000, "netIncome": 5813000000, "netIncomeRatio": 0.0371682321, "eps": 6.1, "epsdiluted": 6.01, "weightedAverageShsOut": 953000000, "weightedAverageShsOutDil": 967000000, "link": "https://www.sec.gov/Archives/edgar/data/731766/000073176616000058/0000731766-16-000058-index.htm", "finalLink": "https://www.sec.gov/Archives/edgar/data/731766/000073176616000058/unh2015123110-k.htm", "calculatedOtherExpenses": 983000000, "calculatedOperatingExpenses": 25295000000, "calculatedNetInterest": -790000000, "calculatedOtherIncome": 0, "calculatedIncomeNonControlling": 55000000, "calculatedEbitda": 12714000000}, {"date": "2014-12-31", "symbol": "UNH", "reportedCurrency": "USD", "cik": "0000731766", "fillingDate": "2015-02-10", "acceptedDate": "2015-02-10 16:45:11", "calendarYear": "2014", "period": "FY", "revenue": 129695000000, "costOfRevenue": 97041000000, "grossProfit": 32654000000, "grossProfitRatio": 0.251775319, "researchAndDevelopmentExpenses": 0, "generalAndAdministrativeExpenses": 0, "sellingAndMarketingExpenses": 0, "sellingGeneralAndAdministrativeExpenses": 21263000000, "otherExpenses": 23159000000, "operatingExpenses": 23159000000, "costAndExpenses": 120200000000, "interestIncome": 0, "interestExpense": 618000000, "depreciationAndAmortization": 1478000000, "ebitda": 10973000000, "ebitdaratio": 0.0846061914, "operatingIncome": 10274000000, "operatingIncomeRatio": 0.0792166236, "totalOtherIncomeExpensesNet": 779000000, "incomeBeforeTax": 9656000000, "incomeBeforeTaxRatio": 0.074451598, "incomeTaxExpense": 4037000000, "netIncome": 5619000000, "netIncomeRatio": 0.0433247234, "eps": 5.78, "epsdiluted": 5.7, "weightedAverageShsOut": 972000000, "weightedAverageShsOutDil": 986000000, "link": "https://www.sec.gov/Archives/edgar/data/731766/000073176615000007/0000731766-15-000007-index.htm", "finalLink": "https://www.sec.gov/Archives/edgar/data/731766/000073176615000007/unh2014123110-k.htm", "calculatedOtherExpenses": 1117000000, "calculatedOperatingExpenses": 22380000000, "calculatedNetInterest": -618000000, "calculatedOtherIncome": 0, "calculatedIncomeNonControlling": 0, "calculatedEbitda": 11752000000}, {"date": "2013-12-31", "symbol": "UNH", "reportedCurrency": "USD", "cik": "0000731766", "fillingDate": "2014-02-12", "acceptedDate": "2014-02-12 16:32:19", "calendarYear": "2013", "period": "FY", "revenue": 121744000000, "costOfRevenue": 92129000000, "grossProfit": 29615000000, "grossProfitRatio": 0.2432563412, "researchAndDevelopmentExpenses": 0, "generalAndAdministrativeExpenses": 0, "sellingAndMarketingExpenses": 0, "sellingGeneralAndAdministrativeExpenses": 18941000000, "otherExpenses": 20737000000, "operatingExpenses": 20737000000, "costAndExpenses": 112866000000, "interestIncome": 0, "interestExpense": 708000000, "depreciationAndAmortization": 1375000000, "ebitda": 10253000000, "ebitdaratio": 0.0842177027, "operatingIncome": 9623000000, "operatingIncomeRatio": 0.0790429097, "totalOtherIncomeExpensesNet": 745000000, "incomeBeforeTax": 8915000000, "incomeBeforeTaxRatio": 0.073227428, "incomeTaxExpense": 3242000000, "netIncome": 5625000000, "netIncomeRatio": 0.046203509, "eps": 5.59, "epsdiluted": 5.5, "weightedAverageShsOut": 1006000000, "weightedAverageShsOutDil": 1023000000, "link": "https://www.sec.gov/Archives/edgar/data/731766/000073176614000008/0000731766-14-000008-index.htm", "finalLink": "https://www.sec.gov/Archives/edgar/data/731766/000073176614000008/unh2013123110-k.htm", "calculatedOtherExpenses": 1051000000, "calculatedOperatingExpenses": 19992000000, "calculatedNetInterest": -708000000, "calculatedOtherIncome": 0, "calculatedIncomeNonControlling": 48000000, "calculatedEbitda": 10998000000}, {"date": "2012-12-31", "symbol": "UNH", "reportedCurrency": "USD", "cik": "0000731766", "fillingDate": "2013-02-07", "acceptedDate": "2013-02-06 18:00:09", "calendarYear": "2012", "period": "FY", "revenue": 109938000000, "costOfRevenue": 82749000000, "grossProfit": 27189000000, "grossProfitRatio": 0.2473121214, "researchAndDevelopmentExpenses": 0, "generalAndAdministrativeExpenses": 0, "sellingAndMarketingExpenses": 0, "sellingGeneralAndAdministrativeExpenses": 17306000000, "otherExpenses": 18615000000, "operatingExpenses": 18615000000, "costAndExpenses": 101364000000, "interestIncome": 0, "interestExpense": 632000000, "depreciationAndAmortization": 1309000000, "ebitda": 9883000000, "ebitdaratio": 0.0898961233, "operatingIncome": 9254000000, "operatingIncomeRatio": 0.0841747167, "totalOtherIncomeExpensesNet": 680000000, "incomeBeforeTax": 8622000000, "incomeBeforeTaxRatio": 0.0784260219, "incomeTaxExpense": 3096000000, "netIncome": 5526000000, "netIncomeRatio": 0.0502646946, "eps": 5.38, "epsdiluted": 5.28, "weightedAverageShsOut": 1027000000, "weightedAverageShsOutDil": 1046000000, "link": "https://www.sec.gov/Archives/edgar/data/731766/000073176613000005/0000731766-13-000005-index.htm", "finalLink": "https://www.sec.gov/Archives/edgar/data/731766/000073176613000005/unh2012123110-k.htm", "calculatedOtherExpenses": 629000000, "calculatedOperatingExpenses": 17935000000, "calculatedNetInterest": -632000000, "calculatedOtherIncome": 0, "calculatedIncomeNonControlling": 0, "calculatedEbitda": 10563000000}, {"date": "2011-12-31", "symbol": "UNH", "reportedCurrency": "USD", "cik": "0000731766", "fillingDate": "2012-02-09", "acceptedDate": "2012-02-08 19:46:55", "calendarYear": "2011", "period": "FY", "revenue": 101862000000, "costOfRevenue": 92274000000, "grossProfit": 9588000000, "grossProfitRatio": 0.0941273488, "researchAndDevelopmentExpenses": 0, "generalAndAdministrativeExpenses": 15557000000, "sellingAndMarketingExpenses": 0, "sellingGeneralAndAdministrativeExpenses": 15557000000, "otherExpenses": 1124000000, "operatingExpenses": 1124000000, "costAndExpenses": 93398000000, "interestIncome": 0, "interestExpense": 505000000, "depreciationAndAmortization": 1124000000, "ebitda": 9588000000, "ebitdaratio": 0.0941273488, "operatingIncome": 8464000000, "operatingIncomeRatio": 0.0830928118, "totalOtherIncomeExpensesNet": 654000000, "incomeBeforeTax": 7959000000, "incomeBeforeTaxRatio": 0.078135124, "incomeTaxExpense": 2817000000, "netIncome": 5142000000, "netIncomeRatio": 0.0504800613, "eps": 4.81, "epsdiluted": 4.73, "weightedAverageShsOut": 1070000000, "weightedAverageShsOutDil": 1087000000, "link": "https://www.sec.gov/Archives/edgar/data/731766/000073176612000009/0000731766-12-000009-index.htm", "finalLink": "https://www.sec.gov/Archives/edgar/data/731766/000073176612000009/unh2011123110k.htm", "calculatedOtherExpenses": -14433000000, "calculatedOperatingExpenses": 1124000000, "calculatedNetInterest": -505000000, "calculatedOtherIncome": 0, "calculatedIncomeNonControlling": 0, "calculatedEbitda": 9588000000}, {"date": "2010-12-31", "symbol": "UNH", "reportedCurrency": "USD", "cik": "0000731766", "fillingDate": "2011-02-10", "acceptedDate": "2011-02-10 16:04:42", "calendarYear": "2010", "period": "FY", "revenue": 94155000000, "costOfRevenue": 85227000000, "grossProfit": 8928000000, "grossProfitRatio": 0.0948223674, "researchAndDevelopmentExpenses": 0, "generalAndAdministrativeExpenses": 14270000000, "sellingAndMarketingExpenses": 0, "sellingGeneralAndAdministrativeExpenses": 14270000000, "otherExpenses": 1064000000, "operatingExpenses": 1064000000, "costAndExpenses": 86291000000, "interestIncome": 0, "interestExpense": 481000000, "depreciationAndAmortization": 1064000000, "ebitda": 8928000000, "ebitdaratio": 0.0948223674, "operatingIncome": 7864000000, "operatingIncomeRatio": 0.0835218523, "totalOtherIncomeExpensesNet": 609000000, "incomeBeforeTax": 7383000000, "incomeBeforeTaxRatio": 0.0784132547, "incomeTaxExpense": 2749000000, "netIncome": 4634000000, "netIncomeRatio": 0.0492167171, "eps": 4.14, "epsdiluted": 4.1, "weightedAverageShsOut": 1120000000, "weightedAverageShsOutDil": 1131000000, "link": "https://www.sec.gov/Archives/edgar/data/731766/000119312511030615/0001193125-11-030615-index.htm", "finalLink": "https://www.sec.gov/Archives/edgar/data/731766/000119312511030615/d10k.htm", "calculatedOtherExpenses": -13206000000, "calculatedOperatingExpenses": 1064000000, "calculatedNetInterest": -481000000, "calculatedOtherIncome": 0, "calculatedIncomeNonControlling": 0, "calculatedEbitda": 8928000000}, {"date": "2009-12-31", "symbol": "UNH", "reportedCurrency": "USD", "cik": "0000731766", "fillingDate": "2010-02-10", "acceptedDate": "2010-02-10 16:37:06", "calendarYear": "2009", "period": "FY", "revenue": 87138000000, "costOfRevenue": 79788000000, "grossProfit": 7350000000, "grossProfitRatio": 0.0843489637, "researchAndDevelopmentExpenses": 0, "generalAndAdministrativeExpenses": 0, "sellingAndMarketingExpenses": 0, "sellingGeneralAndAdministrativeExpenses": 0, "otherExpenses": 991000000, "operatingExpenses": 991000000, "costAndExpenses": 80779000000, "interestIncome": 0, "interestExpense": 551000000, "depreciationAndAmortization": 991000000, "ebitda": 7350000000, "ebitdaratio": 0.0843489637, "operatingIncome": 6359000000, "operatingIncomeRatio": 0.0729761987, "totalOtherIncomeExpensesNet": -551000000, "incomeBeforeTax": 5808000000, "incomeBeforeTaxRatio": 0.0666528954, "incomeTaxExpense": 1986000000, "netIncome": 3822000000, "netIncomeRatio": 0.0438614611, "eps": 3.27, "epsdiluted": 3.24, "weightedAverageShsOut": 1168000000, "weightedAverageShsOutDil": 1179000000, "link": "https://www.sec.gov/Archives/edgar/data/731766/000119312510027229/0001193125-10-027229-index.htm", "finalLink": "https://www.sec.gov/Archives/edgar/data/731766/000119312510027229/d10k.htm", "calculatedOtherExpenses": 991000000, "calculatedOperatingExpenses": 991000000, "calculatedNetInterest": -551000000, "calculatedOtherIncome": 0, "calculatedIncomeNonControlling": 0, "calculatedEbitda": 7350000000}, {"date": "2008-12-31", "symbol": "UNH", "reportedCurrency": "USD", "cik": "0000731766", "fillingDate": "2009-02-11", "acceptedDate": "2009-02-11 17:25:19", "calendarYear": "2008", "period": "FY", "revenue": 81186000000, "costOfRevenue": 61839000000, "grossProfit": 19347000000, "grossProfitRatio": 0.2383046338, "researchAndDevelopmentExpenses": 0, "generalAndAdministrativeExpenses": 13103000000, "sellingAndMarketingExpenses": 0, "sellingGeneralAndAdministrativeExpenses": 13103000000, "otherExpenses": 981000000, "operatingExpenses": 14084000000, "costAndExpenses": 75923000000, "interestIncome": 0, "interestExpense": 639000000, "depreciationAndAmortization": 981000000, "ebitda": 6244000000, "ebitdaratio": 0.076909812, "operatingIncome": 5263000000, "operatingIncomeRatio": 0.0648264479, "totalOtherIncomeExpensesNet": 771000000, "incomeBeforeTax": 4624000000, "incomeBeforeTaxRatio": 0.0569556327, "incomeTaxExpense": 1647000000, "netIncome": 2977000000, "netIncomeRatio": 0.0366688838, "eps": 2.45, "epsdiluted": 2.4, "weightedAverageShsOut": 1214000000, "weightedAverageShsOutDil": 1241000000, "link": "https://www.sec.gov/Archives/edgar/data/731766/000119312509025587/0001193125-09-025587-index.htm", "finalLink": "https://www.sec.gov/Archives/edgar/data/731766/000119312509025587/d10k.htm", "calculatedOtherExpenses": 981000000, "calculatedOperatingExpenses": 14084000000, "calculatedNetInterest": -639000000, "calculatedOtherIncome": 0, "calculatedIncomeNonControlling": 0, "calculatedEbitda": 6244000000}, {"date": "2007-12-31", "symbol": "UNH", "reportedCurrency": "USD", "cik": "0000731766", "fillingDate": "2008-02-21", "acceptedDate": "2008-02-21 17:12:48", "calendarYear": "2007", "period": "FY", "revenue": 75431000000, "costOfRevenue": 56203000000, "grossProfit": 19228000000, "grossProfitRatio": 0.2549084594, "researchAndDevelopmentExpenses": 0, "generalAndAdministrativeExpenses": 0, "sellingAndMarketingExpenses": 0, "sellingGeneralAndAdministrativeExpenses": 0, "otherExpenses": 11379000000, "operatingExpenses": 11379000000, "costAndExpenses": 67582000000, "interestIncome": 0, "interestExpense": -544000000, "depreciationAndAmortization": 796000000, "ebitda": 8645000000, "ebitdaratio": 0.1146080524, "operatingIncome": 7849000000, "operatingIncomeRatio": 0.1040553619, "totalOtherIncomeExpensesNet": -544000000, "incomeBeforeTax": 7305000000, "incomeBeforeTaxRatio": 0.0968434728, "incomeTaxExpense": 2651000000, "netIncome": 4654000000, "netIncomeRatio": 0.0616987711, "eps": 3.55, "epsdiluted": 3.42, "weightedAverageShsOut": 1312000000, "weightedAverageShsOutDil": 1361000000, "link": "https://www.sec.gov/Archives/edgar/data/731766/000119312508035391/0001193125-08-035391-index.htm", "finalLink": "https://www.sec.gov/Archives/edgar/data/731766/000119312508035391/d10k.htm", "calculatedOtherExpenses": 11379000000, "calculatedOperatingExpenses": 11379000000, "calculatedNetInterest": 544000000, "calculatedOtherIncome": -1088000000, "calculatedIncomeNonControlling": 0, "calculatedEbitda": 8645000000}, {"date": "2006-12-31", "symbol": "UNH", "reportedCurrency": "USD", "cik": "0000731766", "fillingDate": "2007-03-06", "acceptedDate": "2007-03-06 06:18:47", "calendarYear": "2006", "period": "FY", "revenue": 70671000000, "costOfRevenue": 53907000000, "grossProfit": 16764000000, "grossProfitRatio": 0.2372118691, "researchAndDevelopmentExpenses": 0, "generalAndAdministrativeExpenses": 9981000000, "sellingAndMarketingExpenses": 0, "sellingGeneralAndAdministrativeExpenses": 9981000000, "otherExpenses": 670000000, "operatingExpenses": 10651000000, "costAndExpenses": 64558000000, "interestIncome": 0, "interestExpense": 456000000, "depreciationAndAmortization": 670000000, "ebitda": 6783000000, "ebitdaratio": 0.0959799635, "operatingIncome": 6984000000, "operatingIncomeRatio": 0.0988241287, "totalOtherIncomeExpensesNet": 871000000, "incomeBeforeTax": 6528000000, "incomeBeforeTaxRatio": 0.0923716942, "incomeTaxExpense": 2369000000, "netIncome": 4159000000, "netIncomeRatio": 0.0588501648, "eps": 3.09, "epsdiluted": 2.97, "weightedAverageShsOut": 1344000000, "weightedAverageShsOutDil": 1402000000, "link": "https://www.sec.gov/Archives/edgar/data/731766/000119312507046861/0001193125-07-046861-index.htm", "finalLink": "https://www.sec.gov/Archives/edgar/data/731766/000119312507046861/d10k.htm", "calculatedOtherExpenses": -201000000, "calculatedOperatingExpenses": 9780000000, "calculatedNetInterest": -456000000, "calculatedOtherIncome": 0, "calculatedIncomeNonControlling": 0, "calculatedEbitda": 7654000000}, {"date": "2005-12-31", "symbol": "UNH", "reportedCurrency": "USD", "cik": "0000731766", "fillingDate": "2006-02-24", "acceptedDate": "2006-02-24 17:00:10", "calendarYear": "2005", "period": "FY", "revenue": 44866000000, "costOfRevenue": 32725000000, "grossProfit": 12141000000, "grossProfitRatio": 0.2706058039, "researchAndDevelopmentExpenses": 0, "generalAndAdministrativeExpenses": 6814000000, "sellingAndMarketingExpenses": 0, "sellingGeneralAndAdministrativeExpenses": 6814000000, "otherExpenses": 453000000, "operatingExpenses": 7267000000, "costAndExpenses": 39992000000, "interestIncome": 0, "interestExpense": 241000000, "depreciationAndAmortization": 453000000, "ebitda": 5327000000, "ebitdaratio": 0.1187313333, "operatingIncome": 5373000000, "operatingIncomeRatio": 0.1197566086, "totalOtherIncomeExpensesNet": 499000000, "incomeBeforeTax": 5132000000, "incomeBeforeTaxRatio": 0.1143850577, "incomeTaxExpense": 1832000000, "netIncome": 3300000000, "netIncomeRatio": 0.0735523559, "eps": 2.44, "epsdiluted": 2.31, "weightedAverageShsOut": 1265000000, "weightedAverageShsOutDil": 1333000000, "link": "https://www.sec.gov/Archives/edgar/data/731766/000119312506038949/0001193125-06-038949-index.htm", "finalLink": "https://www.sec.gov/Archives/edgar/data/731766/000119312506038949/d10k.htm", "calculatedOtherExpenses": -46000000, "calculatedOperatingExpenses": 6768000000, "calculatedNetInterest": -241000000, "calculatedOtherIncome": 0, "calculatedIncomeNonControlling": 0, "calculatedEbitda": 5826000000}, {"date": "2004-12-31", "symbol": "UNH", "reportedCurrency": "USD", "cik": "0000731766", "fillingDate": "2005-03-01", "acceptedDate": "2005-03-01 17:14:38", "calendarYear": "2004", "period": "FY", "revenue": 36830000000, "costOfRevenue": 27000000000, "grossProfit": 9830000000, "grossProfitRatio": 0.2669019821, "researchAndDevelopmentExpenses": 0, "generalAndAdministrativeExpenses": 0, "sellingAndMarketingExpenses": 0, "sellingGeneralAndAdministrativeExpenses": 0, "otherExpenses": 6117000000, "operatingExpenses": 6117000000, "costAndExpenses": 33117000000, "interestIncome": 0, "interestExpense": 128000000, "depreciationAndAmortization": 374000000, "ebitda": 4087000000, "ebitdaratio": 0.1109693185, "operatingIncome": 4101000000, "operatingIncomeRatio": 0.1113494434, "totalOtherIncomeExpensesNet": 388000000, "incomeBeforeTax": 3973000000, "incomeBeforeTaxRatio": 0.1078740157, "incomeTaxExpense": 1386000000, "netIncome": 2587000000, "netIncomeRatio": 0.0702416508, "eps": 1.93, "epsdiluted": 1.83, "weightedAverageShsOut": 1252000000, "weightedAverageShsOutDil": 1316000000, "link": "https://www.sec.gov/Archives/edgar/data/731766/000119312505039947/0001193125-05-039947-index.htm", "finalLink": "https://www.sec.gov/Archives/edgar/data/731766/000119312505039947/d10k.htm", "calculatedOtherExpenses": 5729000000, "calculatedOperatingExpenses": 5729000000, "calculatedNetInterest": -128000000, "calculatedOtherIncome": 0, "calculatedIncomeNonControlling": 0, "calculatedEbitda": 4475000000}, {"date": "2003-12-31", "symbol": "UNH", "reportedCurrency": "USD", "cik": "0000731766", "fillingDate": "2004-03-15", "acceptedDate": "2004-03-15 17:10:43", "calendarYear": "2003", "period": "FY", "revenue": 28566000000, "costOfRevenue": 20714000000, "grossProfit": 7852000000, "grossProfitRatio": 0.2748722257, "researchAndDevelopmentExpenses": 0, "generalAndAdministrativeExpenses": 4875000000, "sellingAndMarketingExpenses": 0, "sellingGeneralAndAdministrativeExpenses": 4875000000, "otherExpenses": 299000000, "operatingExpenses": 5174000000, "costAndExpenses": 25888000000, "interestIncome": 0, "interestExpense": 95000000, "depreciationAndAmortization": 299000000, "ebitda": 2977000000, "ebitdaratio": 0.1042148008, "operatingIncome": 2935000000, "operatingIncomeRatio": 0.1027445215, "totalOtherIncomeExpensesNet": 257000000, "incomeBeforeTax": 2840000000, "incomeBeforeTaxRatio": 0.0994188896, "incomeTaxExpense": 1015000000, "netIncome": 1825000000, "netIncomeRatio": 0.0638871386, "eps": 1.4, "epsdiluted": 1.34, "weightedAverageShsOut": 1182142857, "weightedAverageShsOutDil": 1235074627, "link": "https://www.sec.gov/Archives/edgar/data/731766/000095013404003522/0000950134-04-003522-index.htm", "finalLink": "https://www.sec.gov/Archives/edgar/data/731766/000095013404003522/c82635e10vk.htm", "calculatedOtherExpenses": 42000000, "calculatedOperatingExpenses": 4917000000, "calculatedNetInterest": -95000000, "calculatedOtherIncome": 0, "calculatedIncomeNonControlling": 0, "calculatedEbitda": 3234000000}, {"date": "2002-12-31", "symbol": "UNH", "reportedCurrency": "USD", "cik": "0000731766", "fillingDate": "2003-03-19", "acceptedDate": "2003-03-19 16:43:48", "calendarYear": "2002", "period": "FY", "revenue": 25020000000, "costOfRevenue": 18192000000, "grossProfit": 6828000000, "grossProfitRatio": 0.2729016787, "researchAndDevelopmentExpenses": 0, "generalAndAdministrativeExpenses": 0, "sellingAndMarketingExpenses": 0, "sellingGeneralAndAdministrativeExpenses": 0, "otherExpenses": 4642000000, "operatingExpenses": 4642000000, "costAndExpenses": 22834000000, "interestIncome": 0, "interestExpense": 0, "depreciationAndAmortization": 255000000, "ebitda": 2441000000, "ebitdaratio": 0.0975619504, "operatingIncome": 2186000000, "operatingIncomeRatio": 0.0873701039, "totalOtherIncomeExpensesNet": -90000000, "incomeBeforeTax": 2096000000, "incomeBeforeTaxRatio": 0.0837729816, "incomeTaxExpense": 744000000, "netIncome": 1352000000, "netIncomeRatio": 0.0540367706, "eps": 1.12, "epsdiluted": 1.07, "weightedAverageShsOut": 1214000000, "weightedAverageShsOutDil": 1269483568, "link": "https://www.sec.gov/Archives/edgar/data/731766/000095013403004178/0000950134-03-004178-index.htm", "finalLink": "https://www.sec.gov/Archives/edgar/data/731766/000095013403004178/c74996e10vk.htm", "calculatedOtherExpenses": 4642000000, "calculatedOperatingExpenses": 4642000000, "calculatedNetInterest": 0, "calculatedOtherIncome": -90000000, "calculatedIncomeNonControlling": 0, "calculatedEbitda": 2441000000}, {"date": "2001-12-31", "symbol": "UNH", "reportedCurrency": "USD", "cik": "0000731766", "fillingDate": "2002-04-01", "acceptedDate": "2002-04-01 00:00:00", "calendarYear": "2001", "period": "FY", "revenue": 23454000000, "costOfRevenue": 21623000000, "grossProfit": 1831000000, "grossProfitRatio": 0.078067707, "researchAndDevelopmentExpenses": 0, "generalAndAdministrativeExpenses": 0, "sellingAndMarketingExpenses": 0, "sellingGeneralAndAdministrativeExpenses": 0, "otherExpenses": 265000000, "operatingExpenses": 265000000, "costAndExpenses": 21888000000, "interestIncome": 0, "interestExpense": 0, "depreciationAndAmortization": 265000000, "ebitda": 1831000000, "ebitdaratio": 0.078067707, "operatingIncome": 1566000000, "operatingIncomeRatio": 0.0667689946, "totalOtherIncomeExpensesNet": -94000000, "incomeBeforeTax": 1472000000, "incomeBeforeTaxRatio": 0.0627611495, "incomeTaxExpense": 559000000, "netIncome": 913000000, "netIncomeRatio": 0.0389272619, "eps": 0.73, "epsdiluted": 0.7, "weightedAverageShsOut": 1250000000, "weightedAverageShsOutDil": 1304285714, "link": "https://www.sec.gov/Archives/edgar/data/731766/000095013702001930/0000950137-02-001930-index.htm", "finalLink": "https://www.sec.gov/Archives/edgar/data/731766/000095013702001930/c68469e10-k.htm", "calculatedOtherExpenses": 265000000, "calculatedOperatingExpenses": 265000000, "calculatedNetInterest": 0, "calculatedOtherIncome": -94000000, "calculatedIncomeNonControlling": 0, "calculatedEbitda": 1831000000}, {"date": "2000-12-31", "symbol": "UNH", "reportedCurrency": "USD", "cik": "0000731766", "fillingDate": "2001-03-30", "acceptedDate": "2001-03-30 00:00:00", "calendarYear": "2000", "period": "FY", "revenue": 21122000000, "costOfRevenue": 16155000000, "grossProfit": 4967000000, "grossProfitRatio": 0.2351576555, "researchAndDevelopmentExpenses": 0, "generalAndAdministrativeExpenses": 0, "sellingAndMarketingExpenses": 0, "sellingGeneralAndAdministrativeExpenses": 0, "otherExpenses": 3767000000, "operatingExpenses": 3767000000, "costAndExpenses": 19922000000, "interestIncome": 0, "interestExpense": 0, "depreciationAndAmortization": 247000000, "ebitda": 1420000000, "ebitdaratio": 0.0672284822, "operatingIncome": 1200000000, "operatingIncomeRatio": 0.0568128018, "totalOtherIncomeExpensesNet": 27000000, "incomeBeforeTax": 1155000000, "incomeBeforeTaxRatio": 0.0546823217, "incomeTaxExpense": 419000000, "netIncome": 736000000, "netIncomeRatio": 0.0348451851, "eps": 0.57, "epsdiluted": 0.55, "weightedAverageShsOut": 1296800000, "weightedAverageShsOutDil": 1346000000, "link": "https://www.sec.gov/Archives/edgar/data/731766/000091205701505867/0000912057-01-505867-index.htm", "finalLink": "https://www.sec.gov/Archives/edgar/data/731766/000091205701505867/a2041963z10-k.htm", "calculatedOtherExpenses": 3767000000, "calculatedOperatingExpenses": 3767000000, "calculatedNetInterest": 0, "calculatedOtherIncome": -45000000, "calculatedIncomeNonControlling": 0, "calculatedEbitda": 1447000000}, {"date": "1999-12-31", "symbol": "UNH", "reportedCurrency": "USD", "cik": "0000731766", "fillingDate": "2000-03-30", "acceptedDate": "2000-03-30 00:00:00", "calendarYear": "1999", "period": "FY", "revenue": 19562000000, "costOfRevenue": 15043000000, "grossProfit": 4519000000, "grossProfitRatio": 0.2310090993, "researchAndDevelopmentExpenses": 0, "generalAndAdministrativeExpenses": 3343000000, "sellingAndMarketingExpenses": 0, "sellingGeneralAndAdministrativeExpenses": 3343000000, "otherExpenses": 233000000, "operatingExpenses": 3576000000, "costAndExpenses": 18619000000, "interestIncome": 0, "interestExpense": 0, "depreciationAndAmortization": 233000000, "ebitda": 1176000000, "ebitdaratio": 0.0601165525, "operatingIncome": 943000000, "operatingIncomeRatio": 0.0482057049, "totalOtherIncomeExpensesNet": -49000000, "incomeBeforeTax": 894000000, "incomeBeforeTaxRatio": 0.0457008486, "incomeTaxExpense": 326000000, "netIncome": 568000000, "netIncomeRatio": 0.0290358859, "eps": 0.41, "epsdiluted": 0.4, "weightedAverageShsOut": 1392800000, "weightedAverageShsOutDil": 1420000000, "link": "https://www.sec.gov/Archives/edgar/data/731766/000091205700014911/0000912057-00-014911-index.html", "finalLink": "https://www.sec.gov/Archives/edgar/data/731766/000091205700014911/0000912057-00-014911-d1.html", "calculatedOtherExpenses": 233000000, "calculatedOperatingExpenses": 3576000000, "calculatedNetInterest": 0, "calculatedOtherIncome": -49000000, "calculatedIncomeNonControlling": 0, "calculatedEbitda": 1176000000}, {"date": "1998-12-31", "symbol": "UNH", "reportedCurrency": "USD", "cik": "0000731766", "fillingDate": "1999-03-31", "acceptedDate": "1999-03-31 00:00:00", "calendarYear": "1998", "period": "FY", "revenue": 17355000000, "costOfRevenue": 13523000000, "grossProfit": 3832000000, "grossProfitRatio": 0.2208009219, "researchAndDevelopmentExpenses": 0, "generalAndAdministrativeExpenses": 2964000000, "sellingAndMarketingExpenses": 0, "sellingGeneralAndAdministrativeExpenses": 2964000000, "otherExpenses": 185000000, "operatingExpenses": 3149000000, "costAndExpenses": 16672000000, "interestIncome": 0, "interestExpense": 0, "depreciationAndAmortization": 185000000, "ebitda": 1593000000, "ebitdaratio": 0.0917891098, "operatingIncome": -42000000, "operatingIncomeRatio": -0.0024200519, "totalOtherIncomeExpensesNet": -725000000, "incomeBeforeTax": -46000000, "incomeBeforeTaxRatio": -0.002650533, "incomeTaxExpense": 120000000, "netIncome": -166000000, "netIncomeRatio": -0.0095649669, "eps": -0.11, "epsdiluted": -0.11, "weightedAverageShsOut": 1524800000, "weightedAverageShsOutDil": 1524800000, "link": "https://www.sec.gov/Archives/edgar/data/731766/0001047469-99-013081-index.html", "finalLink": "https://www.sec.gov/Archives/edgar/data/731766/0001047469-99-013081.txt", "calculatedOtherExpenses": 910000000, "calculatedOperatingExpenses": 3874000000, "calculatedNetInterest": 0, "calculatedOtherIncome": -4000000, "calculatedIncomeNonControlling": 0, "calculatedEbitda": 143000000}, {"date": "1997-12-31", "symbol": "UNH", "reportedCurrency": "USD", "cik": "0000731766", "fillingDate": "1998-03-27", "acceptedDate": "1998-03-27 00:00:00", "calendarYear": "1997", "period": "FY", "revenue": 11794000000, "costOfRevenue": 8542000000, "grossProfit": 3252000000, "grossProfitRatio": 0.2757334238, "researchAndDevelopmentExpenses": 0, "generalAndAdministrativeExpenses": 2364000000, "sellingAndMarketingExpenses": 0, "sellingGeneralAndAdministrativeExpenses": 2364000000, "otherExpenses": 146000000, "operatingExpenses": 2510000000, "costAndExpenses": 11052000000, "interestIncome": 0, "interestExpense": 0, "depreciationAndAmortization": 146000000, "ebitda": 888000000, "ebitdaratio": 0.0752925216, "operatingIncome": 742000000, "operatingIncomeRatio": 0.0629133458, "totalOtherIncomeExpensesNet": 0, "incomeBeforeTax": 742000000, "incomeBeforeTaxRatio": 0.0629133458, "incomeTaxExpense": 282000000, "netIncome": 460000000, "netIncomeRatio": 0.0390028828, "eps": 0.29, "epsdiluted": 0.28, "weightedAverageShsOut": 1496000000, "weightedAverageShsOutDil": 1528000000, "link": "https://www.sec.gov/Archives/edgar/data/731766/000104746998012119/0001047469-98-012119-index.html", "finalLink": "https://www.sec.gov/Archives/edgar/data/731766/", "calculatedOtherExpenses": 146000000, "calculatedOperatingExpenses": 2510000000, "calculatedNetInterest": 0, "calculatedOtherIncome": 0, "calculatedIncomeNonControlling": 0, "calculatedEbitda": 888000000}, {"date": "1996-12-31", "symbol": "UNH", "reportedCurrency": "USD", "cik": "0000731766", "fillingDate": "1997-03-28", "acceptedDate": "1997-03-28 00:00:00", "calendarYear": "1996", "period": "FY", "revenue": 10073790000, "costOfRevenue": 7179679000, "grossProfit": 2894111000, "grossProfitRatio": 0.2872911784, "researchAndDevelopmentExpenses": 0, "generalAndAdministrativeExpenses": 2164535000, "sellingAndMarketingExpenses": 0, "sellingGeneralAndAdministrativeExpenses": 2164535000, "otherExpenses": 118198000, "operatingExpenses": 2282733000, "costAndExpenses": 9462412000, "interestIncome": 0, "interestExpense": 0, "depreciationAndAmortization": 133166000, "ebitda": 774480000, "ebitdaratio": 0.0768806973, "operatingIncome": 596410000, "operatingIncomeRatio": 0.0592041327, "totalOtherIncomeExpensesNet": -29936000, "incomeBeforeTax": 580850000, "incomeBeforeTaxRatio": 0.0576595303, "incomeTaxExpense": 224598000, "netIncome": 355637000, "netIncomeRatio": 0.0353031977, "eps": 0.22, "epsdiluted": 0.22, "weightedAverageShsOut": 1486760000, "weightedAverageShsOutDil": 1486760000, "link": "https://www.sec.gov/Archives/edgar/data/731766/000091205797010848/0000912057-97-010848-index.html", "finalLink": "https://www.sec.gov/Archives/edgar/data/731766/", "calculatedOtherExpenses": 133166000, "calculatedOperatingExpenses": 2297701000, "calculatedNetInterest": 0, "calculatedOtherIncome": -15560000, "calculatedIncomeNonControlling": 615000, "calculatedEbitda": 729576000}, {"date": "1995-12-31", "symbol": "UNH", "reportedCurrency": "USD", "cik": "0000731766", "fillingDate": "1996-04-01", "acceptedDate": "1996-04-01 00:00:00", "calendarYear": "1995", "period": "FY", "revenue": 5670878000, "costOfRevenue": 3930933000, "grossProfit": 1739945000, "grossProfitRatio": 0.3068210954, "researchAndDevelopmentExpenses": 0, "generalAndAdministrativeExpenses": 1030906000, "sellingAndMarketingExpenses": 0, "sellingGeneralAndAdministrativeExpenses": 1030906000, "otherExpenses": 94458000, "operatingExpenses": 1125364000, "costAndExpenses": 5056297000, "interestIncome": 0, "interestExpense": 0, "depreciationAndAmortization": 94458000, "ebitda": 862835000, "ebitdaratio": 0.1521519243, "operatingIncome": 460785000, "operatingIncomeRatio": 0.0812546135, "totalOtherIncomeExpensesNet": -153796000, "incomeBeforeTax": 460014000, "incomeBeforeTaxRatio": 0.0811186557, "incomeTaxExpense": 170205000, "netIncome": 285964000, "netIncomeRatio": 0.0504267593, "eps": 0.2, "epsdiluted": 0.2, "weightedAverageShsOut": 1419544000, "weightedAverageShsOutDil": 1419544000, "link": "https://www.sec.gov/Archives/edgar/data/731766/000095013196001401/0000950131-96-001401-index.html", "finalLink": "https://www.sec.gov/Archives/edgar/data/731766/", "calculatedOtherExpenses": 248254000, "calculatedOperatingExpenses": 1279160000, "calculatedNetInterest": 0, "calculatedOtherIncome": -771000, "calculatedIncomeNonControlling": 3845000, "calculatedEbitda": 555243000}, {"date": "1994-12-31", "symbol": "UNH", "reportedCurrency": "USD", "cik": "0000731766", "fillingDate": "1995-03-28", "acceptedDate": "1995-03-28 00:00:00", "calendarYear": "1994", "period": "FY", "revenue": 3768882000, "costOfRevenue": 2643107000, "grossProfit": 1125775000, "grossProfitRatio": 0.2987026391, "researchAndDevelopmentExpenses": 0, "generalAndAdministrativeExpenses": 0, "sellingAndMarketingExpenses": 0, "sellingGeneralAndAdministrativeExpenses": 555649000, "otherExpenses": 28139000, "operatingExpenses": 583788000, "costAndExpenses": 3226895000, "interestIncome": 0, "interestExpense": 0, "depreciationAndAmortization": 64079000, "ebitda": 677946000, "ebitdaratio": 0.1798798689, "operatingIncome": 506047000, "operatingIncomeRatio": 0.1342697914, "totalOtherIncomeExpensesNet": -71880000, "incomeBeforeTax": 467944000, "incomeBeforeTaxRatio": 0.1241598968, "incomeTaxExpense": 177822000, "netIncome": 1665214000, "netIncomeRatio": 0.4418323524, "eps": 1.19, "epsdiluted": 1.19, "weightedAverageShsOut": 1401672000, "weightedAverageShsOutDil": 1402217295, "link": "https://www.sec.gov/Archives/edgar/data/731766/000095013195000748/0000950131-95-000748-index.html", "finalLink": "https://www.sec.gov/Archives/edgar/data/731766/", "calculatedOtherExpenses": 64079000, "calculatedOperatingExpenses": 619728000, "calculatedNetInterest": 0, "calculatedOtherIncome": -38103000, "calculatedIncomeNonControlling": -1375092000, "calculatedEbitda": 570126000}, {"date": "1993-12-31", "symbol": "UNH", "reportedCurrency": "USD", "cik": "0000731766", "fillingDate": "1993-12-31", "acceptedDate": "1993-12-30 19:00:00", "calendarYear": "1993", "period": "FY", "revenue": 2527300000, "costOfRevenue": 1762600000, "grossProfit": 764700000, "grossProfitRatio": 0.3025758715, "researchAndDevelopmentExpenses": 0, "generalAndAdministrativeExpenses": 0, "sellingAndMarketingExpenses": 0, "sellingGeneralAndAdministrativeExpenses": 408500000, "otherExpenses": 50300000, "operatingExpenses": 458800000, "costAndExpenses": 2221400000, "interestIncome": 0, "interestExpense": 0, "depreciationAndAmortization": -50300000, "ebitda": 356100000, "ebitdaratio": 0.1409013572, "operatingIncome": 305900000, "operatingIncomeRatio": 0.1210382622, "totalOtherIncomeExpensesNet": 100000, "incomeBeforeTax": 304400000, "incomeBeforeTaxRatio": 0.1204447434, "incomeTaxExpense": 109800000, "netIncome": 194600000, "netIncomeRatio": 0.0769991691, "eps": 0.16, "epsdiluted": 0.16, "weightedAverageShsOut": 1255483871, "weightedAverageShsOutDil": 1255483871, "link": "", "finalLink": "", "calculatedOtherExpenses": 50300000, "calculatedOperatingExpenses": 458800000, "calculatedNetInterest": 0, "calculatedOtherIncome": -1500000, "calculatedIncomeNonControlling": 0, "calculatedEbitda": 255600000}, {"date": "1992-12-31", "symbol": "UNH", "reportedCurrency": "USD", "cik": "0000731766", "fillingDate": "1992-12-31", "acceptedDate": "1992-12-30 19:00:00", "calendarYear": "1992", "period": "FY", "revenue": 1441800000, "costOfRevenue": 959200000, "grossProfit": 482600000, "grossProfitRatio": 0.3347204883, "researchAndDevelopmentExpenses": 0, "generalAndAdministrativeExpenses": 0, "sellingAndMarketingExpenses": 0, "sellingGeneralAndAdministrativeExpenses": 273800000, "otherExpenses": 31100000, "operatingExpenses": 304900000, "costAndExpenses": 1264100000, "interestIncome": 0, "interestExpense": 0, "depreciationAndAmortization": -31100000, "ebitda": 208800000, "ebitdaratio": 0.1448189763, "operatingIncome": 177700000, "operatingIncomeRatio": 0.1232487169, "totalOtherIncomeExpensesNet": -1700000, "incomeBeforeTax": 176000000, "incomeBeforeTaxRatio": 0.1220696352, "incomeTaxExpense": 61800000, "netIncome": 114200000, "netIncomeRatio": 0.0792065474, "eps": 0.11, "epsdiluted": 0.11, "weightedAverageShsOut": 1087619048, "weightedAverageShsOutDil": 1087619048, "link": "", "finalLink": "", "calculatedOtherExpenses": 31100000, "calculatedOperatingExpenses": 304900000, "calculatedNetInterest": 0, "calculatedOtherIncome": -1700000, "calculatedIncomeNonControlling": 0, "calculatedEbitda": 146600000}, {"date": "1991-12-31", "symbol": "UNH", "reportedCurrency": "USD", "cik": "0000731766", "fillingDate": "1991-12-31", "acceptedDate": "1991-12-30 19:00:00", "calendarYear": "1991", "period": "FY", "revenue": 847100000, "costOfRevenue": 533700000, "grossProfit": 313400000, "grossProfitRatio": 0.3699681265, "researchAndDevelopmentExpenses": 0, "generalAndAdministrativeExpenses": 0, "sellingAndMarketingExpenses": 0, "sellingGeneralAndAdministrativeExpenses": 184000000, "otherExpenses": 14300000, "operatingExpenses": 198300000, "costAndExpenses": 732000000, "interestIncome": 0, "interestExpense": 0, "depreciationAndAmortization": -14300000, "ebitda": 129400000, "ebitdaratio": 0.1527564632, "operatingIncome": 115100000, "operatingIncomeRatio": 0.1358753394, "totalOtherIncomeExpensesNet": -1600000, "incomeBeforeTax": 113500000, "incomeBeforeTaxRatio": 0.1339865423, "incomeTaxExpense": 38700000, "netIncome": 74800000, "netIncomeRatio": 0.0883012631, "eps": 0.075, "epsdiluted": 0.075, "weightedAverageShsOut": 997333333, "weightedAverageShsOutDil": 997333333, "link": "", "finalLink": "", "calculatedOtherExpenses": 14300000, "calculatedOperatingExpenses": 198300000, "calculatedNetInterest": 0, "calculatedOtherIncome": -1600000, "calculatedIncomeNonControlling": 0, "calculatedEbitda": 100800000}, {"date": "1990-12-31", "symbol": "UNH", "reportedCurrency": "USD", "cik": "0000731766", "fillingDate": "1990-12-31", "acceptedDate": "1990-12-30 19:00:00", "calendarYear": "1990", "period": "FY", "revenue": 605500000, "costOfRevenue": 383700000, "grossProfit": 221800000, "grossProfitRatio": 0.3663088357, "researchAndDevelopmentExpenses": 0, "generalAndAdministrativeExpenses": 0, "sellingAndMarketingExpenses": 0, "sellingGeneralAndAdministrativeExpenses": 155900000, "otherExpenses": 10600000, "operatingExpenses": 166500000, "costAndExpenses": 550200000, "interestIncome": 0, "interestExpense": 0, "depreciationAndAmortization": -10600000, "ebitda": 65900000, "ebitdaratio": 0.108835673, "operatingIncome": 55300000, "operatingIncomeRatio": 0.0913294798, "totalOtherIncomeExpensesNet": -3800000, "incomeBeforeTax": 51500000, "incomeBeforeTaxRatio": 0.0850536746, "incomeTaxExpense": 17600000, "netIncome": 33900000, "netIncomeRatio": 0.0559867878, "eps": 0.04, "epsdiluted": 0.0375, "weightedAverageShsOut": 847500000, "weightedAverageShsOutDil": 904000000, "link": "", "finalLink": "", "calculatedOtherExpenses": 10600000, "calculatedOperatingExpenses": 166500000, "calculatedNetInterest": 0, "calculatedOtherIncome": -3800000, "calculatedIncomeNonControlling": 0, "calculatedEbitda": 44700000}, {"date": "1989-12-31", "symbol": "UNH", "reportedCurrency": "USD", "cik": "0000731766", "fillingDate": "1989-12-31", "acceptedDate": "1989-12-30 19:00:00", "calendarYear": "1989", "period": "FY", "revenue": 412000000, "costOfRevenue": 243600000, "grossProfit": 168400000, "grossProfitRatio": 0.4087378641, "researchAndDevelopmentExpenses": 0, "generalAndAdministrativeExpenses": 0, "sellingAndMarketingExpenses": 0, "sellingGeneralAndAdministrativeExpenses": 134700000, "otherExpenses": 7800000, "operatingExpenses": 142500000, "costAndExpenses": 386100000, "interestIncome": 0, "interestExpense": 0, "depreciationAndAmortization": -7800000, "ebitda": 33700000, "ebitdaratio": 0.0817961165, "operatingIncome": 25900000, "operatingIncomeRatio": 0.0628640777, "totalOtherIncomeExpensesNet": -4400000, "incomeBeforeTax": 21500000, "incomeBeforeTaxRatio": 0.052184466, "incomeTaxExpense": 7800000, "netIncome": 13700000, "netIncomeRatio": 0.0332524272, "eps": 0.02, "epsdiluted": 0.02, "weightedAverageShsOut": 685000000, "weightedAverageShsOutDil": 685000000, "link": "", "finalLink": "", "calculatedOtherExpenses": 7800000, "calculatedOperatingExpenses": 142500000, "calculatedNetInterest": 0, "calculatedOtherIncome": -4400000, "calculatedIncomeNonControlling": 0, "calculatedEbitda": 18100000}, {"date": "1988-12-31", "symbol": "UNH", "reportedCurrency": "USD", "cik": "0000731766", "fillingDate": "1988-12-31", "acceptedDate": "1988-12-30 19:00:00", "calendarYear": "1988", "period": "FY", "revenue": 433900000, "costOfRevenue": 304700000, "grossProfit": 129200000, "grossProfitRatio": 0.2977644619, "researchAndDevelopmentExpenses": 0, "generalAndAdministrativeExpenses": 0, "sellingAndMarketingExpenses": 0, "sellingGeneralAndAdministrativeExpenses": 128600000, "otherExpenses": 8300000, "operatingExpenses": 136900000, "costAndExpenses": 441600000, "interestIncome": 0, "interestExpense": 0, "depreciationAndAmortization": 8300000, "ebitda": 22300000, "ebitdaratio": 0.0513943305, "operatingIncome": -7700000, "operatingIncomeRatio": -0.0177460244, "totalOtherIncomeExpensesNet": -21700000, "incomeBeforeTax": -34800000, "incomeBeforeTaxRatio": -0.0802028117, "incomeTaxExpense": 2000000, "netIncome": -36800000, "netIncomeRatio": -0.0848121687, "eps": -0.0725, "epsdiluted": -0.0725, "weightedAverageShsOut": 507586207, "weightedAverageShsOutDil": 507586207, "link": "", "finalLink": "", "calculatedOtherExpenses": 8300000, "calculatedOperatingExpenses": 136900000, "calculatedNetInterest": 0, "calculatedOtherIncome": -27100000, "calculatedIncomeNonControlling": 0, "calculatedEbitda": 600000}, {"date": "1987-12-31", "symbol": "UNH", "reportedCurrency": "USD", "cik": "0000731766", "fillingDate": "1987-12-31", "acceptedDate": "1987-12-30 19:00:00", "calendarYear": "1987", "period": "FY", "revenue": 435400000, "costOfRevenue": 298500000, "grossProfit": 136900000, "grossProfitRatio": 0.3144235186, "researchAndDevelopmentExpenses": 0, "generalAndAdministrativeExpenses": 0, "sellingAndMarketingExpenses": 0, "sellingGeneralAndAdministrativeExpenses": 149800000, "otherExpenses": 7800000, "operatingExpenses": 157600000, "costAndExpenses": 456100000, "interestIncome": 0, "interestExpense": 0, "depreciationAndAmortization": 7800000, "ebitda": -17600000, "ebitdaratio": -0.0404225999, "operatingIncome": -20700000, "operatingIncomeRatio": -0.0475424897, "totalOtherIncomeExpensesNet": 4700000, "incomeBeforeTax": -19100000, "incomeBeforeTaxRatio": -0.0438677079, "incomeTaxExpense": -3300000, "netIncome": -15800000, "netIncomeRatio": -0.0362884704, "eps": -0.0325, "epsdiluted": -0.0325, "weightedAverageShsOut": 486153846, "weightedAverageShsOutDil": 486153846, "link": "", "finalLink": "", "calculatedOtherExpenses": 7800000, "calculatedOperatingExpenses": 157600000, "calculatedNetInterest": 0, "calculatedOtherIncome": 1600000, "calculatedIncomeNonControlling": 0, "calculatedEbitda": -12900000}, {"date": "1986-12-31", "symbol": "UNH", "reportedCurrency": "USD", "cik": "0000731766", "fillingDate": "1986-12-31", "acceptedDate": "1986-12-30 19:00:00", "calendarYear": "1986", "period": "FY", "revenue": 212900000, "costOfRevenue": 123100000, "grossProfit": 89800000, "grossProfitRatio": 0.4217942696, "researchAndDevelopmentExpenses": 0, "generalAndAdministrativeExpenses": 0, "sellingAndMarketingExpenses": 0, "sellingGeneralAndAdministrativeExpenses": 78000000, "otherExpenses": 3500000, "operatingExpenses": 81500000, "costAndExpenses": 204600000, "interestIncome": 0, "interestExpense": 0, "depreciationAndAmortization": 3500000, "ebitda": 6200000, "ebitdaratio": 0.0291216534, "operatingIncome": 8300000, "operatingIncomeRatio": 0.0389854392, "totalOtherIncomeExpensesNet": 5600000, "incomeBeforeTax": 12500000, "incomeBeforeTaxRatio": 0.0587130108, "incomeTaxExpense": 6200000, "netIncome": 6300000, "netIncomeRatio": 0.0295913574, "eps": 0.015, "epsdiluted": 0.015, "weightedAverageShsOut": 420000000, "weightedAverageShsOutDil": 420000000, "link": "", "finalLink": "", "calculatedOtherExpenses": 3500000, "calculatedOperatingExpenses": 81500000, "calculatedNetInterest": 0, "calculatedOtherIncome": 4200000, "calculatedIncomeNonControlling": 0, "calculatedEbitda": 11800000}, {"date": "1985-12-31", "symbol": "UNH", "reportedCurrency": "USD", "cik": "0000731766", "fillingDate": "1985-12-31", "acceptedDate": "1985-12-30 19:00:00", "calendarYear": "1985", "period": "FY", "revenue": 101200000, "costOfRevenue": 52200000, "grossProfit": 49000000, "grossProfitRatio": 0.4841897233, "researchAndDevelopmentExpenses": 0, "generalAndAdministrativeExpenses": 0, "sellingAndMarketingExpenses": 0, "sellingGeneralAndAdministrativeExpenses": 43300000, "otherExpenses": 1600000, "operatingExpenses": 44900000, "costAndExpenses": 97100000, "interestIncome": 0, "interestExpense": 0, "depreciationAndAmortization": 1600000, "ebitda": 4400000, "ebitdaratio": 0.0434782609, "operatingIncome": 4100000, "operatingIncomeRatio": 0.040513834, "totalOtherIncomeExpensesNet": 1300000, "incomeBeforeTax": 4100000, "incomeBeforeTaxRatio": 0.040513834, "incomeTaxExpense": 2000000, "netIncome": 2100000, "netIncomeRatio": 0.0207509881, "eps": 0.0075, "epsdiluted": 0.0075, "weightedAverageShsOut": 280000000, "weightedAverageShsOutDil": 280000000, "link": "", "finalLink": "", "calculatedOtherExpenses": 1600000, "calculatedOperatingExpenses": 44900000, "calculatedNetInterest": 0, "calculatedOtherIncome": 0, "calculatedIncomeNonControlling": 0, "calculatedEbitda": 5700000}]}