{"originalCurrency": "USD", "convertedCurrency": "USD", "report": [{"date": "2023-12-31", "symbol": "UNM", "reportedCurrency": "USD", "cik": "0000005513", "fillingDate": "2024-02-20", "acceptedDate": "2024-02-20 16:49:55", "calendarYear": "2023", "period": "FY", "revenue": 12385900000, "costOfRevenue": 452000000, "grossProfit": 11933900000, "grossProfitRatio": 0.9635068909, "researchAndDevelopmentExpenses": 0, "generalAndAdministrativeExpenses": 1162600000, "sellingAndMarketingExpenses": 0, "sellingGeneralAndAdministrativeExpenses": 1162600000, "otherExpenses": -3293900000, "operatingExpenses": 3293900000, "costAndExpenses": -10551000000, "interestIncome": 0, "interestExpense": 194800000, "depreciationAndAmortization": 108800000, "ebitda": 1640100000, "ebitdaratio": 0.1324166996, "operatingIncome": 1640100000, "operatingIncomeRatio": 0.1324166996, "totalOtherIncomeExpensesNet": 1640100000, "incomeBeforeTax": 1640100000, "incomeBeforeTaxRatio": 0.1324166996, "incomeTaxExpense": 356300000, "netIncome": 1283800000, "netIncomeRatio": 0.1036501183, "eps": 6.53, "epsdiluted": 6.5, "weightedAverageShsOut": 196659700, "weightedAverageShsOutDil": 197602000, "link": "https://www.sec.gov/Archives/edgar/data/5513/000000551324000015/0000005513-24-000015-index.htm", "finalLink": "https://www.sec.gov/Archives/edgar/data/5513/000000551324000015/unm-20231231.htm", "calculatedOtherExpenses": 9131200000, "calculatedOperatingExpenses": 10293800000, "calculatedNetInterest": -194800000, "calculatedOtherIncome": 194800000, "calculatedIncomeNonControlling": 0, "calculatedEbitda": 1748900000}, {"date": "2022-12-31", "symbol": "UNM", "reportedCurrency": "USD", "cik": "0000005513", "fillingDate": "2023-02-23", "acceptedDate": "2023-02-23 16:09:14", "calendarYear": "2022", "period": "FY", "revenue": 11991000000, "costOfRevenue": 473500000, "grossProfit": 11517500000, "grossProfitRatio": 0.9605120507, "researchAndDevelopmentExpenses": 0, "generalAndAdministrativeExpenses": 1089500000, "sellingAndMarketingExpenses": 0, "sellingGeneralAndAdministrativeExpenses": 1089500000, "otherExpenses": -10787100000, "operatingExpenses": -9697600000, "costAndExpenses": 10359600000, "interestIncome": 188500000, "interestExpense": 188500000, "depreciationAndAmortization": 110500000, "ebitda": 1930400000, "ebitdaratio": 0.1609874072, "operatingIncome": 1819900000, "operatingIncomeRatio": 0.1517721625, "totalOtherIncomeExpensesNet": -188500000, "incomeBeforeTax": 1631400000, "incomeBeforeTaxRatio": 0.136052039, "incomeTaxExpense": 317200000, "netIncome": 1407200000, "netIncomeRatio": 0.1173546827, "eps": 7.01, "epsdiluted": 6.96, "weightedAverageShsOut": 200647200, "weightedAverageShsOutDil": 202109400, "link": "https://www.sec.gov/Archives/edgar/data/5513/000000551323000034/0000005513-23-000034-index.htm", "finalLink": "https://www.sec.gov/Archives/edgar/data/5513/000000551323000034/unm-20221231.htm", "calculatedOtherExpenses": 8608100000, "calculatedOperatingExpenses": 9697600000, "calculatedNetInterest": 0, "calculatedOtherIncome": -188500000, "calculatedIncomeNonControlling": -93000000, "calculatedEbitda": 1930400000}, {"date": "2021-12-31", "symbol": "UNM", "reportedCurrency": "USD", "cik": "0000005513", "fillingDate": "2022-02-25", "acceptedDate": "2022-02-25 16:22:22", "calendarYear": "2021", "period": "FY", "revenue": 12013800000, "costOfRevenue": 212800000, "grossProfit": 11801000000, "grossProfitRatio": 0.9822870366, "researchAndDevelopmentExpenses": 0, "generalAndAdministrativeExpenses": 975200000, "sellingAndMarketingExpenses": 0, "sellingGeneralAndAdministrativeExpenses": 975200000, "otherExpenses": -12168900000, "operatingExpenses": -11193700000, "costAndExpenses": 10950800000, "interestIncome": 185000000, "interestExpense": 185000000, "depreciationAndAmortization": 119800000, "ebitda": 939900000, "ebitdaratio": 0.0782350297, "operatingIncome": 820100000, "operatingIncomeRatio": 0.068263164, "totalOtherIncomeExpensesNet": 242900000, "incomeBeforeTax": 1063000000, "incomeBeforeTaxRatio": 0.0884815795, "incomeTaxExpense": 238800000, "netIncome": 981000000, "netIncomeRatio": 0.0816560955, "eps": 4.04, "epsdiluted": 4.02, "weightedAverageShsOut": 204232900, "weightedAverageShsOutDil": 204847900, "link": "https://www.sec.gov/Archives/edgar/data/5513/000000551322000030/0000005513-22-000030-index.htm", "finalLink": "https://www.sec.gov/Archives/edgar/data/5513/000000551322000030/unm-20211231.htm", "calculatedOtherExpenses": 10005700000, "calculatedOperatingExpenses": 10980900000, "calculatedNetInterest": 0, "calculatedOtherIncome": 242900000, "calculatedIncomeNonControlling": -156800000, "calculatedEbitda": 939900000}, {"date": "2020-12-31", "symbol": "UNM", "reportedCurrency": "USD", "cik": "0000005513", "fillingDate": "2021-02-17", "acceptedDate": "2021-02-17 13:16:43", "calendarYear": "2020", "period": "FY", "revenue": 13162100000, "costOfRevenue": 0, "grossProfit": 13162100000, "grossProfitRatio": 1, "researchAndDevelopmentExpenses": 0, "generalAndAdministrativeExpenses": 953200000, "sellingAndMarketingExpenses": 0, "sellingGeneralAndAdministrativeExpenses": 953200000, "otherExpenses": -13375500000, "operatingExpenses": -12422300000, "costAndExpenses": 12198100000, "interestIncome": 188200000, "interestExpense": 188200000, "depreciationAndAmortization": 113600000, "ebitda": 853400000, "ebitdaratio": 0.0648376779, "operatingIncome": 739800000, "operatingIncomeRatio": 0.0562068363, "totalOtherIncomeExpensesNet": 224200000, "incomeBeforeTax": 964000000, "incomeBeforeTaxRatio": 0.0732405923, "incomeTaxExpense": 171000000, "netIncome": 793000000, "netIncomeRatio": 0.0602487445, "eps": 3.89, "epsdiluted": 3.89, "weightedAverageShsOut": 203642000, "weightedAverageShsOutDil": 203755300, "link": "https://www.sec.gov/Archives/edgar/data/5513/000000551321000015/0000005513-21-000015-index.htm", "finalLink": "https://www.sec.gov/Archives/edgar/data/5513/000000551321000015/unm-20201231.htm", "calculatedOtherExpenses": 11469100000, "calculatedOperatingExpenses": 12422300000, "calculatedNetInterest": 0, "calculatedOtherIncome": 224200000, "calculatedIncomeNonControlling": 0, "calculatedEbitda": 853400000}, {"date": "2019-12-31", "symbol": "UNM", "reportedCurrency": "USD", "cik": "0000005513", "fillingDate": "2020-02-18", "acceptedDate": "2020-02-18 16:33:40", "calendarYear": "2019", "period": "FY", "revenue": 11998900000, "costOfRevenue": 0, "grossProfit": 11998900000, "grossProfitRatio": 1, "researchAndDevelopmentExpenses": 0, "generalAndAdministrativeExpenses": 898300000, "sellingAndMarketingExpenses": 0, "sellingGeneralAndAdministrativeExpenses": 898300000, "otherExpenses": -11736300000, "operatingExpenses": -10838000000, "costAndExpenses": 10616800000, "interestIncome": 177400000, "interestExpense": 177400000, "depreciationAndAmortization": 110100000, "ebitda": 1271000000, "ebitdaratio": 0.1059263766, "operatingIncome": 1160900000, "operatingIncomeRatio": 0.0967505355, "totalOtherIncomeExpensesNet": 221200000, "incomeBeforeTax": 1382100000, "incomeBeforeTaxRatio": 0.1151855587, "incomeTaxExpense": 281800000, "netIncome": 1100300000, "netIncomeRatio": 0.0917000725, "eps": 5.25, "epsdiluted": 5.24, "weightedAverageShsOut": 209728900, "weightedAverageShsOutDil": 209854400, "link": "https://www.sec.gov/Archives/edgar/data/5513/000000551320000027/0000005513-20-000027-index.htm", "finalLink": "https://www.sec.gov/Archives/edgar/data/5513/000000551320000027/unm-20191231.htm", "calculatedOtherExpenses": 9939700000, "calculatedOperatingExpenses": 10838000000, "calculatedNetInterest": 0, "calculatedOtherIncome": 221200000, "calculatedIncomeNonControlling": 0, "calculatedEbitda": 1271000000}, {"date": "2018-12-31", "symbol": "UNM", "reportedCurrency": "USD", "cik": "0000005513", "fillingDate": "2019-02-19", "acceptedDate": "2019-02-19 16:37:08", "calendarYear": "2018", "period": "FY", "revenue": 11598500000, "costOfRevenue": 0, "grossProfit": 11598500000, "grossProfitRatio": 1, "researchAndDevelopmentExpenses": 0, "generalAndAdministrativeExpenses": 885900000, "sellingAndMarketingExpenses": 0, "sellingGeneralAndAdministrativeExpenses": 885900000, "otherExpenses": -11689300000, "operatingExpenses": -10803400000, "costAndExpenses": 10970700000, "interestIncome": 0, "interestExpense": 167300000, "depreciationAndAmortization": 101400000, "ebitda": 896500000, "ebitdaratio": 0.0772944777, "operatingIncome": 795100000, "operatingIncomeRatio": 0.0685519679, "totalOtherIncomeExpensesNet": 198200000, "incomeBeforeTax": 627800000, "incomeBeforeTaxRatio": 0.0541276889, "incomeTaxExpense": 104400000, "netIncome": 523400000, "netIncomeRatio": 0.045126525, "eps": 2.38, "epsdiluted": 2.38, "weightedAverageShsOut": 219600000, "weightedAverageShsOutDil": 220100000, "link": "https://www.sec.gov/Archives/edgar/data/5513/000000551319000004/0000005513-19-000004-index.htm", "finalLink": "https://www.sec.gov/Archives/edgar/data/5513/000000551319000004/unm12312018-10xk.htm", "calculatedOtherExpenses": 9917500000, "calculatedOperatingExpenses": 10803400000, "calculatedNetInterest": -167300000, "calculatedOtherIncome": 0, "calculatedIncomeNonControlling": 0, "calculatedEbitda": 896500000}, {"date": "2017-12-31", "symbol": "UNM", "reportedCurrency": "USD", "cik": "0000005513", "fillingDate": "2018-02-21", "acceptedDate": "2018-02-21 17:08:06", "calendarYear": "2017", "period": "FY", "revenue": 11286800000, "costOfRevenue": 0, "grossProfit": 11286800000, "grossProfitRatio": 1, "researchAndDevelopmentExpenses": 0, "generalAndAdministrativeExpenses": 844400000, "sellingAndMarketingExpenses": 0, "sellingGeneralAndAdministrativeExpenses": 844400000, "otherExpenses": -10567300000, "operatingExpenses": -9722900000, "costAndExpenses": 9882800000, "interestIncome": 0, "interestExpense": 159900000, "depreciationAndAmortization": 103400000, "ebitda": 1667300000, "ebitdaratio": 0.1477212319, "operatingIncome": 1563900000, "operatingIncomeRatio": 0.1385600879, "totalOtherIncomeExpensesNet": 197700000, "incomeBeforeTax": 1404000000, "incomeBeforeTaxRatio": 0.1243930964, "incomeTaxExpense": 409800000, "netIncome": 994200000, "netIncomeRatio": 0.0880851969, "eps": 4.39, "epsdiluted": 4.37, "weightedAverageShsOut": 226500000, "weightedAverageShsOutDil": 227300000, "link": "https://www.sec.gov/Archives/edgar/data/5513/000000551318000016/0000005513-18-000016-index.htm", "finalLink": "https://www.sec.gov/Archives/edgar/data/5513/000000551318000016/unm12312017-10xk.htm", "calculatedOtherExpenses": 8878500000, "calculatedOperatingExpenses": 9722900000, "calculatedNetInterest": -159900000, "calculatedOtherIncome": 0, "calculatedIncomeNonControlling": 0, "calculatedEbitda": 1667300000}, {"date": "2016-12-31", "symbol": "UNM", "reportedCurrency": "USD", "cik": "0000005513", "fillingDate": "2017-02-22", "acceptedDate": "2017-02-22 15:30:07", "calendarYear": "2016", "period": "FY", "revenue": 11046500000, "costOfRevenue": 0, "grossProfit": 11046500000, "grossProfitRatio": 1, "researchAndDevelopmentExpenses": 0, "generalAndAdministrativeExpenses": 832100000, "sellingAndMarketingExpenses": 0, "sellingGeneralAndAdministrativeExpenses": 832100000, "otherExpenses": -10364900000, "operatingExpenses": -9532800000, "costAndExpenses": 9698800000, "interestIncome": 0, "interestExpense": 166000000, "depreciationAndAmortization": 101700000, "ebitda": 1615400000, "ebitdaratio": 0.1462363645, "operatingIncome": 1513700000, "operatingIncomeRatio": 0.1370298285, "totalOtherIncomeExpensesNet": 205600000, "incomeBeforeTax": 1347700000, "incomeBeforeTaxRatio": 0.1220024442, "incomeTaxExpense": 416300000, "netIncome": 931400000, "netIncomeRatio": 0.0843162993, "eps": 3.96, "epsdiluted": 3.95, "weightedAverageShsOut": 235400000, "weightedAverageShsOutDil": 236000000, "link": "https://www.sec.gov/Archives/edgar/data/5513/000000551317000018/0000005513-17-000018-index.htm", "finalLink": "https://www.sec.gov/Archives/edgar/data/5513/000000551317000018/unm12312016-10xk.htm", "calculatedOtherExpenses": 8700700000, "calculatedOperatingExpenses": 9532800000, "calculatedNetInterest": -166000000, "calculatedOtherIncome": 0, "calculatedIncomeNonControlling": 0, "calculatedEbitda": 1615400000}, {"date": "2015-12-31", "symbol": "UNM", "reportedCurrency": "USD", "cik": "0000005513", "fillingDate": "2016-02-24", "acceptedDate": "2016-02-24 15:57:41", "calendarYear": "2015", "period": "FY", "revenue": 10731300000, "costOfRevenue": 342100000, "grossProfit": 10389200000, "grossProfitRatio": 0.9681212901, "researchAndDevelopmentExpenses": 0, "generalAndAdministrativeExpenses": 835100000, "sellingAndMarketingExpenses": 0, "sellingGeneralAndAdministrativeExpenses": 835100000, "otherExpenses": -9833200000, "operatingExpenses": -8998100000, "costAndExpenses": 9493000000, "interestIncome": 0, "interestExpense": 152800000, "depreciationAndAmortization": 99500000, "ebitda": 1490600000, "ebitdaratio": 0.1389020901, "operatingIncome": 1391100000, "operatingIncomeRatio": 0.1296301473, "totalOtherIncomeExpensesNet": 211500000, "incomeBeforeTax": 1238300000, "incomeBeforeTaxRatio": 0.1153914251, "incomeTaxExpense": 371200000, "netIncome": 867100000, "netIncomeRatio": 0.0808010213, "eps": 3.51, "epsdiluted": 3.5, "weightedAverageShsOut": 247000000, "weightedAverageShsOutDil": 247900000, "link": "https://www.sec.gov/Archives/edgar/data/5513/000000551316000045/0000005513-16-000045-index.htm", "finalLink": "https://www.sec.gov/Archives/edgar/data/5513/000000551316000045/unm12312015-10xk.htm", "calculatedOtherExpenses": 8163000000, "calculatedOperatingExpenses": 8998100000, "calculatedNetInterest": -152800000, "calculatedOtherIncome": 0, "calculatedIncomeNonControlling": 0, "calculatedEbitda": 1490600000}, {"date": "2014-12-31", "symbol": "UNM", "reportedCurrency": "USD", "cik": "0000005513", "fillingDate": "2015-02-25", "acceptedDate": "2015-02-25 13:50:49", "calendarYear": "2014", "period": "FY", "revenue": 10524500000, "costOfRevenue": 103300000, "grossProfit": 10421200000, "grossProfitRatio": 0.9901848069, "researchAndDevelopmentExpenses": 0, "generalAndAdministrativeExpenses": 820900000, "sellingAndMarketingExpenses": 0, "sellingGeneralAndAdministrativeExpenses": 820900000, "otherExpenses": -10547400000, "operatingExpenses": -9726500000, "costAndExpenses": 9982500000, "interestIncome": 0, "interestExpense": 167500000, "depreciationAndAmortization": 87900000, "ebitda": 782600000, "ebitdaratio": 0.0743598271, "operatingIncome": 694700000, "operatingIncomeRatio": 0.0660078864, "totalOtherIncomeExpensesNet": 219000000, "incomeBeforeTax": 542000000, "incomeBeforeTaxRatio": 0.0514988836, "incomeTaxExpense": 139900000, "netIncome": 402100000, "netIncomeRatio": 0.0382060906, "eps": 1.57, "epsdiluted": 1.57, "weightedAverageShsOut": 256114649, "weightedAverageShsOutDil": 256114650, "link": "https://www.sec.gov/Archives/edgar/data/5513/000000551315000010/0000005513-15-000010-index.htm", "finalLink": "https://www.sec.gov/Archives/edgar/data/5513/000000551315000010/unm12312014-10xk.htm", "calculatedOtherExpenses": 8905600000, "calculatedOperatingExpenses": 9726500000, "calculatedNetInterest": -167500000, "calculatedOtherIncome": 14800000, "calculatedIncomeNonControlling": 0, "calculatedEbitda": 782600000}, {"date": "2013-12-31", "symbol": "UNM", "reportedCurrency": "USD", "cik": "0000005513", "fillingDate": "2014-02-26", "acceptedDate": "2014-02-26 16:07:11", "calendarYear": "2013", "period": "FY", "revenue": 10353800000, "costOfRevenue": 296600000, "grossProfit": 10057200000, "grossProfitRatio": 0.9713535127, "researchAndDevelopmentExpenses": 0, "generalAndAdministrativeExpenses": 790400000, "sellingAndMarketingExpenses": 0, "sellingGeneralAndAdministrativeExpenses": 790400000, "otherExpenses": -9493000000, "operatingExpenses": -8702600000, "costAndExpenses": 9148600000, "interestIncome": 0, "interestExpense": 149400000, "depreciationAndAmortization": 84800000, "ebitda": 1439400000, "ebitdaratio": 0.1390214221, "operatingIncome": 1354600000, "operatingIncomeRatio": 0.1308311924, "totalOtherIncomeExpensesNet": 230200000, "incomeBeforeTax": 1205200000, "incomeBeforeTaxRatio": 0.1164017076, "incomeTaxExpense": 347100000, "netIncome": 858100000, "netIncomeRatio": 0.082877784, "eps": 3.24, "epsdiluted": 3.23, "weightedAverageShsOut": 264700000, "weightedAverageShsOutDil": 265900000, "link": "https://www.sec.gov/Archives/edgar/data/5513/000000551314000008/0000005513-14-000008-index.htm", "finalLink": "https://www.sec.gov/Archives/edgar/data/5513/000000551314000008/unm12312013-10xk.htm", "calculatedOtherExpenses": 7912200000, "calculatedOperatingExpenses": 8702600000, "calculatedNetInterest": -149400000, "calculatedOtherIncome": 0, "calculatedIncomeNonControlling": 0, "calculatedEbitda": 1439400000}, {"date": "2012-12-31", "symbol": "UNM", "reportedCurrency": "USD", "cik": "0000005513", "fillingDate": "2013-02-22", "acceptedDate": "2013-02-22 11:14:51", "calendarYear": "2012", "period": "FY", "revenue": 10515400000, "costOfRevenue": 0, "grossProfit": 10515400000, "grossProfitRatio": 1, "researchAndDevelopmentExpenses": 0, "generalAndAdministrativeExpenses": 786800000, "sellingAndMarketingExpenses": 0, "sellingGeneralAndAdministrativeExpenses": 786800000, "otherExpenses": -9907300000, "operatingExpenses": -9120500000, "costAndExpenses": 9265900000, "interestIncome": 0, "interestExpense": 145400000, "depreciationAndAmortization": 84300000, "ebitda": 1479200000, "ebitdaratio": 0.1406698747, "operatingIncome": 1394900000, "operatingIncomeRatio": 0.1326530612, "totalOtherIncomeExpensesNet": 227900000, "incomeBeforeTax": 1249500000, "incomeBeforeTaxRatio": 0.1188257223, "incomeTaxExpense": 355100000, "netIncome": 894400000, "netIncomeRatio": 0.0850562033, "eps": 3.18, "epsdiluted": 3.17, "weightedAverageShsOut": 281355942, "weightedAverageShsOutDil": 281756843, "link": "https://www.sec.gov/Archives/edgar/data/5513/000000551313000007/0000005513-13-000007-index.htm", "finalLink": "https://www.sec.gov/Archives/edgar/data/5513/000000551313000007/unm12312012-10xk.htm", "calculatedOtherExpenses": 8333700000, "calculatedOperatingExpenses": 9120500000, "calculatedNetInterest": -145400000, "calculatedOtherIncome": 0, "calculatedIncomeNonControlling": 0, "calculatedEbitda": 1479200000}, {"date": "2011-12-31", "symbol": "UNM", "reportedCurrency": "USD", "cik": "0000005513", "fillingDate": "2012-02-24", "acceptedDate": "2012-02-24 09:18:54", "calendarYear": "2011", "period": "FY", "revenue": 10278000000, "costOfRevenue": 230500000, "grossProfit": 10047500000, "grossProfitRatio": 0.9775734579, "researchAndDevelopmentExpenses": 0, "generalAndAdministrativeExpenses": 808000000, "sellingAndMarketingExpenses": 879200000, "sellingGeneralAndAdministrativeExpenses": 1687200000, "otherExpenses": -11334200000, "operatingExpenses": -9647000000, "costAndExpenses": 10020800000, "interestIncome": 0, "interestExpense": 143300000, "depreciationAndAmortization": 81100000, "ebitda": 481600000, "ebitdaratio": 0.0468573652, "operatingIncome": 400500000, "operatingIncomeRatio": 0.038966725, "totalOtherIncomeExpensesNet": 249100000, "incomeBeforeTax": 257200000, "incomeBeforeTaxRatio": 0.0250243238, "incomeTaxExpense": 21800000, "netIncome": 235400000, "netIncomeRatio": 0.0229032886, "eps": 0.94, "epsdiluted": 0.94, "weightedAverageShsOut": 302399800, "weightedAverageShsOutDil": 303571000, "link": "https://www.sec.gov/Archives/edgar/data/5513/000000551312000006/0000005513-12-000006-index.htm", "finalLink": "https://www.sec.gov/Archives/edgar/data/5513/000000551312000006/unm12312011-10xk.htm", "calculatedOtherExpenses": 7959800000, "calculatedOperatingExpenses": 9647000000, "calculatedNetInterest": -143300000, "calculatedOtherIncome": 0, "calculatedIncomeNonControlling": 0, "calculatedEbitda": 481600000}, {"date": "2010-12-31", "symbol": "UNM", "reportedCurrency": "USD", "cik": "0000005513", "fillingDate": "2011-02-25", "acceptedDate": "2011-02-25 14:00:07", "calendarYear": "2010", "period": "FY", "revenue": 10193200000, "costOfRevenue": 301000000, "grossProfit": 9892200000, "grossProfitRatio": 0.9704705098, "researchAndDevelopmentExpenses": 0, "generalAndAdministrativeExpenses": 776300000, "sellingAndMarketingExpenses": 855400000, "sellingGeneralAndAdministrativeExpenses": 1631700000, "otherExpenses": -10050800000, "operatingExpenses": -8419100000, "costAndExpenses": 8861900000, "interestIncome": 0, "interestExpense": 141800000, "depreciationAndAmortization": 75400000, "ebitda": 1548500000, "ebitdaratio": 0.1519150022, "operatingIncome": 1473100000, "operatingIncomeRatio": 0.1445179139, "totalOtherIncomeExpensesNet": 241600000, "incomeBeforeTax": 1331300000, "incomeBeforeTaxRatio": 0.130606679, "incomeTaxExpense": 445200000, "netIncome": 886100000, "netIncomeRatio": 0.0869305027, "eps": 2.7, "epsdiluted": 2.69, "weightedAverageShsOut": 325839000, "weightedAverageShsOutDil": 327221100, "link": "https://www.sec.gov/Archives/edgar/data/5513/000119312511047064/0001193125-11-047064-index.htm", "finalLink": "https://www.sec.gov/Archives/edgar/data/5513/000119312511047064/d10k.htm", "calculatedOtherExpenses": 6787400000, "calculatedOperatingExpenses": 8419100000, "calculatedNetInterest": -141800000, "calculatedOtherIncome": 0, "calculatedIncomeNonControlling": 0, "calculatedEbitda": 1548500000}, {"date": "2009-12-31", "symbol": "UNM", "reportedCurrency": "USD", "cik": "0000005513", "fillingDate": "2010-02-26", "acceptedDate": "2010-02-26 15:22:50", "calendarYear": "2009", "period": "FY", "revenue": 10091000000, "costOfRevenue": 377900000, "grossProfit": 9713100000, "grossProfitRatio": 0.9625507878, "researchAndDevelopmentExpenses": 0, "generalAndAdministrativeExpenses": 793300000, "sellingAndMarketingExpenses": 0, "sellingGeneralAndAdministrativeExpenses": 793300000, "otherExpenses": 0, "operatingExpenses": 8860500000, "costAndExpenses": 8798700000, "interestIncome": 0, "interestExpense": 125400000, "depreciationAndAmortization": 74500000, "ebitda": 1492200000, "ebitdaratio": 0.1478743435, "operatingIncome": 852600000, "operatingIncomeRatio": 0.0844911307, "totalOtherIncomeExpensesNet": 257200000, "incomeBeforeTax": 1292300000, "incomeBeforeTaxRatio": 0.128064612, "incomeTaxExpense": 439700000, "netIncome": 852600000, "netIncomeRatio": 0.0844911307, "eps": 2.57, "epsdiluted": 2.57, "weightedAverageShsOut": 331266247, "weightedAverageShsOutDil": 332136181, "link": "https://www.sec.gov/Archives/edgar/data/5513/000119312510042716/0001193125-10-042716-index.htm", "finalLink": "https://www.sec.gov/Archives/edgar/data/5513/000119312510042716/d10k.htm", "calculatedOtherExpenses": 8067200000, "calculatedOperatingExpenses": 8860500000, "calculatedNetInterest": -125400000, "calculatedOtherIncome": 565100000, "calculatedIncomeNonControlling": 0, "calculatedEbitda": 927100000}, {"date": "2008-12-31", "symbol": "UNM", "reportedCurrency": "USD", "cik": "0000005513", "fillingDate": "2009-02-24", "acceptedDate": "2009-02-24 16:58:03", "calendarYear": "2008", "period": "FY", "revenue": 9982300000, "costOfRevenue": 340900000, "grossProfit": 9641400000, "grossProfitRatio": 0.9658495537, "researchAndDevelopmentExpenses": 0, "generalAndAdministrativeExpenses": 772600000, "sellingAndMarketingExpenses": 853300000, "sellingGeneralAndAdministrativeExpenses": 853300000, "otherExpenses": 0, "operatingExpenses": 9088200000, "costAndExpenses": 9158300000, "interestIncome": 0, "interestExpense": 156300000, "depreciationAndAmortization": 68800000, "ebitda": 1049500000, "ebitdaratio": 0.1051360909, "operatingIncome": 553200000, "operatingIncomeRatio": 0.05541809, "totalOtherIncomeExpensesNet": 275900000, "incomeBeforeTax": 824000000, "incomeBeforeTaxRatio": 0.0825461066, "incomeTaxExpense": 270800000, "netIncome": 553200000, "netIncomeRatio": 0.05541809, "eps": 1.62, "epsdiluted": 1.62, "weightedAverageShsOut": 341022792, "weightedAverageShsOutDil": 341560297, "link": "https://www.sec.gov/Archives/edgar/data/5513/000119312509036287/0001193125-09-036287-index.htm", "finalLink": "https://www.sec.gov/Archives/edgar/data/5513/000119312509036287/d10k.htm", "calculatedOtherExpenses": 8234900000, "calculatedOperatingExpenses": 9088200000, "calculatedNetInterest": -156300000, "calculatedOtherIncome": 427100000, "calculatedIncomeNonControlling": 0, "calculatedEbitda": 622000000}, {"date": "2007-12-31", "symbol": "UNM", "reportedCurrency": "USD", "cik": "0000005513", "fillingDate": "2008-02-25", "acceptedDate": "2008-02-25 16:14:39", "calendarYear": "2007", "period": "FY", "revenue": 10519900000, "costOfRevenue": 264200000, "grossProfit": 10255700000, "grossProfitRatio": 0.9748856928, "researchAndDevelopmentExpenses": 0, "generalAndAdministrativeExpenses": 722400000, "sellingAndMarketingExpenses": 0, "sellingGeneralAndAdministrativeExpenses": 722400000, "otherExpenses": 0, "operatingExpenses": 9583300000, "costAndExpenses": 9522700000, "interestIncome": 0, "interestExpense": 183100000, "depreciationAndAmortization": 66200000, "ebitda": 1253400000, "ebitdaratio": 0.1191456193, "operatingIncome": 672400000, "operatingIncomeRatio": 0.0639169574, "totalOtherIncomeExpensesNet": 274100000, "incomeBeforeTax": 997200000, "incomeBeforeTaxRatio": 0.0947917756, "incomeTaxExpense": 324800000, "netIncome": 679300000, "netIncomeRatio": 0.0645728572, "eps": 1.92, "epsdiluted": 1.91, "weightedAverageShsOut": 352969100, "weightedAverageShsOutDil": 355776500, "link": "https://www.sec.gov/Archives/edgar/data/5513/000119312508037458/0001193125-08-037458-index.htm", "finalLink": "https://www.sec.gov/Archives/edgar/data/5513/000119312508037458/d10k.htm", "calculatedOtherExpenses": 8860900000, "calculatedOperatingExpenses": 9583300000, "calculatedNetInterest": -183100000, "calculatedOtherIncome": 507900000, "calculatedIncomeNonControlling": -6900000, "calculatedEbitda": 738600000}, {"date": "2006-12-31", "symbol": "UNM", "reportedCurrency": "USD", "cik": "0000005513", "fillingDate": "2007-03-01", "acceptedDate": "2007-02-28 19:43:59", "calendarYear": "2006", "period": "FY", "revenue": 10535300000, "costOfRevenue": 817200000, "grossProfit": 9718100000, "grossProfitRatio": 0.9224322041, "researchAndDevelopmentExpenses": 0, "generalAndAdministrativeExpenses": 680500000, "sellingAndMarketingExpenses": 0, "sellingGeneralAndAdministrativeExpenses": 680500000, "otherExpenses": 0, "operatingExpenses": 9314500000, "costAndExpenses": 10069900000, "interestIncome": 0, "interestExpense": 191800000, "depreciationAndAmortization": 80500000, "ebitda": 745100000, "ebitdaratio": 0.0707241369, "operatingIncome": 403600000, "operatingIncomeRatio": 0.038309303, "totalOtherIncomeExpensesNet": 264300000, "incomeBeforeTax": 465400000, "incomeBeforeTaxRatio": 0.0441752964, "incomeTaxExpense": 61800000, "netIncome": 411000000, "netIncomeRatio": 0.0390117035, "eps": 1.27, "epsdiluted": 1.23, "weightedAverageShsOut": 323622047, "weightedAverageShsOutDil": 334146341, "link": "https://www.sec.gov/Archives/edgar/data/5513/000119312507043039/0001193125-07-043039-index.htm", "finalLink": "https://www.sec.gov/Archives/edgar/data/5513/000119312507043039/d10k.htm", "calculatedOtherExpenses": 8634000000, "calculatedOperatingExpenses": 9314500000, "calculatedNetInterest": -191800000, "calculatedOtherIncome": 253600000, "calculatedIncomeNonControlling": -7400000, "calculatedEbitda": 484100000}, {"date": "2005-12-31", "symbol": "UNM", "reportedCurrency": "USD", "cik": "0000005513", "fillingDate": "2006-03-03", "acceptedDate": "2006-03-03 13:15:59", "calendarYear": "2005", "period": "FY", "revenue": 10437200000, "costOfRevenue": 918400000, "grossProfit": 9518800000, "grossProfitRatio": 0.9120070517, "researchAndDevelopmentExpenses": 0, "generalAndAdministrativeExpenses": 753900000, "sellingAndMarketingExpenses": 0, "sellingGeneralAndAdministrativeExpenses": 753900000, "otherExpenses": -9355100000, "operatingExpenses": -8601200000, "costAndExpenses": 9727600000, "interestIncome": 0, "interestExpense": 208000000, "depreciationAndAmortization": 87800000, "ebitda": 1005400000, "ebitdaratio": 0.0963285172, "operatingIncome": 917600000, "operatingIncomeRatio": 0.0879162994, "totalOtherIncomeExpensesNet": 440000000, "incomeBeforeTax": 709600000, "incomeBeforeTaxRatio": 0.0679875829, "incomeTaxExpense": 196000000, "netIncome": 513600000, "netIncomeRatio": 0.0492086, "eps": 1.74, "epsdiluted": 1.64, "weightedAverageShsOut": 295172414, "weightedAverageShsOutDil": 313170732, "link": "https://www.sec.gov/Archives/edgar/data/5513/000119312506044828/0001193125-06-044828-index.htm", "finalLink": "https://www.sec.gov/Archives/edgar/data/5513/000119312506044828/d10k.htm", "calculatedOtherExpenses": 7847300000, "calculatedOperatingExpenses": 8601200000, "calculatedNetInterest": -208000000, "calculatedOtherIncome": 0, "calculatedIncomeNonControlling": 0, "calculatedEbitda": 1005400000}, {"date": "2004-12-31", "symbol": "UNM", "reportedCurrency": "USD", "cik": "0000005513", "fillingDate": "2005-03-14", "acceptedDate": "2005-03-14 17:13:51", "calendarYear": "2004", "period": "FY", "revenue": 10464900000, "costOfRevenue": 935400000, "grossProfit": 9529500000, "grossProfitRatio": 0.9106154861, "researchAndDevelopmentExpenses": 0, "generalAndAdministrativeExpenses": 739600000, "sellingAndMarketingExpenses": 0, "sellingGeneralAndAdministrativeExpenses": 739600000, "otherExpenses": 0, "operatingExpenses": 9590300000, "costAndExpenses": 10724400000, "interestIncome": 0, "interestExpense": 207100000, "depreciationAndAmortization": 80500000, "ebitda": -32700000, "ebitdaratio": -0.0031247312, "operatingIncome": -60800000, "operatingIncomeRatio": -0.0058098978, "totalOtherIncomeExpensesNet": 437400000, "incomeBeforeTax": -259500000, "incomeBeforeTaxRatio": -0.0247971791, "incomeTaxExpense": -67300000, "netIncome": -253000000, "netIncomeRatio": -0.0241760552, "eps": -0.86, "epsdiluted": -0.86, "weightedAverageShsOut": 294186047, "weightedAverageShsOutDil": 294186047, "link": "https://www.sec.gov/Archives/edgar/data/5513/000119312505049609/0001193125-05-049609-index.htm", "finalLink": "https://www.sec.gov/Archives/edgar/data/5513/000119312505049609/d10k.htm", "calculatedOtherExpenses": 8850700000, "calculatedOperatingExpenses": 9590300000, "calculatedNetInterest": -207100000, "calculatedOtherIncome": 8400000, "calculatedIncomeNonControlling": 60800000, "calculatedEbitda": 19700000}, {"date": "2003-12-31", "symbol": "UNM", "reportedCurrency": "USD", "cik": "0000005513", "fillingDate": "2004-03-12", "acceptedDate": "2004-03-11 20:56:42", "calendarYear": "2003", "period": "FY", "revenue": 9991600000, "costOfRevenue": 917400000, "grossProfit": 9074200000, "grossProfitRatio": 0.9081828736, "researchAndDevelopmentExpenses": 0, "generalAndAdministrativeExpenses": 779800000, "sellingAndMarketingExpenses": 0, "sellingGeneralAndAdministrativeExpenses": 779800000, "otherExpenses": 0, "operatingExpenses": 9220000000, "costAndExpenses": 10426800000, "interestIncome": 0, "interestExpense": 187200000, "depreciationAndAmortization": 761800000, "ebitda": 392000000, "ebitdaratio": 0.0392329557, "operatingIncome": -145800000, "operatingIncomeRatio": -0.0145922575, "totalOtherIncomeExpensesNet": 391300000, "incomeBeforeTax": -435200000, "incomeBeforeTaxRatio": -0.0435565875, "incomeTaxExpense": -170600000, "netIncome": -386400000, "netIncomeRatio": -0.0386724849, "eps": -1.48, "epsdiluted": -1.48, "weightedAverageShsOut": 261333333, "weightedAverageShsOutDil": 261333333, "link": "https://www.sec.gov/Archives/edgar/data/5513/000119312504039447/0001193125-04-039447-index.htm", "finalLink": "https://www.sec.gov/Archives/edgar/data/5513/000119312504039447/d10k.htm", "calculatedOtherExpenses": 8440200000, "calculatedOperatingExpenses": 9220000000, "calculatedNetInterest": -187200000, "calculatedOtherIncome": -102200000, "calculatedIncomeNonControlling": 121800000, "calculatedEbitda": 616000000}, {"date": "2002-12-31", "symbol": "UNM", "reportedCurrency": "USD", "cik": "0000005513", "fillingDate": "2003-03-31", "acceptedDate": "2003-03-31 10:16:40", "calendarYear": "2002", "period": "FY", "revenue": 9613000000, "costOfRevenue": 1633100000, "grossProfit": 7979900000, "grossProfitRatio": 0.8301154686, "researchAndDevelopmentExpenses": 0, "generalAndAdministrativeExpenses": 0, "sellingAndMarketingExpenses": 0, "sellingGeneralAndAdministrativeExpenses": 0, "otherExpenses": -7213700000, "operatingExpenses": -7213700000, "costAndExpenses": 9002100000, "interestIncome": 0, "interestExpense": 162400000, "depreciationAndAmortization": 510300000, "ebitda": 1276500000, "ebitdaratio": 0.1327889317, "operatingIncome": 766200000, "operatingIncomeRatio": 0.0797045667, "totalOtherIncomeExpensesNet": 389200000, "incomeBeforeTax": 610900000, "incomeBeforeTaxRatio": 0.0635493602, "incomeTaxExpense": 202600000, "netIncome": 401200000, "netIncomeRatio": 0.0417351503, "eps": 1.66, "epsdiluted": 1.66, "weightedAverageShsOut": 241327434, "weightedAverageShsOutDil": 243482143, "link": "https://www.sec.gov/Archives/edgar/data/5513/000093176303000772/0000931763-03-000772-index.htm", "finalLink": "https://www.sec.gov/Archives/edgar/data/5513/000093176303000772/d10k.htm", "calculatedOtherExpenses": 7213700000, "calculatedOperatingExpenses": 7213700000, "calculatedNetInterest": -162400000, "calculatedOtherIncome": 7100000, "calculatedIncomeNonControlling": 7100000, "calculatedEbitda": 1276500000}, {"date": "2001-12-31", "symbol": "UNM", "reportedCurrency": "USD", "cik": "0000005513", "fillingDate": "2002-03-28", "acceptedDate": "2002-03-28 00:00:00", "calendarYear": "2001", "period": "FY", "revenue": 9394800000, "costOfRevenue": 0, "grossProfit": 9394800000, "grossProfitRatio": 1, "researchAndDevelopmentExpenses": 0, "generalAndAdministrativeExpenses": 0, "sellingAndMarketingExpenses": 0, "sellingGeneralAndAdministrativeExpenses": 0, "otherExpenses": -8403000000, "operatingExpenses": -8403000000, "costAndExpenses": 8569700000, "interestIncome": 0, "interestExpense": 169600000, "depreciationAndAmortization": 573000000, "ebitda": 1564800000, "ebitdaratio": 0.1665602248, "operatingIncome": 991800000, "operatingIncomeRatio": 0.1055690382, "totalOtherIncomeExpensesNet": 354300000, "incomeBeforeTax": 825100000, "incomeBeforeTaxRatio": 0.0878251799, "incomeTaxExpense": 243000000, "netIncome": 579200000, "netIncomeRatio": 0.0616511262, "eps": 2.24, "epsdiluted": 2.21, "weightedAverageShsOut": 241607143, "weightedAverageShsOutDil": 244886878, "link": "https://www.sec.gov/Archives/edgar/data/5513/000093176302000948/0000931763-02-000948-index.htm", "finalLink": "https://www.sec.gov/Archives/edgar/data/5513/000093176302000948/d10k.txt", "calculatedOtherExpenses": 8403000000, "calculatedOperatingExpenses": 8403000000, "calculatedNetInterest": -169600000, "calculatedOtherIncome": 2900000, "calculatedIncomeNonControlling": 2900000, "calculatedEbitda": 1564800000}, {"date": "2000-12-31", "symbol": "UNM", "reportedCurrency": "USD", "cik": "0000005513", "fillingDate": "2001-03-28", "acceptedDate": "2001-03-28 00:00:00", "calendarYear": "2000", "period": "FY", "revenue": 9432300000, "costOfRevenue": 0, "grossProfit": 9432300000, "grossProfitRatio": 1, "researchAndDevelopmentExpenses": 0, "generalAndAdministrativeExpenses": 0, "sellingAndMarketingExpenses": 0, "sellingGeneralAndAdministrativeExpenses": 0, "otherExpenses": -8384900000, "operatingExpenses": -8384900000, "costAndExpenses": 8566700000, "interestIncome": 0, "interestExpense": 181800000, "depreciationAndAmortization": 594900000, "ebitda": 1642300000, "ebitdaratio": 0.174114479, "operatingIncome": 1047400000, "operatingIncomeRatio": 0.1110439659, "totalOtherIncomeExpensesNet": 329500000, "incomeBeforeTax": 865600000, "incomeBeforeTaxRatio": 0.0917697698, "incomeTaxExpense": 301400000, "netIncome": 564200000, "netIncomeRatio": 0.0598157395, "eps": 2.24, "epsdiluted": 2.22, "weightedAverageShsOut": 240580357, "weightedAverageShsOutDil": 242747748, "link": "https://www.sec.gov/Archives/edgar/data/5513/000093176301000575/0000931763-01-000575-index.htm", "finalLink": "https://www.sec.gov/Archives/edgar/data/5513/000093176301000575/0000931763-01-000575-0001.txt", "calculatedOtherExpenses": 8384900000, "calculatedOperatingExpenses": 8384900000, "calculatedNetInterest": -181800000, "calculatedOtherIncome": 0, "calculatedIncomeNonControlling": 0, "calculatedEbitda": 1642300000}, {"date": "1999-12-31", "symbol": "UNM", "reportedCurrency": "USD", "cik": "0000005513", "fillingDate": "2000-03-30", "acceptedDate": "2000-03-30 00:00:00", "calendarYear": "1999", "period": "FY", "revenue": 9329600000, "costOfRevenue": 0, "grossProfit": 9329600000, "grossProfitRatio": 1, "researchAndDevelopmentExpenses": 0, "generalAndAdministrativeExpenses": 0, "sellingAndMarketingExpenses": 0, "sellingGeneralAndAdministrativeExpenses": 0, "otherExpenses": -9357300000, "operatingExpenses": -9357300000, "costAndExpenses": 9495100000, "interestIncome": 0, "interestExpense": 137800000, "depreciationAndAmortization": 653700000, "ebitda": 626000000, "ebitdaratio": 0.0670982679, "operatingIncome": -27700000, "operatingIncomeRatio": -0.0029690448, "totalOtherIncomeExpensesNet": 339600000, "incomeBeforeTax": -165500000, "incomeBeforeTaxRatio": -0.0177392386, "incomeTaxExpense": 17400000, "netIncome": -182900000, "netIncomeRatio": -0.0196042703, "eps": -0.77, "epsdiluted": -0.77, "weightedAverageShsOut": 237532468, "weightedAverageShsOutDil": 237532468, "link": "https://www.sec.gov/Archives/edgar/data/5513/000093176300000761/0000931763-00-000761-index.html", "finalLink": "https://www.sec.gov/Archives/edgar/data/5513/000093176300000761/", "calculatedOtherExpenses": 9357300000, "calculatedOperatingExpenses": 9357300000, "calculatedNetInterest": -137800000, "calculatedOtherIncome": 0, "calculatedIncomeNonControlling": 0, "calculatedEbitda": 626000000}, {"date": "1998-12-31", "symbol": "UNM", "reportedCurrency": "USD", "cik": "0000005513", "fillingDate": "1999-03-31", "acceptedDate": "1999-03-31 00:00:00", "calendarYear": "1998", "period": "FY", "revenue": 3938000000, "costOfRevenue": 0, "grossProfit": 3938000000, "grossProfitRatio": 1, "researchAndDevelopmentExpenses": 0, "generalAndAdministrativeExpenses": 479300000, "sellingAndMarketingExpenses": 0, "sellingGeneralAndAdministrativeExpenses": 479300000, "otherExpenses": -3944500000, "operatingExpenses": -3465200000, "costAndExpenses": 3535200000, "interestIncome": 0, "interestExpense": 70000000, "depreciationAndAmortization": 153200000, "ebitda": 626000000, "ebitdaratio": 0.1589639411, "operatingIncome": 472800000, "operatingIncomeRatio": 0.1200609446, "totalOtherIncomeExpensesNet": 182600000, "incomeBeforeTax": 402800000, "incomeBeforeTaxRatio": 0.1022854241, "incomeTaxExpense": 148800000, "netIncome": 254000000, "netIncomeRatio": 0.0644997461, "eps": 2.6, "epsdiluted": 2.54, "weightedAverageShsOut": 137953488, "weightedAverageShsOutDil": 141238095, "link": "https://www.sec.gov/Archives/edgar/data/5513/000093176399001026/0000931763-99-001026-index.html", "finalLink": "https://www.sec.gov/Archives/edgar/data/5513/", "calculatedOtherExpenses": 2985900000, "calculatedOperatingExpenses": 3465200000, "calculatedNetInterest": -70000000, "calculatedOtherIncome": 0, "calculatedIncomeNonControlling": 0, "calculatedEbitda": 626000000}, {"date": "1997-12-31", "symbol": "UNM", "reportedCurrency": "USD", "cik": "0000005513", "fillingDate": "1998-03-31", "acceptedDate": "1998-03-31 00:00:00", "calendarYear": "1997", "period": "FY", "revenue": 3553200000, "costOfRevenue": 0, "grossProfit": 3553200000, "grossProfitRatio": 1, "researchAndDevelopmentExpenses": 0, "generalAndAdministrativeExpenses": 0, "sellingAndMarketingExpenses": 0, "sellingGeneralAndAdministrativeExpenses": 0, "otherExpenses": -3172900000, "operatingExpenses": -3172900000, "costAndExpenses": 3172900000, "interestIncome": 0, "interestExpense": 0, "depreciationAndAmortization": 138900000, "ebitda": 519200000, "ebitdaratio": 0.1461218057, "operatingIncome": 380300000, "operatingIncomeRatio": 0.1070302826, "totalOtherIncomeExpensesNet": 129700000, "incomeBeforeTax": 380300000, "incomeBeforeTaxRatio": 0.1070302826, "incomeTaxExpense": 133000000, "netIncome": 247300000, "netIncomeRatio": 0.0695992345, "eps": 2.62, "epsdiluted": 2.57, "weightedAverageShsOut": 140047619, "weightedAverageShsOutDil": 143463415, "link": "https://www.sec.gov/Archives/edgar/data/5513/000093176398000838/0000931763-98-000838-index.html", "finalLink": "https://www.sec.gov/Archives/edgar/data/5513/", "calculatedOtherExpenses": 3172900000, "calculatedOperatingExpenses": 3172900000, "calculatedNetInterest": 0, "calculatedOtherIncome": 0, "calculatedIncomeNonControlling": 0, "calculatedEbitda": 519200000}, {"date": "1996-12-31", "symbol": "UNM", "reportedCurrency": "USD", "cik": "0000005513", "fillingDate": "1997-03-26", "acceptedDate": "1997-03-26 00:00:00", "calendarYear": "1996", "period": "FY", "revenue": 2291900000, "costOfRevenue": 0, "grossProfit": 2291900000, "grossProfitRatio": 1, "researchAndDevelopmentExpenses": 0, "generalAndAdministrativeExpenses": 0, "sellingAndMarketingExpenses": 0, "sellingGeneralAndAdministrativeExpenses": 0, "otherExpenses": -2065700000, "operatingExpenses": -2065700000, "costAndExpenses": 2065700000, "interestIncome": 0, "interestExpense": 0, "depreciationAndAmortization": 75100000, "ebitda": 301300000, "ebitdaratio": 0.1314629783, "operatingIncome": 226200000, "operatingIncomeRatio": 0.0986954056, "totalOtherIncomeExpensesNet": 34700000, "incomeBeforeTax": 226200000, "incomeBeforeTaxRatio": 0.0986954056, "incomeTaxExpense": 80600000, "netIncome": 145600000, "netIncomeRatio": 0.0635280771, "eps": 1.63, "epsdiluted": 1.61, "weightedAverageShsOut": 146012270, "weightedAverageShsOutDil": 147826087, "link": "https://www.sec.gov/Archives/edgar/data/5513/000093176397000370/0000931763-97-000370-index.html", "finalLink": "https://www.sec.gov/Archives/edgar/data/5513/", "calculatedOtherExpenses": 2065700000, "calculatedOperatingExpenses": 2065700000, "calculatedNetInterest": 0, "calculatedOtherIncome": 0, "calculatedIncomeNonControlling": 0, "calculatedEbitda": 301300000}, {"date": "1995-12-31", "symbol": "UNM", "reportedCurrency": "USD", "cik": "0000005513", "fillingDate": "1995-12-31", "acceptedDate": "1995-12-30 19:00:00", "calendarYear": "1995", "period": "FY", "revenue": 4122900000, "costOfRevenue": 0, "grossProfit": 4122900000, "grossProfitRatio": 1, "researchAndDevelopmentExpenses": 0, "generalAndAdministrativeExpenses": 0, "sellingAndMarketingExpenses": 0, "sellingGeneralAndAdministrativeExpenses": 0, "otherExpenses": -3476400000, "operatingExpenses": -3476400000, "costAndExpenses": 1362700000, "interestIncome": 0, "interestExpense": 264600000, "depreciationAndAmortization": 0, "ebitda": 646500000, "ebitdaratio": 0.1568071018, "operatingIncome": 646500000, "operatingIncomeRatio": 0.1568071018, "totalOtherIncomeExpensesNet": 1104700000, "incomeBeforeTax": 1751200000, "incomeBeforeTaxRatio": 0.4247495695, "incomeTaxExpense": 100800000, "netIncome": 281100000, "netIncomeRatio": 0.0681801644, "eps": 1.93, "epsdiluted": 1.92, "weightedAverageShsOut": 145647668, "weightedAverageShsOutDil": 146406250, "link": "", "finalLink": "", "calculatedOtherExpenses": 3476400000, "calculatedOperatingExpenses": 3476400000, "calculatedNetInterest": -264600000, "calculatedOtherIncome": 1369300000, "calculatedIncomeNonControlling": 1369300000, "calculatedEbitda": 646500000}, {"date": "1994-12-31", "symbol": "UNM", "reportedCurrency": "USD", "cik": "0000005513", "fillingDate": "1994-12-31", "acceptedDate": "1994-12-30 19:00:00", "calendarYear": "1994", "period": "FY", "revenue": 3623700000, "costOfRevenue": 0, "grossProfit": 3623700000, "grossProfitRatio": 1, "researchAndDevelopmentExpenses": 0, "generalAndAdministrativeExpenses": 0, "sellingAndMarketingExpenses": 0, "sellingGeneralAndAdministrativeExpenses": 0, "otherExpenses": -3163700000, "operatingExpenses": -3163700000, "costAndExpenses": 1332300000, "interestIncome": 0, "interestExpense": 261400000, "depreciationAndAmortization": 0, "ebitda": 460000000, "ebitdaratio": 0.1269420758, "operatingIncome": 460000000, "operatingIncomeRatio": 0.1269420758, "totalOtherIncomeExpensesNet": 891300000, "incomeBeforeTax": 1351300000, "incomeBeforeTaxRatio": 0.3729061457, "incomeTaxExpense": 43900000, "netIncome": 154700000, "netIncomeRatio": 0.042691172, "eps": 1.04, "epsdiluted": 1.04, "weightedAverageShsOut": 148750000, "weightedAverageShsOutDil": 148750000, "link": "", "finalLink": "", "calculatedOtherExpenses": 3163700000, "calculatedOperatingExpenses": 3163700000, "calculatedNetInterest": -261400000, "calculatedOtherIncome": 1152700000, "calculatedIncomeNonControlling": 1152700000, "calculatedEbitda": 460000000}, {"date": "1993-12-31", "symbol": "UNM", "reportedCurrency": "USD", "cik": "0000005513", "fillingDate": "1993-12-31", "acceptedDate": "1993-12-30 19:00:00", "calendarYear": "1993", "period": "FY", "revenue": 3397000000, "costOfRevenue": 0, "grossProfit": 3397000000, "grossProfitRatio": 1, "researchAndDevelopmentExpenses": 0, "generalAndAdministrativeExpenses": 0, "sellingAndMarketingExpenses": 0, "sellingGeneralAndAdministrativeExpenses": 0, "otherExpenses": -2655100000, "operatingExpenses": -2655100000, "costAndExpenses": 1296100000, "interestIncome": 0, "interestExpense": 293700000, "depreciationAndAmortization": 0, "ebitda": 741900000, "ebitdaratio": 0.218398587, "operatingIncome": 741900000, "operatingIncomeRatio": 0.218398587, "totalOtherIncomeExpensesNet": 922900000, "incomeBeforeTax": 1664800000, "incomeBeforeTaxRatio": 0.4900794819, "incomeTaxExpense": 148300000, "netIncome": 299900000, "netIncomeRatio": 0.0882837798, "eps": 1.9, "epsdiluted": 1.88, "weightedAverageShsOut": 157842105, "weightedAverageShsOutDil": 159521277, "link": "", "finalLink": "", "calculatedOtherExpenses": 2655100000, "calculatedOperatingExpenses": 2655100000, "calculatedNetInterest": -293700000, "calculatedOtherIncome": 1216600000, "calculatedIncomeNonControlling": 1216600000, "calculatedEbitda": 741900000}, {"date": "1992-12-31", "symbol": "UNM", "reportedCurrency": "USD", "cik": "0000005513", "fillingDate": "1992-12-31", "acceptedDate": "1992-12-30 19:00:00", "calendarYear": "1992", "period": "FY", "revenue": 2641200000, "costOfRevenue": 0, "grossProfit": 2641200000, "grossProfitRatio": 1, "researchAndDevelopmentExpenses": 0, "generalAndAdministrativeExpenses": 0, "sellingAndMarketingExpenses": 0, "sellingGeneralAndAdministrativeExpenses": 0, "otherExpenses": -1967600000, "operatingExpenses": -1967600000, "costAndExpenses": 1046300000, "interestIncome": 0, "interestExpense": 335600000, "depreciationAndAmortization": 0, "ebitda": 673600000, "ebitdaratio": 0.2550355899, "operatingIncome": 673600000, "operatingIncomeRatio": 0.2550355899, "totalOtherIncomeExpensesNet": 863400000, "incomeBeforeTax": 1537000000, "incomeBeforeTaxRatio": 0.5819324549, "incomeTaxExpense": 89200000, "netIncome": 248800000, "netIncomeRatio": 0.0941996062, "eps": 1.85, "epsdiluted": 1.85, "weightedAverageShsOut": 134486486, "weightedAverageShsOutDil": 134486486, "link": "", "finalLink": "", "calculatedOtherExpenses": 1967600000, "calculatedOperatingExpenses": 1967600000, "calculatedNetInterest": -335600000, "calculatedOtherIncome": 1199000000, "calculatedIncomeNonControlling": 1199000000, "calculatedEbitda": 673600000}, {"date": "1991-12-31", "symbol": "UNM", "reportedCurrency": "USD", "cik": "0000005513", "fillingDate": "1991-12-31", "acceptedDate": "1991-12-30 19:00:00", "calendarYear": "1991", "period": "FY", "revenue": 2420600000, "costOfRevenue": 0, "grossProfit": 2420600000, "grossProfitRatio": 1, "researchAndDevelopmentExpenses": 0, "generalAndAdministrativeExpenses": 0, "sellingAndMarketingExpenses": 0, "sellingGeneralAndAdministrativeExpenses": 0, "otherExpenses": -1792600000, "operatingExpenses": -1792600000, "costAndExpenses": 1012500000, "interestIncome": 0, "interestExpense": 365900000, "depreciationAndAmortization": 0, "ebitda": 628000000, "ebitdaratio": 0.2594398083, "operatingIncome": 628000000, "operatingIncomeRatio": 0.2594398083, "totalOtherIncomeExpensesNet": 804500000, "incomeBeforeTax": 1432500000, "incomeBeforeTaxRatio": 0.5917954226, "incomeTaxExpense": 57100000, "netIncome": 205000000, "netIncomeRatio": 0.0846897463, "eps": 1.54, "epsdiluted": 1.54, "weightedAverageShsOut": 133116883, "weightedAverageShsOutDil": 133116883, "link": "", "finalLink": "", "calculatedOtherExpenses": 1792600000, "calculatedOperatingExpenses": 1792600000, "calculatedNetInterest": -365900000, "calculatedOtherIncome": 1170400000, "calculatedIncomeNonControlling": 1170400000, "calculatedEbitda": 628000000}, {"date": "1990-12-31", "symbol": "UNM", "reportedCurrency": "USD", "cik": "0000005513", "fillingDate": "1990-12-31", "acceptedDate": "1990-12-30 19:00:00", "calendarYear": "1990", "period": "FY", "revenue": 2170300000, "costOfRevenue": 0, "grossProfit": 2170300000, "grossProfitRatio": 1, "researchAndDevelopmentExpenses": 0, "generalAndAdministrativeExpenses": 0, "sellingAndMarketingExpenses": 0, "sellingGeneralAndAdministrativeExpenses": 0, "otherExpenses": -1582700000, "operatingExpenses": -1582700000, "costAndExpenses": 876100000, "interestIncome": 0, "interestExpense": 355600000, "depreciationAndAmortization": 0, "ebitda": 587600000, "ebitdaratio": 0.2707459798, "operatingIncome": 587600000, "operatingIncomeRatio": 0.2707459798, "totalOtherIncomeExpensesNet": 748700000, "incomeBeforeTax": 1336300000, "incomeBeforeTaxRatio": 0.6157213288, "incomeTaxExpense": 46800000, "netIncome": 185200000, "netIncomeRatio": 0.0853338248, "eps": 1.35, "epsdiluted": 1.35, "weightedAverageShsOut": 137185185, "weightedAverageShsOutDil": 137185185, "link": "", "finalLink": "", "calculatedOtherExpenses": 1582700000, "calculatedOperatingExpenses": 1582700000, "calculatedNetInterest": -355600000, "calculatedOtherIncome": 1104300000, "calculatedIncomeNonControlling": 1104300000, "calculatedEbitda": 587600000}, {"date": "1989-12-31", "symbol": "UNM", "reportedCurrency": "USD", "cik": "0000005513", "fillingDate": "1989-12-31", "acceptedDate": "1989-12-30 19:00:00", "calendarYear": "1989", "period": "FY", "revenue": 1934200000, "costOfRevenue": 0, "grossProfit": 1934200000, "grossProfitRatio": 1, "researchAndDevelopmentExpenses": 0, "generalAndAdministrativeExpenses": 0, "sellingAndMarketingExpenses": 0, "sellingGeneralAndAdministrativeExpenses": 0, "otherExpenses": -1382300000, "operatingExpenses": -1382300000, "costAndExpenses": 811300000, "interestIncome": 0, "interestExpense": 357600000, "depreciationAndAmortization": 0, "ebitda": 551900000, "ebitdaratio": 0.2853376073, "operatingIncome": 551900000, "operatingIncomeRatio": 0.2853376073, "totalOtherIncomeExpensesNet": 715000000, "incomeBeforeTax": 1266900000, "incomeBeforeTaxRatio": 0.654999483, "incomeTaxExpense": 38900000, "netIncome": 155400000, "netIncomeRatio": 0.0803432944, "eps": 0.97, "epsdiluted": 0.97, "weightedAverageShsOut": 160206186, "weightedAverageShsOutDil": 160206186, "link": "", "finalLink": "", "calculatedOtherExpenses": 1382300000, "calculatedOperatingExpenses": 1382300000, "calculatedNetInterest": -357600000, "calculatedOtherIncome": 1072600000, "calculatedIncomeNonControlling": 1072600000, "calculatedEbitda": 551900000}, {"date": "1988-12-31", "symbol": "UNM", "reportedCurrency": "USD", "cik": "0000005513", "fillingDate": "1988-12-31", "acceptedDate": "1988-12-30 19:00:00", "calendarYear": "1988", "period": "FY", "revenue": 2204000000, "costOfRevenue": 0, "grossProfit": 2204000000, "grossProfitRatio": 1, "researchAndDevelopmentExpenses": 0, "generalAndAdministrativeExpenses": 0, "sellingAndMarketingExpenses": 0, "sellingGeneralAndAdministrativeExpenses": 0, "otherExpenses": -2051400000, "operatingExpenses": -2051400000, "costAndExpenses": -2051400000, "interestIncome": 0, "interestExpense": 0, "depreciationAndAmortization": 0, "ebitda": 152600000, "ebitdaratio": 0.0692377495, "operatingIncome": 152600000, "operatingIncomeRatio": 0.0692377495, "totalOtherIncomeExpensesNet": 0, "incomeBeforeTax": 0, "incomeBeforeTaxRatio": 0, "incomeTaxExpense": 17800000, "netIncome": 134800000, "netIncomeRatio": 0.0611615245, "eps": 0.75, "epsdiluted": 0.75, "weightedAverageShsOut": 179733333, "weightedAverageShsOutDil": 179733333, "link": "", "finalLink": "", "calculatedOtherExpenses": 2051400000, "calculatedOperatingExpenses": 2051400000, "calculatedNetInterest": 0, "calculatedOtherIncome": -152600000, "calculatedIncomeNonControlling": -152600000, "calculatedEbitda": 152600000}, {"date": "1987-12-31", "symbol": "UNM", "reportedCurrency": "USD", "cik": "0000005513", "fillingDate": "1987-12-31", "acceptedDate": "1987-12-30 19:00:00", "calendarYear": "1987", "period": "FY", "revenue": 2093900000, "costOfRevenue": 0, "grossProfit": 2093900000, "grossProfitRatio": 1, "researchAndDevelopmentExpenses": 0, "generalAndAdministrativeExpenses": 0, "sellingAndMarketingExpenses": 0, "sellingGeneralAndAdministrativeExpenses": 0, "otherExpenses": -2025600000, "operatingExpenses": -2025600000, "costAndExpenses": -2025600000, "interestIncome": 0, "interestExpense": 0, "depreciationAndAmortization": 0, "ebitda": 68300000, "ebitdaratio": 0.0326185587, "operatingIncome": 68300000, "operatingIncomeRatio": 0.0326185587, "totalOtherIncomeExpensesNet": 0, "incomeBeforeTax": 0, "incomeBeforeTaxRatio": 0, "incomeTaxExpense": -16600000, "netIncome": 84900000, "netIncomeRatio": 0.0405463489, "eps": 0.44, "epsdiluted": 0.44, "weightedAverageShsOut": 192954545, "weightedAverageShsOutDil": 192954545, "link": "", "finalLink": "", "calculatedOtherExpenses": 2025600000, "calculatedOperatingExpenses": 2025600000, "calculatedNetInterest": 0, "calculatedOtherIncome": -68300000, "calculatedIncomeNonControlling": -68300000, "calculatedEbitda": 68300000}, {"date": "1986-12-31", "symbol": "UNM", "reportedCurrency": "USD", "cik": "0000005513", "fillingDate": "1986-12-31", "acceptedDate": "1986-12-30 19:00:00", "calendarYear": "1986", "period": "FY", "revenue": 2116800000, "costOfRevenue": 0, "grossProfit": 2116800000, "grossProfitRatio": 1, "researchAndDevelopmentExpenses": 0, "generalAndAdministrativeExpenses": 0, "sellingAndMarketingExpenses": 0, "sellingGeneralAndAdministrativeExpenses": 0, "otherExpenses": -2018500000, "operatingExpenses": -2018500000, "costAndExpenses": -2018500000, "interestIncome": 0, "interestExpense": 0, "depreciationAndAmortization": 0, "ebitda": 98300000, "ebitdaratio": 0.0464380197, "operatingIncome": 98300000, "operatingIncomeRatio": 0.0464380197, "totalOtherIncomeExpensesNet": 0, "incomeBeforeTax": 0, "incomeBeforeTaxRatio": 0, "incomeTaxExpense": -2900000, "netIncome": 101200000, "netIncomeRatio": 0.0478080121, "eps": 0.5, "epsdiluted": 0.5, "weightedAverageShsOut": 202400000, "weightedAverageShsOutDil": 202400000, "link": "", "finalLink": "", "calculatedOtherExpenses": 2018500000, "calculatedOperatingExpenses": 2018500000, "calculatedNetInterest": 0, "calculatedOtherIncome": -98300000, "calculatedIncomeNonControlling": -98300000, "calculatedEbitda": 98300000}, {"date": "1985-12-31", "symbol": "UNM", "reportedCurrency": "USD", "cik": "0000005513", "fillingDate": "1985-12-31", "acceptedDate": "1985-12-30 19:00:00", "calendarYear": "1985", "period": "FY", "revenue": 1788400000, "costOfRevenue": 0, "grossProfit": 1788400000, "grossProfitRatio": 1, "researchAndDevelopmentExpenses": 0, "generalAndAdministrativeExpenses": 0, "sellingAndMarketingExpenses": 0, "sellingGeneralAndAdministrativeExpenses": 0, "otherExpenses": -1629500000, "operatingExpenses": -1629500000, "costAndExpenses": -1629500000, "interestIncome": 0, "interestExpense": 0, "depreciationAndAmortization": 0, "ebitda": 158900000, "ebitdaratio": 0.088850369, "operatingIncome": 158900000, "operatingIncomeRatio": 0.088850369, "totalOtherIncomeExpensesNet": 0, "incomeBeforeTax": 0, "incomeBeforeTaxRatio": 0, "incomeTaxExpense": 41500000, "netIncome": 117400000, "netIncomeRatio": 0.0656452695, "eps": 0.68, "epsdiluted": 0.68, "weightedAverageShsOut": 172647059, "weightedAverageShsOutDil": 172647059, "link": "", "finalLink": "", "calculatedOtherExpenses": 1629500000, "calculatedOperatingExpenses": 1629500000, "calculatedNetInterest": 0, "calculatedOtherIncome": -158900000, "calculatedIncomeNonControlling": -158900000, "calculatedEbitda": 158900000}]}