{"originalCurrency": "USD", "convertedCurrency": "USD", "report": [{"date": "2023-12-31", "symbol": "UNP", "reportedCurrency": "USD", "cik": "0000100885", "fillingDate": "2024-02-09", "acceptedDate": "2024-02-09 13:56:24", "calendarYear": "2023", "period": "FY", "revenue": 24119000000, "costOfRevenue": 13590000000, "grossProfit": 10529000000, "grossProfitRatio": 0.4365438036, "researchAndDevelopmentExpenses": 0, "generalAndAdministrativeExpenses": 0, "sellingAndMarketingExpenses": 0, "sellingGeneralAndAdministrativeExpenses": 1447000000, "otherExpenses": 25000000, "operatingExpenses": 1447000000, "costAndExpenses": 15037000000, "interestIncome": 52000000, "interestExpense": 1340000000, "depreciationAndAmortization": 2318000000, "ebitda": 11477000000, "ebitdaratio": 0.4758489158, "operatingIncome": 9082000000, "operatingIncomeRatio": 0.3765496082, "totalOtherIncomeExpensesNet": 439000000, "incomeBeforeTax": 8233000000, "incomeBeforeTaxRatio": 0.3413491438, "incomeTaxExpense": 1854000000, "netIncome": 6379000000, "netIncomeRatio": 0.2644802853, "eps": 10.47, "epsdiluted": 10.45, "weightedAverageShsOut": 609200000, "weightedAverageShsOutDil": 610200000, "link": "https://www.sec.gov/Archives/edgar/data/100885/000143774924003599/0001437749-24-003599-index.htm", "finalLink": "https://www.sec.gov/Archives/edgar/data/100885/000143774924003599/unp20231231_10k.htm", "calculatedOtherExpenses": 0, "calculatedOperatingExpenses": 1447000000, "calculatedNetInterest": -1288000000, "calculatedOtherIncome": 439000000, "calculatedIncomeNonControlling": 0, "calculatedEbitda": 11400000000}, {"date": "2022-12-31", "symbol": "UNP", "reportedCurrency": "USD", "cik": "0000100885", "fillingDate": "2023-02-10", "acceptedDate": "2023-02-10 09:42:02", "calendarYear": "2022", "period": "FY", "revenue": 24875000000, "costOfRevenue": 13670000000, "grossProfit": 11205000000, "grossProfitRatio": 0.4504522613, "researchAndDevelopmentExpenses": 0, "generalAndAdministrativeExpenses": 0, "sellingAndMarketingExpenses": 0, "sellingGeneralAndAdministrativeExpenses": 1288000000, "otherExpenses": 1288000000, "operatingExpenses": 1288000000, "costAndExpenses": 14958000000, "interestIncome": 23000000, "interestExpense": 1271000000, "depreciationAndAmortization": 2672000000, "ebitda": 12589000000, "ebitdaratio": 0.5060904523, "operatingIncome": 9917000000, "operatingIncomeRatio": 0.3986733668, "totalOtherIncomeExpensesNet": -845000000, "incomeBeforeTax": 9072000000, "incomeBeforeTaxRatio": 0.3647035176, "incomeTaxExpense": 2074000000, "netIncome": 6998000000, "netIncomeRatio": 0.2813266332, "eps": 11.24, "epsdiluted": 11.21, "weightedAverageShsOut": 622700000, "weightedAverageShsOutDil": 624000000, "link": "https://www.sec.gov/Archives/edgar/data/100885/000143774923002959/0001437749-23-002959-index.htm", "finalLink": "https://www.sec.gov/Archives/edgar/data/100885/000143774923002959/unp20221231_10k.htm", "calculatedOtherExpenses": 0, "calculatedOperatingExpenses": 1288000000, "calculatedNetInterest": -1248000000, "calculatedOtherIncome": 403000000, "calculatedIncomeNonControlling": 0, "calculatedEbitda": 12589000000}, {"date": "2021-12-31", "symbol": "UNP", "reportedCurrency": "USD", "cik": "0000100885", "fillingDate": "2022-02-04", "acceptedDate": "2022-02-04 15:59:07", "calendarYear": "2021", "period": "FY", "revenue": 21804000000, "costOfRevenue": 11290000000, "grossProfit": 10514000000, "grossProfitRatio": 0.4822051, "researchAndDevelopmentExpenses": 0, "generalAndAdministrativeExpenses": 0, "sellingAndMarketingExpenses": 0, "sellingGeneralAndAdministrativeExpenses": 1176000000, "otherExpenses": 1176000000, "operatingExpenses": 1176000000, "costAndExpenses": 12466000000, "interestIncome": 5000000, "interestExpense": 1157000000, "depreciationAndAmortization": 2505000000, "ebitda": 11843000000, "ebitdaratio": 0.5431572189, "operatingIncome": 9338000000, "operatingIncomeRatio": 0.4282700422, "totalOtherIncomeExpensesNet": -860000000, "incomeBeforeTax": 8478000000, "incomeBeforeTaxRatio": 0.388827738, "incomeTaxExpense": 1955000000, "netIncome": 6523000000, "netIncomeRatio": 0.2991652908, "eps": 9.98, "epsdiluted": 9.95, "weightedAverageShsOut": 653800000, "weightedAverageShsOutDil": 655400000, "link": "https://www.sec.gov/Archives/edgar/data/100885/000143774922002494/0001437749-22-002494-index.htm", "finalLink": "https://www.sec.gov/Archives/edgar/data/100885/000143774922002494/unp20211231_10k.htm", "calculatedOtherExpenses": 0, "calculatedOperatingExpenses": 1176000000, "calculatedNetInterest": -1152000000, "calculatedOtherIncome": 292000000, "calculatedIncomeNonControlling": 0, "calculatedEbitda": 11843000000}, {"date": "2020-12-31", "symbol": "UNP", "reportedCurrency": "USD", "cik": "0000100885", "fillingDate": "2021-02-05", "acceptedDate": "2021-02-05 16:35:25", "calendarYear": "2020", "period": "FY", "revenue": 19533000000, "costOfRevenue": 10354000000, "grossProfit": 9179000000, "grossProfitRatio": 0.4699226949, "researchAndDevelopmentExpenses": 0, "generalAndAdministrativeExpenses": 0, "sellingAndMarketingExpenses": 0, "sellingGeneralAndAdministrativeExpenses": 1576000000, "otherExpenses": 1345000000, "operatingExpenses": 1345000000, "costAndExpenses": 11699000000, "interestIncome": 12000000, "interestExpense": 1141000000, "depreciationAndAmortization": 2497000000, "ebitda": 10331000000, "ebitdaratio": 0.5288998106, "operatingIncome": 7834000000, "operatingIncomeRatio": 0.4010648646, "totalOtherIncomeExpensesNet": -854000000, "incomeBeforeTax": 6980000000, "incomeBeforeTaxRatio": 0.357343982, "incomeTaxExpense": 1631000000, "netIncome": 5349000000, "netIncomeRatio": 0.2738442636, "eps": 7.9, "epsdiluted": 7.88, "weightedAverageShsOut": 677300000, "weightedAverageShsOutDil": 679100000, "link": "https://www.sec.gov/Archives/edgar/data/100885/000010088521000068/0000100885-21-000068-index.htm", "finalLink": "https://www.sec.gov/Archives/edgar/data/100885/000010088521000068/unp-20201231x10k.htm", "calculatedOtherExpenses": -231000000, "calculatedOperatingExpenses": 1345000000, "calculatedNetInterest": -1129000000, "calculatedOtherIncome": 275000000, "calculatedIncomeNonControlling": 0, "calculatedEbitda": 10331000000}, {"date": "2019-12-31", "symbol": "UNP", "reportedCurrency": "USD", "cik": "0000100885", "fillingDate": "2020-02-07", "acceptedDate": "2020-02-07 15:35:18", "calendarYear": "2019", "period": "FY", "revenue": 21708000000, "costOfRevenue": 12094000000, "grossProfit": 9614000000, "grossProfitRatio": 0.4428782016, "researchAndDevelopmentExpenses": 0, "generalAndAdministrativeExpenses": 0, "sellingAndMarketingExpenses": 0, "sellingGeneralAndAdministrativeExpenses": 1275000000, "otherExpenses": 1060000000, "operatingExpenses": 1060000000, "costAndExpenses": 13154000000, "interestIncome": 63000000, "interestExpense": 1050000000, "depreciationAndAmortization": 2459000000, "ebitda": 11013000000, "ebitdaratio": 0.5073244887, "operatingIncome": 8554000000, "operatingIncomeRatio": 0.3940482771, "totalOtherIncomeExpensesNet": -807000000, "incomeBeforeTax": 7747000000, "incomeBeforeTaxRatio": 0.3568730422, "incomeTaxExpense": 1828000000, "netIncome": 5919000000, "netIncomeRatio": 0.2726644555, "eps": 8.41, "epsdiluted": 8.38, "weightedAverageShsOut": 703500000, "weightedAverageShsOutDil": 706100000, "link": "https://www.sec.gov/Archives/edgar/data/100885/000010088520000065/0000100885-20-000065-index.htm", "finalLink": "https://www.sec.gov/Archives/edgar/data/100885/000010088520000065/unp-20191231x10k.htm", "calculatedOtherExpenses": -215000000, "calculatedOperatingExpenses": 1060000000, "calculatedNetInterest": -987000000, "calculatedOtherIncome": 180000000, "calculatedIncomeNonControlling": 0, "calculatedEbitda": 11013000000}, {"date": "2018-12-31", "symbol": "UNP", "reportedCurrency": "USD", "cik": "0000100885", "fillingDate": "2019-02-08", "acceptedDate": "2019-02-08 14:28:23", "calendarYear": "2018", "period": "FY", "revenue": 22832000000, "costOfRevenue": 13293000000, "grossProfit": 9539000000, "grossProfitRatio": 0.4177908199, "researchAndDevelopmentExpenses": 0, "generalAndAdministrativeExpenses": 0, "sellingAndMarketingExpenses": 0, "sellingGeneralAndAdministrativeExpenses": 1224000000, "otherExpenses": 94000000, "operatingExpenses": 1022000000, "costAndExpenses": 14315000000, "interestIncome": 30000000, "interestExpense": 870000000, "depreciationAndAmortization": 2191000000, "ebitda": 10802000000, "ebitdaratio": 0.4731079187, "operatingIncome": 8517000000, "operatingIncomeRatio": 0.373029082, "totalOtherIncomeExpensesNet": 94000000, "incomeBeforeTax": 7741000000, "incomeBeforeTaxRatio": 0.3390416959, "incomeTaxExpense": 1775000000, "netIncome": 5966000000, "netIncomeRatio": 0.2612999299, "eps": 7.95, "epsdiluted": 7.91, "weightedAverageShsOut": 750900000, "weightedAverageShsOutDil": 754300000, "link": "https://www.sec.gov/Archives/edgar/data/100885/000010088519000060/0000100885-19-000060-index.htm", "finalLink": "https://www.sec.gov/Archives/edgar/data/100885/000010088519000060/unp-20181231x10k.htm", "calculatedOtherExpenses": -202000000, "calculatedOperatingExpenses": 1022000000, "calculatedNetInterest": -840000000, "calculatedOtherIncome": 64000000, "calculatedIncomeNonControlling": 0, "calculatedEbitda": 10708000000}, {"date": "2017-12-31", "symbol": "UNP", "reportedCurrency": "USD", "cik": "0000100885", "fillingDate": "2018-02-09", "acceptedDate": "2018-02-09 14:32:01", "calendarYear": "2017", "period": "FY", "revenue": 21240000000, "costOfRevenue": 12231000000, "grossProfit": 9009000000, "grossProfitRatio": 0.4241525424, "researchAndDevelopmentExpenses": 0, "generalAndAdministrativeExpenses": 0, "sellingAndMarketingExpenses": 0, "sellingGeneralAndAdministrativeExpenses": 1115000000, "otherExpenses": 290000000, "operatingExpenses": 948000000, "costAndExpenses": 13179000000, "interestIncome": 16000000, "interestExpense": 719000000, "depreciationAndAmortization": 2105000000, "ebitda": 10456000000, "ebitdaratio": 0.4922787194, "operatingIncome": 8061000000, "operatingIncomeRatio": 0.379519774, "totalOtherIncomeExpensesNet": 290000000, "incomeBeforeTax": 7632000000, "incomeBeforeTaxRatio": 0.3593220339, "incomeTaxExpense": -3080000000, "netIncome": 10712000000, "netIncomeRatio": 0.5043314501, "eps": 13.42, "epsdiluted": 13.36, "weightedAverageShsOut": 798400000, "weightedAverageShsOutDil": 801700000, "link": "https://www.sec.gov/Archives/edgar/data/100885/000010088518000048/0000100885-18-000048-index.htm", "finalLink": "https://www.sec.gov/Archives/edgar/data/100885/000010088518000048/unp-20171231x10k.htm", "calculatedOtherExpenses": -167000000, "calculatedOperatingExpenses": 948000000, "calculatedNetInterest": -703000000, "calculatedOtherIncome": 274000000, "calculatedIncomeNonControlling": 0, "calculatedEbitda": 10166000000}, {"date": "2016-12-31", "symbol": "UNP", "reportedCurrency": "USD", "cik": "0000100885", "fillingDate": "2017-02-03", "acceptedDate": "2017-02-03 16:13:15", "calendarYear": "2016", "period": "FY", "revenue": 19941000000, "costOfRevenue": 11672000000, "grossProfit": 8269000000, "grossProfitRatio": 0.4146732862, "researchAndDevelopmentExpenses": 0, "generalAndAdministrativeExpenses": 0, "sellingAndMarketingExpenses": 0, "sellingGeneralAndAdministrativeExpenses": 997000000, "otherExpenses": 192000000, "operatingExpenses": 997000000, "costAndExpenses": 12669000000, "interestIncome": 11000000, "interestExpense": 698000000, "depreciationAndAmortization": 2038000000, "ebitda": 9502000000, "ebitdaratio": 0.4765056918, "operatingIncome": 7272000000, "operatingIncomeRatio": 0.3646757936, "totalOtherIncomeExpensesNet": 192000000, "incomeBeforeTax": 6766000000, "incomeBeforeTaxRatio": 0.3393009378, "incomeTaxExpense": 2533000000, "netIncome": 4233000000, "netIncomeRatio": 0.2122762148, "eps": 5.09, "epsdiluted": 5.07, "weightedAverageShsOut": 832400000, "weightedAverageShsOutDil": 835400000, "link": "https://www.sec.gov/Archives/edgar/data/100885/000010088517000056/0000100885-17-000056-index.htm", "finalLink": "https://www.sec.gov/Archives/edgar/data/100885/000010088517000056/unp-20161231x10k.htm", "calculatedOtherExpenses": 0, "calculatedOperatingExpenses": 997000000, "calculatedNetInterest": -687000000, "calculatedOtherIncome": 181000000, "calculatedIncomeNonControlling": 0, "calculatedEbitda": 9310000000}, {"date": "2015-12-31", "symbol": "UNP", "reportedCurrency": "USD", "cik": "0000100885", "fillingDate": "2016-02-05", "acceptedDate": "2016-02-05 13:24:19", "calendarYear": "2015", "period": "FY", "revenue": 21813000000, "costOfRevenue": 12837000000, "grossProfit": 8976000000, "grossProfitRatio": 0.4114977307, "researchAndDevelopmentExpenses": 0, "generalAndAdministrativeExpenses": 0, "sellingAndMarketingExpenses": 0, "sellingGeneralAndAdministrativeExpenses": 0, "otherExpenses": 226000000, "operatingExpenses": 924000000, "costAndExpenses": 13761000000, "interestIncome": 5000000, "interestExpense": 622000000, "depreciationAndAmortization": 2012000000, "ebitda": 10290000000, "ebitdaratio": 0.4717370375, "operatingIncome": 8052000000, "operatingIncomeRatio": 0.3691376702, "totalOtherIncomeExpensesNet": 226000000, "incomeBeforeTax": 7656000000, "incomeBeforeTaxRatio": 0.3509833585, "incomeTaxExpense": 2884000000, "netIncome": 4772000000, "netIncomeRatio": 0.2187686242, "eps": 5.51, "epsdiluted": 5.49, "weightedAverageShsOut": 866200000, "weightedAverageShsOutDil": 869400000, "link": "https://www.sec.gov/Archives/edgar/data/100885/000010088516000260/0000100885-16-000260-index.htm", "finalLink": "https://www.sec.gov/Archives/edgar/data/100885/000010088516000260/unp-20151231x10k.htm", "calculatedOtherExpenses": 924000000, "calculatedOperatingExpenses": 924000000, "calculatedNetInterest": -617000000, "calculatedOtherIncome": 221000000, "calculatedIncomeNonControlling": 0, "calculatedEbitda": 10064000000}, {"date": "2014-12-31", "symbol": "UNP", "reportedCurrency": "USD", "cik": "0000100885", "fillingDate": "2015-02-06", "acceptedDate": "2015-02-06 17:01:09", "calendarYear": "2014", "period": "FY", "revenue": 23988000000, "costOfRevenue": 14311000000, "grossProfit": 9677000000, "grossProfitRatio": 0.4034100384, "researchAndDevelopmentExpenses": 0, "generalAndAdministrativeExpenses": 0, "sellingAndMarketingExpenses": 0, "sellingGeneralAndAdministrativeExpenses": 0, "otherExpenses": 151000000, "operatingExpenses": 924000000, "costAndExpenses": 15235000000, "interestIncome": 4000000, "interestExpense": 561000000, "depreciationAndAmortization": 1904000000, "ebitda": 10808000000, "ebitdaratio": 0.4505586126, "operatingIncome": 8753000000, "operatingIncomeRatio": 0.3648907787, "totalOtherIncomeExpensesNet": 151000000, "incomeBeforeTax": 8343000000, "incomeBeforeTaxRatio": 0.3477988994, "incomeTaxExpense": 3163000000, "netIncome": 5180000000, "netIncomeRatio": 0.215941304, "eps": 5.77, "epsdiluted": 5.75, "weightedAverageShsOut": 897100000, "weightedAverageShsOutDil": 901100000, "link": "https://www.sec.gov/Archives/edgar/data/100885/000119312515037518/0001193125-15-037518-index.htm", "finalLink": "https://www.sec.gov/Archives/edgar/data/100885/000119312515037518/d865355d10k.htm", "calculatedOtherExpenses": 924000000, "calculatedOperatingExpenses": 924000000, "calculatedNetInterest": -557000000, "calculatedOtherIncome": 147000000, "calculatedIncomeNonControlling": 0, "calculatedEbitda": 10657000000}, {"date": "2013-12-31", "symbol": "UNP", "reportedCurrency": "USD", "cik": "0000100885", "fillingDate": "2014-02-07", "acceptedDate": "2014-02-07 16:21:46", "calendarYear": "2013", "period": "FY", "revenue": 21963000000, "costOfRevenue": 13668000000, "grossProfit": 8295000000, "grossProfitRatio": 0.3776806447, "researchAndDevelopmentExpenses": 0, "generalAndAdministrativeExpenses": 0, "sellingAndMarketingExpenses": 0, "sellingGeneralAndAdministrativeExpenses": 0, "otherExpenses": 128000000, "operatingExpenses": 849000000, "costAndExpenses": 14517000000, "interestIncome": 4000000, "interestExpense": 526000000, "depreciationAndAmortization": 1777000000, "ebitda": 9351000000, "ebitdaratio": 0.425761508, "operatingIncome": 7446000000, "operatingIncomeRatio": 0.3390247234, "totalOtherIncomeExpensesNet": 128000000, "incomeBeforeTax": 7048000000, "incomeBeforeTaxRatio": 0.3209033374, "incomeTaxExpense": 2660000000, "netIncome": 4388000000, "netIncomeRatio": 0.1997905568, "eps": 4.74, "epsdiluted": 4.71, "weightedAverageShsOut": 926600000, "weightedAverageShsOutDil": 931600000, "link": "https://www.sec.gov/Archives/edgar/data/100885/000119312514040752/0001193125-14-040752-index.htm", "finalLink": "https://www.sec.gov/Archives/edgar/data/100885/000119312514040752/d668613d10k.htm", "calculatedOtherExpenses": 849000000, "calculatedOperatingExpenses": 849000000, "calculatedNetInterest": -522000000, "calculatedOtherIncome": 124000000, "calculatedIncomeNonControlling": 0, "calculatedEbitda": 9223000000}, {"date": "2012-12-31", "symbol": "UNP", "reportedCurrency": "USD", "cik": "0000100885", "fillingDate": "2013-02-08", "acceptedDate": "2013-02-08 13:30:06", "calendarYear": "2012", "period": "FY", "revenue": 20926000000, "costOfRevenue": 13393000000, "grossProfit": 7533000000, "grossProfitRatio": 0.3599827965, "researchAndDevelopmentExpenses": 0, "generalAndAdministrativeExpenses": 0, "sellingAndMarketingExpenses": 0, "sellingGeneralAndAdministrativeExpenses": 0, "otherExpenses": 108000000, "operatingExpenses": 788000000, "costAndExpenses": 14181000000, "interestIncome": 3000000, "interestExpense": 535000000, "depreciationAndAmortization": 1760000000, "ebitda": 8613000000, "ebitdaratio": 0.4115932333, "operatingIncome": 6745000000, "operatingIncomeRatio": 0.3223262927, "totalOtherIncomeExpensesNet": 108000000, "incomeBeforeTax": 6318000000, "incomeBeforeTaxRatio": 0.3019210551, "incomeTaxExpense": 2375000000, "netIncome": 3943000000, "netIncomeRatio": 0.1884258817, "eps": 4.17, "epsdiluted": 4.14, "weightedAverageShsOut": 946200000, "weightedAverageShsOutDil": 953000000, "link": "https://www.sec.gov/Archives/edgar/data/100885/000119312513045658/0001193125-13-045658-index.htm", "finalLink": "https://www.sec.gov/Archives/edgar/data/100885/000119312513045658/d477110d10k.htm", "calculatedOtherExpenses": 788000000, "calculatedOperatingExpenses": 788000000, "calculatedNetInterest": -532000000, "calculatedOtherIncome": 105000000, "calculatedIncomeNonControlling": 0, "calculatedEbitda": 8505000000}, {"date": "2011-12-31", "symbol": "UNP", "reportedCurrency": "USD", "cik": "0000100885", "fillingDate": "2012-02-03", "acceptedDate": "2012-02-03 14:41:53", "calendarYear": "2011", "period": "FY", "revenue": 19557000000, "costOfRevenue": 6753000000, "grossProfit": 12804000000, "grossProfitRatio": 0.6547016414, "researchAndDevelopmentExpenses": 0, "generalAndAdministrativeExpenses": 4681000000, "sellingAndMarketingExpenses": 0, "sellingGeneralAndAdministrativeExpenses": 4681000000, "otherExpenses": 2399000000, "operatingExpenses": 7080000000, "costAndExpenses": 13833000000, "interestIncome": 3000000, "interestExpense": 572000000, "depreciationAndAmortization": 1617000000, "ebitda": 7341000000, "ebitdaratio": 0.3753643197, "operatingIncome": 5724000000, "operatingIncomeRatio": 0.2926829268, "totalOtherIncomeExpensesNet": 112000000, "incomeBeforeTax": 5264000000, "incomeBeforeTaxRatio": 0.2691619369, "incomeTaxExpense": 1972000000, "netIncome": 3292000000, "netIncomeRatio": 0.1683284757, "eps": 3.39, "epsdiluted": 3.36, "weightedAverageShsOut": 971400000, "weightedAverageShsOutDil": 979600000, "link": "https://www.sec.gov/Archives/edgar/data/100885/000119312512038569/0001193125-12-038569-index.htm", "finalLink": "https://www.sec.gov/Archives/edgar/data/100885/000119312512038569/d288752d10k.htm", "calculatedOtherExpenses": 2399000000, "calculatedOperatingExpenses": 7080000000, "calculatedNetInterest": -569000000, "calculatedOtherIncome": 109000000, "calculatedIncomeNonControlling": 0, "calculatedEbitda": 7341000000}, {"date": "2010-12-31", "symbol": "UNP", "reportedCurrency": "USD", "cik": "0000100885", "fillingDate": "2011-02-04", "acceptedDate": "2011-02-04 17:03:17", "calendarYear": "2010", "period": "FY", "revenue": 16965000000, "costOfRevenue": 3180000000, "grossProfit": 13785000000, "grossProfitRatio": 0.8125552608, "researchAndDevelopmentExpenses": 0, "generalAndAdministrativeExpenses": 4314000000, "sellingAndMarketingExpenses": 0, "sellingGeneralAndAdministrativeExpenses": 4314000000, "otherExpenses": 84000000, "operatingExpenses": 6520000000, "costAndExpenses": 9700000000, "interestIncome": 4000000, "interestExpense": 602000000, "depreciationAndAmortization": 1487000000, "ebitda": 6468000000, "ebitdaratio": 0.3812555261, "operatingIncome": 4981000000, "operatingIncomeRatio": 0.2936044798, "totalOtherIncomeExpensesNet": 54000000, "incomeBeforeTax": 4433000000, "incomeBeforeTaxRatio": 0.261302682, "incomeTaxExpense": 1653000000, "netIncome": 2780000000, "netIncomeRatio": 0.1638667846, "eps": 2.79, "epsdiluted": 2.76, "weightedAverageShsOut": 996400000, "weightedAverageShsOutDil": 1005800000, "link": "https://www.sec.gov/Archives/edgar/data/100885/000119312511024531/0001193125-11-024531-index.htm", "finalLink": "https://www.sec.gov/Archives/edgar/data/100885/000119312511024531/d10k.htm", "calculatedOtherExpenses": 4490000000, "calculatedOperatingExpenses": 8804000000, "calculatedNetInterest": -598000000, "calculatedOtherIncome": 50000000, "calculatedIncomeNonControlling": 0, "calculatedEbitda": 6468000000}, {"date": "2009-12-31", "symbol": "UNP", "reportedCurrency": "USD", "cik": "0000100885", "fillingDate": "2010-02-05", "acceptedDate": "2010-02-05 15:30:53", "calendarYear": "2009", "period": "FY", "revenue": 14143000000, "costOfRevenue": 2227000000, "grossProfit": 11916000000, "grossProfitRatio": 0.8425369441, "researchAndDevelopmentExpenses": 0, "generalAndAdministrativeExpenses": 4063000000, "sellingAndMarketingExpenses": 0, "sellingGeneralAndAdministrativeExpenses": 4063000000, "otherExpenses": 73000000, "operatingExpenses": 6177000000, "costAndExpenses": 8404000000, "interestIncome": 5000000, "interestExpense": 600000000, "depreciationAndAmortization": 1427000000, "ebitda": 4811000000, "ebitdaratio": 0.3401682811, "operatingIncome": 3379000000, "operatingIncomeRatio": 0.2389167786, "totalOtherIncomeExpensesNet": 190000000, "incomeBeforeTax": 2974000000, "incomeBeforeTaxRatio": 0.2102807042, "incomeTaxExpense": 1084000000, "netIncome": 1890000000, "netIncomeRatio": 0.1336350138, "eps": 1.88, "epsdiluted": 1.87, "weightedAverageShsOut": 1006000000, "weightedAverageShsOutDil": 1011600000, "link": "https://www.sec.gov/Archives/edgar/data/100885/000119312510023294/0001193125-10-023294-index.htm", "finalLink": "https://www.sec.gov/Archives/edgar/data/100885/000119312510023294/d10k.htm", "calculatedOtherExpenses": 4474000000, "calculatedOperatingExpenses": 8537000000, "calculatedNetInterest": -595000000, "calculatedOtherIncome": 190000000, "calculatedIncomeNonControlling": 0, "calculatedEbitda": 4806000000}, {"date": "2008-12-31", "symbol": "UNP", "reportedCurrency": "USD", "cik": "0000100885", "fillingDate": "2009-02-06", "acceptedDate": "2009-02-06 17:01:08", "calendarYear": "2008", "period": "FY", "revenue": 17970000000, "costOfRevenue": 7211000000, "grossProfit": 10759000000, "grossProfitRatio": 0.598720089, "researchAndDevelopmentExpenses": 0, "generalAndAdministrativeExpenses": 5783000000, "sellingAndMarketingExpenses": 0, "sellingGeneralAndAdministrativeExpenses": 5783000000, "otherExpenses": 87000000, "operatingExpenses": 12569000000, "costAndExpenses": 12569000000, "interestIncome": 21000000, "interestExpense": 511000000, "depreciationAndAmortization": 1387000000, "ebitda": 5462000000, "ebitdaratio": 0.3039510295, "operatingIncome": 4075000000, "operatingIncomeRatio": 0.2267668336, "totalOtherIncomeExpensesNet": 92000000, "incomeBeforeTax": 3656000000, "incomeBeforeTaxRatio": 0.2034501948, "incomeTaxExpense": 1318000000, "netIncome": 2335000000, "netIncomeRatio": 0.1299387869, "eps": 2.29, "epsdiluted": 2.27, "weightedAverageShsOut": 1021200000, "weightedAverageShsOutDil": 1030000000, "link": "https://www.sec.gov/Archives/edgar/data/100885/000119312509021370/0001193125-09-021370-index.htm", "finalLink": "https://www.sec.gov/Archives/edgar/data/100885/000119312509021370/d10k.htm", "calculatedOtherExpenses": 901000000, "calculatedOperatingExpenses": 6684000000, "calculatedNetInterest": -490000000, "calculatedOtherIncome": 71000000, "calculatedIncomeNonControlling": 3000000, "calculatedEbitda": 5462000000}, {"date": "2007-12-31", "symbol": "UNP", "reportedCurrency": "USD", "cik": "0000100885", "fillingDate": "2008-02-28", "acceptedDate": "2008-02-28 15:54:38", "calendarYear": "2007", "period": "FY", "revenue": 16283000000, "costOfRevenue": 6675000000, "grossProfit": 9608000000, "grossProfitRatio": 0.5900632562, "researchAndDevelopmentExpenses": 0, "generalAndAdministrativeExpenses": 4591000000, "sellingAndMarketingExpenses": 0, "sellingGeneralAndAdministrativeExpenses": 4591000000, "otherExpenses": 1321000000, "operatingExpenses": 5912000000, "costAndExpenses": 12587000000, "interestIncome": 50000000, "interestExpense": 482000000, "depreciationAndAmortization": 1321000000, "ebitda": 5017000000, "ebitdaratio": 0.3081127556, "operatingIncome": 3375000000, "operatingIncomeRatio": 0.2072713873, "totalOtherIncomeExpensesNet": -205000000, "incomeBeforeTax": 3009000000, "incomeBeforeTaxRatio": 0.1847939569, "incomeTaxExpense": 1154000000, "netIncome": 1855000000, "netIncomeRatio": 0.1139224959, "eps": 1.74, "epsdiluted": 1.73, "weightedAverageShsOut": 1063800000, "weightedAverageShsOutDil": 1073600000, "link": "https://www.sec.gov/Archives/edgar/data/100885/000119312508041700/0001193125-08-041700-index.htm", "finalLink": "https://www.sec.gov/Archives/edgar/data/100885/000119312508041700/d10k.htm", "calculatedOtherExpenses": 1642000000, "calculatedOperatingExpenses": 6233000000, "calculatedNetInterest": -432000000, "calculatedOtherIncome": 66000000, "calculatedIncomeNonControlling": 0, "calculatedEbitda": 4696000000}, {"date": "2006-12-31", "symbol": "UNP", "reportedCurrency": "USD", "cik": "0000100885", "fillingDate": "2007-02-23", "acceptedDate": "2007-02-23 16:32:32", "calendarYear": "2006", "period": "FY", "revenue": 15578000000, "costOfRevenue": 6448000000, "grossProfit": 9130000000, "grossProfitRatio": 0.5860829375, "researchAndDevelopmentExpenses": 0, "generalAndAdministrativeExpenses": 4599000000, "sellingAndMarketingExpenses": 0, "sellingGeneralAndAdministrativeExpenses": 4599000000, "otherExpenses": 1237000000, "operatingExpenses": 5836000000, "costAndExpenses": 12284000000, "interestIncome": 29000000, "interestExpense": 477000000, "depreciationAndAmortization": 1237000000, "ebitda": 4531000000, "ebitdaratio": 0.2908589036, "operatingIncome": 2884000000, "operatingIncomeRatio": 0.1851328797, "totalOtherIncomeExpensesNet": -292000000, "incomeBeforeTax": 2525000000, "incomeBeforeTaxRatio": 0.1620875594, "incomeTaxExpense": 919000000, "netIncome": 1606000000, "netIncomeRatio": 0.1030941071, "eps": 1.49, "epsdiluted": 1.48, "weightedAverageShsOut": 1077800000, "weightedAverageShsOutDil": 1087800000, "link": "https://www.sec.gov/Archives/edgar/data/100885/000119312507038387/0001193125-07-038387-index.htm", "finalLink": "https://www.sec.gov/Archives/edgar/data/100885/000119312507038387/d10k.htm", "calculatedOtherExpenses": 1647000000, "calculatedOperatingExpenses": 6246000000, "calculatedNetInterest": -448000000, "calculatedOtherIncome": 89000000, "calculatedIncomeNonControlling": 0, "calculatedEbitda": 4121000000}, {"date": "2005-12-31", "symbol": "UNP", "reportedCurrency": "USD", "cik": "0000100885", "fillingDate": "2006-02-24", "acceptedDate": "2006-02-24 11:25:01", "calendarYear": "2005", "period": "FY", "revenue": 13578000000, "costOfRevenue": 5822000000, "grossProfit": 7756000000, "grossProfitRatio": 0.571218147, "researchAndDevelopmentExpenses": 0, "generalAndAdministrativeExpenses": 4375000000, "sellingAndMarketingExpenses": 0, "sellingGeneralAndAdministrativeExpenses": 4375000000, "otherExpenses": 1175000000, "operatingExpenses": 5550000000, "costAndExpenses": 11372000000, "interestIncome": 0, "interestExpense": 504000000, "depreciationAndAmortization": 1175000000, "ebitda": 3381000000, "ebitdaratio": 0.2490057446, "operatingIncome": 1795000000, "operatingIncomeRatio": 0.1321991457, "totalOtherIncomeExpensesNet": -266000000, "incomeBeforeTax": 1436000000, "incomeBeforeTaxRatio": 0.1057593165, "incomeTaxExpense": 410000000, "netIncome": 1026000000, "netIncomeRatio": 0.0755634114, "eps": 0.97, "epsdiluted": 0.96, "weightedAverageShsOut": 1053600000, "weightedAverageShsOutDil": 1066000000, "link": "https://www.sec.gov/Archives/edgar/data/100885/000119312506038383/0001193125-06-038383-index.htm", "finalLink": "https://www.sec.gov/Archives/edgar/data/100885/000119312506038383/d10k.htm", "calculatedOtherExpenses": 1586000000, "calculatedOperatingExpenses": 5961000000, "calculatedNetInterest": -504000000, "calculatedOtherIncome": 145000000, "calculatedIncomeNonControlling": 0, "calculatedEbitda": 2970000000}, {"date": "2004-12-31", "symbol": "UNP", "reportedCurrency": "USD", "cik": "0000100885", "fillingDate": "2005-02-25", "acceptedDate": "2005-02-25 17:05:12", "calendarYear": "2004", "period": "FY", "revenue": 12215000000, "costOfRevenue": 4948000000, "grossProfit": 7267000000, "grossProfitRatio": 0.5949242734, "researchAndDevelopmentExpenses": 0, "generalAndAdministrativeExpenses": 4167000000, "sellingAndMarketingExpenses": 0, "sellingGeneralAndAdministrativeExpenses": 4167000000, "otherExpenses": 1111000000, "operatingExpenses": 5278000000, "costAndExpenses": 10226000000, "interestIncome": 0, "interestExpense": 527000000, "depreciationAndAmortization": 1111000000, "ebitda": 3100000000, "ebitdaratio": 0.2537863283, "operatingIncome": 1295000000, "operatingIncomeRatio": 0.106017192, "totalOtherIncomeExpensesNet": -606000000, "incomeBeforeTax": 856000000, "incomeBeforeTaxRatio": 0.0700777732, "incomeTaxExpense": 252000000, "netIncome": 604000000, "netIncomeRatio": 0.0494474007, "eps": 0.58, "epsdiluted": 0.58, "weightedAverageShsOut": 1036400000, "weightedAverageShsOutDil": 1048800000, "link": "https://www.sec.gov/Archives/edgar/data/100885/000119312505037425/0001193125-05-037425-index.htm", "finalLink": "https://www.sec.gov/Archives/edgar/data/100885/000119312505037425/d10k.htm", "calculatedOtherExpenses": 1805000000, "calculatedOperatingExpenses": 5972000000, "calculatedNetInterest": -527000000, "calculatedOtherIncome": 88000000, "calculatedIncomeNonControlling": 0, "calculatedEbitda": 2406000000}, {"date": "2003-12-31", "symbol": "UNP", "reportedCurrency": "USD", "cik": "0000100885", "fillingDate": "2004-02-18", "acceptedDate": "2004-02-18 12:07:02", "calendarYear": "2003", "period": "FY", "revenue": 11551000000, "costOfRevenue": 4043000000, "grossProfit": 7508000000, "grossProfitRatio": 0.6499870141, "researchAndDevelopmentExpenses": 0, "generalAndAdministrativeExpenses": 3892000000, "sellingAndMarketingExpenses": 0, "sellingGeneralAndAdministrativeExpenses": 3892000000, "otherExpenses": 1067000000, "operatingExpenses": 4959000000, "costAndExpenses": 9002000000, "interestIncome": 0, "interestExpense": 574000000, "depreciationAndAmortization": 1067000000, "ebitda": 3616000000, "ebitdaratio": 0.3130464895, "operatingIncome": 2133000000, "operatingIncomeRatio": 0.1846593369, "totalOtherIncomeExpensesNet": -338000000, "incomeBeforeTax": 1637000000, "incomeBeforeTaxRatio": 0.1417193317, "incomeTaxExpense": 581000000, "netIncome": 1585000000, "netIncomeRatio": 0.1372175569, "eps": 1.56, "epsdiluted": 1.48, "weightedAverageShsOut": 1017600000, "weightedAverageShsOutDil": 1072000000, "link": "https://www.sec.gov/Archives/edgar/data/100885/000119312504025678/0001193125-04-025678-index.htm", "finalLink": "https://www.sec.gov/Archives/edgar/data/100885/000119312504025678/d10k.htm", "calculatedOtherExpenses": 1483000000, "calculatedOperatingExpenses": 5375000000, "calculatedNetInterest": -574000000, "calculatedOtherIncome": 78000000, "calculatedIncomeNonControlling": -529000000, "calculatedEbitda": 3200000000}, {"date": "2002-12-31", "symbol": "UNP", "reportedCurrency": "USD", "cik": "0000100885", "fillingDate": "2003-02-21", "acceptedDate": "2003-02-21 09:59:10", "calendarYear": "2002", "period": "FY", "revenue": 12491000000, "costOfRevenue": 4046000000, "grossProfit": 8445000000, "grossProfitRatio": 0.6760867825, "researchAndDevelopmentExpenses": 0, "generalAndAdministrativeExpenses": 4501000000, "sellingAndMarketingExpenses": 0, "sellingGeneralAndAdministrativeExpenses": 4501000000, "otherExpenses": 1206000000, "operatingExpenses": 5707000000, "costAndExpenses": 9753000000, "interestIncome": 0, "interestExpense": 633000000, "depreciationAndAmortization": 1206000000, "ebitda": 3944000000, "ebitdaratio": 0.3157473381, "operatingIncome": 2324000000, "operatingIncomeRatio": 0.1860539589, "totalOtherIncomeExpensesNet": -89000000, "incomeBeforeTax": 2016000000, "incomeBeforeTaxRatio": 0.1613962053, "incomeTaxExpense": 675000000, "netIncome": 1341000000, "netIncomeRatio": 0.1073572973, "eps": 1.33, "epsdiluted": 1.21, "weightedAverageShsOut": 1008400000, "weightedAverageShsOutDil": 1107200000, "link": "https://www.sec.gov/Archives/edgar/data/100885/000095013403002918/0000950134-03-002918-index.htm", "finalLink": "https://www.sec.gov/Archives/edgar/data/100885/000095013403002918/d03483e10vk.txt", "calculatedOtherExpenses": 1620000000, "calculatedOperatingExpenses": 6121000000, "calculatedNetInterest": -633000000, "calculatedOtherIncome": 325000000, "calculatedIncomeNonControlling": 0, "calculatedEbitda": 3530000000}, {"date": "2001-12-31", "symbol": "UNP", "reportedCurrency": "USD", "cik": "0000100885", "fillingDate": "2002-03-04", "acceptedDate": "2002-03-04 00:00:00", "calendarYear": "2001", "period": "FY", "revenue": 11973000000, "costOfRevenue": 3160000000, "grossProfit": 8813000000, "grossProfitRatio": 0.7360728305, "researchAndDevelopmentExpenses": 0, "generalAndAdministrativeExpenses": 4276000000, "sellingAndMarketingExpenses": 0, "sellingGeneralAndAdministrativeExpenses": 4276000000, "otherExpenses": 1174000000, "operatingExpenses": 5450000000, "costAndExpenses": 8610000000, "interestIncome": 0, "interestExpense": 701000000, "depreciationAndAmortization": 1174000000, "ebitda": 4537000000, "ebitdaratio": 0.3789359392, "operatingIncome": 2072000000, "operatingIncomeRatio": 0.1730560428, "totalOtherIncomeExpensesNet": -1129000000, "incomeBeforeTax": 1533000000, "incomeBeforeTaxRatio": 0.1280380857, "incomeTaxExpense": 567000000, "netIncome": 966000000, "netIncomeRatio": 0.0806815335, "eps": 0.97, "epsdiluted": 0.89, "weightedAverageShsOut": 992000000, "weightedAverageShsOutDil": 1087600000, "link": "https://www.sec.gov/Archives/edgar/data/100885/000095013402001771/0000950134-02-001771-index.htm", "finalLink": "https://www.sec.gov/Archives/edgar/data/100885/000095013402001771/d94498e10-k.txt", "calculatedOtherExpenses": 2465000000, "calculatedOperatingExpenses": 6741000000, "calculatedNetInterest": -701000000, "calculatedOtherIncome": 162000000, "calculatedIncomeNonControlling": 0, "calculatedEbitda": 3246000000}, {"date": "2000-12-31", "symbol": "UNP", "reportedCurrency": "USD", "cik": "0000100885", "fillingDate": "2001-03-21", "acceptedDate": "2001-03-21 00:00:00", "calendarYear": "2000", "period": "FY", "revenue": 11878000000, "costOfRevenue": 3224000000, "grossProfit": 8654000000, "grossProfitRatio": 0.728573834, "researchAndDevelopmentExpenses": 0, "generalAndAdministrativeExpenses": 4311000000, "sellingAndMarketingExpenses": 0, "sellingGeneralAndAdministrativeExpenses": 4311000000, "otherExpenses": 1140000000, "operatingExpenses": 5451000000, "costAndExpenses": 8675000000, "interestIncome": 0, "interestExpense": 723000000, "depreciationAndAmortization": 1140000000, "ebitda": 4343000000, "ebitdaratio": 0.3656339451, "operatingIncome": 1903000000, "operatingIncomeRatio": 0.1602121569, "totalOtherIncomeExpensesNet": -1170000000, "incomeBeforeTax": 1310000000, "incomeBeforeTaxRatio": 0.1102879273, "incomeTaxExpense": 468000000, "netIncome": 842000000, "netIncomeRatio": 0.0708873548, "eps": 0.85, "epsdiluted": 0.78, "weightedAverageShsOut": 986000000, "weightedAverageShsOutDil": 1078000000, "link": "https://www.sec.gov/Archives/edgar/data/100885/000095013401002416/0000950134-01-002416-index.htm", "finalLink": "https://www.sec.gov/Archives/edgar/data/100885/000095013401002416/d85246e10-k.txt", "calculatedOtherExpenses": 2440000000, "calculatedOperatingExpenses": 6751000000, "calculatedNetInterest": -723000000, "calculatedOtherIncome": 130000000, "calculatedIncomeNonControlling": 0, "calculatedEbitda": 3043000000}, {"date": "1999-12-31", "symbol": "UNP", "reportedCurrency": "USD", "cik": "0000100885", "fillingDate": "2000-03-27", "acceptedDate": "2000-03-27 00:00:00", "calendarYear": "1999", "period": "FY", "revenue": 11273000000, "costOfRevenue": 2758000000, "grossProfit": 8515000000, "grossProfitRatio": 0.7553446288, "researchAndDevelopmentExpenses": 0, "generalAndAdministrativeExpenses": 4285000000, "sellingAndMarketingExpenses": 0, "sellingGeneralAndAdministrativeExpenses": 4285000000, "otherExpenses": 1083000000, "operatingExpenses": 5368000000, "costAndExpenses": 8126000000, "interestIncome": 0, "interestExpense": 733000000, "depreciationAndAmortization": 1083000000, "ebitda": 4230000000, "ebitdaratio": 0.3752328573, "operatingIncome": 1804000000, "operatingIncomeRatio": 0.1600283864, "totalOtherIncomeExpensesNet": -1212000000, "incomeBeforeTax": 1202000000, "incomeBeforeTaxRatio": 0.1066264526, "incomeTaxExpense": 419000000, "netIncome": 810000000, "netIncomeRatio": 0.0718531003, "eps": 0.82, "epsdiluted": 0.75, "weightedAverageShsOut": 986400000, "weightedAverageShsOutDil": 1079200000, "link": "https://www.sec.gov/Archives/edgar/data/100885/000095013100002042/0000950131-00-002042-index.html", "finalLink": "https://www.sec.gov/Archives/edgar/data/100885/000095013100002042/", "calculatedOtherExpenses": 2426000000, "calculatedOperatingExpenses": 6711000000, "calculatedNetInterest": -733000000, "calculatedOtherIncome": 131000000, "calculatedIncomeNonControlling": -27000000, "calculatedEbitda": 2887000000}, {"date": "1998-12-31", "symbol": "UNP", "reportedCurrency": "USD", "cik": "0000100885", "fillingDate": "1999-03-25", "acceptedDate": "1999-03-25 00:00:00", "calendarYear": "1998", "period": "FY", "revenue": 10553000000, "costOfRevenue": 2834000000, "grossProfit": 7719000000, "grossProfitRatio": 0.7314507723, "researchAndDevelopmentExpenses": 0, "generalAndAdministrativeExpenses": 4348000000, "sellingAndMarketingExpenses": 0, "sellingGeneralAndAdministrativeExpenses": 4348000000, "otherExpenses": 1070000000, "operatingExpenses": 5418000000, "costAndExpenses": 8252000000, "interestIncome": 0, "interestExpense": 714000000, "depreciationAndAmortization": 1070000000, "ebitda": 3371000000, "ebitdaratio": 0.3194352317, "operatingIncome": -171000000, "operatingIncomeRatio": -0.0162039231, "totalOtherIncomeExpensesNet": -2283000000, "incomeBeforeTax": -696000000, "incomeBeforeTaxRatio": -0.0659528096, "incomeTaxExpense": -63000000, "netIncome": -633000000, "netIncomeRatio": -0.0599829432, "eps": -0.64, "epsdiluted": -0.64, "weightedAverageShsOut": 984000000, "weightedAverageShsOutDil": 984000000, "link": "https://www.sec.gov/Archives/edgar/data/100885/000095013199001738/0000950131-99-001738-index.html", "finalLink": "https://www.sec.gov/Archives/edgar/data/100885/", "calculatedOtherExpenses": 3542000000, "calculatedOperatingExpenses": 7890000000, "calculatedNetInterest": -714000000, "calculatedOtherIncome": 189000000, "calculatedIncomeNonControlling": 0, "calculatedEbitda": 899000000}, {"date": "1997-12-31", "symbol": "UNP", "reportedCurrency": "USD", "cik": "0000100885", "fillingDate": "1998-03-18", "acceptedDate": "1998-03-18 00:00:00", "calendarYear": "1997", "period": "FY", "revenue": 11079000000, "costOfRevenue": 3684000000, "grossProfit": 7395000000, "grossProfitRatio": 0.6674790144, "researchAndDevelopmentExpenses": 0, "generalAndAdministrativeExpenses": 4166000000, "sellingAndMarketingExpenses": 0, "sellingGeneralAndAdministrativeExpenses": 4166000000, "otherExpenses": 1043000000, "operatingExpenses": 5209000000, "costAndExpenses": 8893000000, "interestIncome": 0, "interestExpense": 605000000, "depreciationAndAmortization": 1043000000, "ebitda": 3229000000, "ebitdaratio": 0.2914522971, "operatingIncome": 1253000000, "operatingIncomeRatio": 0.1130968499, "totalOtherIncomeExpensesNet": -905000000, "incomeBeforeTax": 676000000, "incomeBeforeTaxRatio": 0.0610163372, "incomeTaxExpense": 244000000, "netIncome": 432000000, "netIncomeRatio": 0.0389926889, "eps": 0.44, "epsdiluted": 0.44, "weightedAverageShsOut": 982800000, "weightedAverageShsOutDil": 992400000, "link": "https://www.sec.gov/Archives/edgar/data/100885/000095013498002114/0000950134-98-002114-index.html", "finalLink": "https://www.sec.gov/Archives/edgar/data/100885/", "calculatedOtherExpenses": 1976000000, "calculatedOperatingExpenses": 6142000000, "calculatedNetInterest": -605000000, "calculatedOtherIncome": 28000000, "calculatedIncomeNonControlling": 0, "calculatedEbitda": 2296000000}, {"date": "1996-12-31", "symbol": "UNP", "reportedCurrency": "USD", "cik": "0000100885", "fillingDate": "1997-03-28", "acceptedDate": "1997-03-28 00:00:00", "calendarYear": "1996", "period": "FY", "revenue": 8786000000, "costOfRevenue": 2635000000, "grossProfit": 6151000000, "grossProfitRatio": 0.7000910539, "researchAndDevelopmentExpenses": 0, "generalAndAdministrativeExpenses": 3260000000, "sellingAndMarketingExpenses": 0, "sellingGeneralAndAdministrativeExpenses": 3260000000, "otherExpenses": 762000000, "operatingExpenses": 4022000000, "costAndExpenses": 6657000000, "interestIncome": 0, "interestExpense": 501000000, "depreciationAndAmortization": 762000000, "ebitda": 2891000000, "ebitdaratio": 0.3290462099, "operatingIncome": 1533000000, "operatingIncomeRatio": 0.1744821307, "totalOtherIncomeExpensesNet": -515000000, "incomeBeforeTax": 1113000000, "incomeBeforeTaxRatio": 0.1266788072, "incomeTaxExpense": 380000000, "netIncome": 904000000, "netIncomeRatio": 0.1028909629, "eps": 1.04, "epsdiluted": 1.04, "weightedAverageShsOut": 866800000, "weightedAverageShsOutDil": 872000000, "link": "https://www.sec.gov/Archives/edgar/data/100885/000010088597000002/0000100885-97-000002-index.html", "finalLink": "https://www.sec.gov/Archives/edgar/data/100885/", "calculatedOtherExpenses": 1358000000, "calculatedOperatingExpenses": 4618000000, "calculatedNetInterest": -501000000, "calculatedOtherIncome": 81000000, "calculatedIncomeNonControlling": -171000000, "calculatedEbitda": 2295000000}, {"date": "1995-12-31", "symbol": "UNP", "reportedCurrency": "USD", "cik": "0000100885", "fillingDate": "1996-03-26", "acceptedDate": "1996-03-26 00:00:00", "calendarYear": "1995", "period": "FY", "revenue": 7486000000, "costOfRevenue": 1720000000, "grossProfit": 5766000000, "grossProfitRatio": 0.7702377772, "researchAndDevelopmentExpenses": 0, "generalAndAdministrativeExpenses": 2826000000, "sellingAndMarketingExpenses": 0, "sellingGeneralAndAdministrativeExpenses": 2826000000, "otherExpenses": 642000000, "operatingExpenses": 3468000000, "costAndExpenses": 5188000000, "interestIncome": 0, "interestExpense": 450000000, "depreciationAndAmortization": 642000000, "ebitda": 2940000000, "ebitdaratio": 0.3927331018, "operatingIncome": 1341000000, "operatingIncomeRatio": 0.1791343842, "totalOtherIncomeExpensesNet": -915000000, "incomeBeforeTax": 933000000, "incomeBeforeTaxRatio": 0.1246326476, "incomeTaxExpense": 314000000, "netIncome": 946000000, "netIncomeRatio": 0.1263692225, "eps": 1.16, "epsdiluted": 1.15, "weightedAverageShsOut": 819047619, "weightedAverageShsOutDil": 822608696, "link": "https://www.sec.gov/Archives/edgar/data/100885/000095010996001749/0000950109-96-001749-index.html", "finalLink": "https://www.sec.gov/Archives/edgar/data/100885/", "calculatedOtherExpenses": 1599000000, "calculatedOperatingExpenses": 4425000000, "calculatedNetInterest": -450000000, "calculatedOtherIncome": 42000000, "calculatedIncomeNonControlling": -327000000, "calculatedEbitda": 1983000000}, {"date": "1994-12-31", "symbol": "UNP", "reportedCurrency": "USD", "cik": "0000100885", "fillingDate": "1995-03-08", "acceptedDate": "1995-03-08 00:00:00", "calendarYear": "1994", "period": "FY", "revenue": 7798000000, "costOfRevenue": 3282000000, "grossProfit": 4516000000, "grossProfitRatio": 0.579122852, "researchAndDevelopmentExpenses": 0, "generalAndAdministrativeExpenses": 745000000, "sellingAndMarketingExpenses": 0, "sellingGeneralAndAdministrativeExpenses": 745000000, "otherExpenses": 2129000000, "operatingExpenses": 2874000000, "costAndExpenses": 6156000000, "interestIncome": 0, "interestExpense": -412000000, "depreciationAndAmortization": -1005000000, "ebitda": 2388000000, "ebitdaratio": 0.3062323673, "operatingIncome": 1007000000, "operatingIncomeRatio": 0.1291356758, "totalOtherIncomeExpensesNet": 259000000, "incomeBeforeTax": 1419000000, "incomeBeforeTaxRatio": 0.1819697358, "incomeTaxExpense": 461000000, "netIncome": 546000000, "netIncomeRatio": 0.0700179533, "eps": 0.66, "epsdiluted": 0.66, "weightedAverageShsOut": 821052632, "weightedAverageShsOutDil": 822695035, "link": "https://www.sec.gov/Archives/edgar/data/100885/000010088595000006/0000100885-95-000006-index.html", "finalLink": "https://www.sec.gov/Archives/edgar/data/100885/", "calculatedOtherExpenses": 2764000000, "calculatedOperatingExpenses": 3509000000, "calculatedNetInterest": 412000000, "calculatedOtherIncome": 0, "calculatedIncomeNonControlling": 412000000, "calculatedEbitda": 2000000}, {"date": "1993-12-31", "symbol": "UNP", "reportedCurrency": "USD", "cik": "0000100885", "fillingDate": "1994-03-29", "acceptedDate": "1994-03-29 00:00:00", "calendarYear": "1993", "period": "FY", "revenue": 7561000000, "costOfRevenue": 2588000000, "grossProfit": 4973000000, "grossProfitRatio": 0.6577172332, "researchAndDevelopmentExpenses": 0, "generalAndAdministrativeExpenses": 2377000000, "sellingAndMarketingExpenses": 257000000, "sellingGeneralAndAdministrativeExpenses": 2634000000, "otherExpenses": 949000000, "operatingExpenses": 3583000000, "costAndExpenses": 6171000000, "interestIncome": 0, "interestExpense": 362000000, "depreciationAndAmortization": -949000000, "ebitda": 2250000000, "ebitdaratio": 0.2975796852, "operatingIncome": 980000000, "operatingIncomeRatio": 0.1296124851, "totalOtherIncomeExpensesNet": 89000000, "incomeBeforeTax": 1155000000, "incomeBeforeTaxRatio": 0.1527575717, "incomeTaxExpense": 450000000, "netIncome": 530000000, "netIncomeRatio": 0.0700965481, "eps": 0.65, "epsdiluted": 0.65, "weightedAverageShsOut": 821705426, "weightedAverageShsOutDil": 821705426, "link": "https://www.sec.gov/Archives/edgar/data/100885/000010088594000006/0000100885-94-000006-index.html", "finalLink": "https://www.sec.gov/Archives/edgar/data/100885/", "calculatedOtherExpenses": 1359000000, "calculatedOperatingExpenses": 3993000000, "calculatedNetInterest": -362000000, "calculatedOtherIncome": 537000000, "calculatedIncomeNonControlling": 175000000, "calculatedEbitda": 31000000}, {"date": "1992-12-31", "symbol": "UNP", "reportedCurrency": "USD", "cik": "0000100885", "fillingDate": "1992-12-31", "acceptedDate": "1992-12-31 00:00:00", "calendarYear": "1992", "period": "FY", "revenue": 7294000000, "costOfRevenue": 2306000000, "grossProfit": 4988000000, "grossProfitRatio": 0.6838497395, "researchAndDevelopmentExpenses": 0, "generalAndAdministrativeExpenses": 0, "sellingAndMarketingExpenses": 0, "sellingGeneralAndAdministrativeExpenses": 2606000000, "otherExpenses": 751000000, "operatingExpenses": 3357000000, "costAndExpenses": 5663000000, "interestIncome": 0, "interestExpense": 0, "depreciationAndAmortization": -909000000, "ebitda": 2394000000, "ebitdaratio": 0.3282149712, "operatingIncome": 1101000000, "operatingIncomeRatio": 0.150945983, "totalOtherIncomeExpensesNet": 146000000, "incomeBeforeTax": 1101000000, "incomeBeforeTaxRatio": 0.150945983, "incomeTaxExpense": 373000000, "netIncome": 728000000, "netIncomeRatio": 0.0998080614, "eps": 0.9, "epsdiluted": 0.89, "weightedAverageShsOut": 813407821, "weightedAverageShsOutDil": 815686275, "link": null, "finalLink": null, "calculatedOtherExpenses": 1281000000, "calculatedOperatingExpenses": 3887000000, "calculatedNetInterest": 0, "calculatedOtherIncome": 0, "calculatedIncomeNonControlling": 0, "calculatedEbitda": 192000000}, {"date": "1991-12-31", "symbol": "UNP", "reportedCurrency": "USD", "cik": "0000100885", "fillingDate": "1991-12-31", "acceptedDate": "1991-12-31 00:00:00", "calendarYear": "1991", "period": "FY", "revenue": 7029000000, "costOfRevenue": 2318000000, "grossProfit": 4711000000, "grossProfitRatio": 0.6702233604, "researchAndDevelopmentExpenses": 0, "generalAndAdministrativeExpenses": 0, "sellingAndMarketingExpenses": 0, "sellingGeneralAndAdministrativeExpenses": 2517000000, "otherExpenses": 550000000, "operatingExpenses": 3067000000, "costAndExpenses": 5385000000, "interestIncome": 0, "interestExpense": 0, "depreciationAndAmortization": -748000000, "ebitda": 3140000000, "ebitdaratio": 0.4467207284, "operatingIncome": 112000000, "operatingIncomeRatio": 0.0159339878, "totalOtherIncomeExpensesNet": -748000000, "incomeBeforeTax": 112000000, "incomeBeforeTaxRatio": 0.0159339878, "incomeTaxExpense": 48000000, "netIncome": 64000000, "netIncomeRatio": 0.0091051359, "eps": 0.08, "epsdiluted": 0.0775, "weightedAverageShsOut": 800000000, "weightedAverageShsOutDil": 825806452, "link": null, "finalLink": null, "calculatedOtherExpenses": 2082000000, "calculatedOperatingExpenses": 4599000000, "calculatedNetInterest": 0, "calculatedOtherIncome": 0, "calculatedIncomeNonControlling": 0, "calculatedEbitda": -636000000}, {"date": "1990-12-31", "symbol": "UNP", "reportedCurrency": "USD", "cik": "0000100885", "fillingDate": "1990-12-31", "acceptedDate": "1990-12-31 00:00:00", "calendarYear": "1990", "period": "FY", "revenue": 6964000000, "costOfRevenue": 2303000000, "grossProfit": 4661000000, "grossProfitRatio": 0.6692992533, "researchAndDevelopmentExpenses": 0, "generalAndAdministrativeExpenses": 0, "sellingAndMarketingExpenses": 0, "sellingGeneralAndAdministrativeExpenses": 2545000000, "otherExpenses": 515000000, "operatingExpenses": 3060000000, "costAndExpenses": 5363000000, "interestIncome": 0, "interestExpense": 0, "depreciationAndAmortization": -697000000, "ebitda": 2203000000, "ebitdaratio": 0.3163411832, "operatingIncome": 952000000, "operatingIncomeRatio": 0.1367030442, "totalOtherIncomeExpensesNet": 95000000, "incomeBeforeTax": 952000000, "incomeBeforeTaxRatio": 0.1367030442, "incomeTaxExpense": 334000000, "netIncome": 618000000, "netIncomeRatio": 0.0887421022, "eps": 0.77, "epsdiluted": 0.77, "weightedAverageShsOut": 800000000, "weightedAverageShsOutDil": 802597403, "link": null, "finalLink": null, "calculatedOtherExpenses": 1164000000, "calculatedOperatingExpenses": 3709000000, "calculatedNetInterest": 0, "calculatedOtherIncome": 0, "calculatedIncomeNonControlling": 0, "calculatedEbitda": 255000000}, {"date": "1989-12-31", "symbol": "UNP", "reportedCurrency": "USD", "cik": "0000100885", "fillingDate": "1989-12-31", "acceptedDate": "1989-12-31 00:00:00", "calendarYear": "1989", "period": "FY", "revenue": 6492000000, "costOfRevenue": 2105000000, "grossProfit": 4387000000, "grossProfitRatio": 0.6757547751, "researchAndDevelopmentExpenses": 0, "generalAndAdministrativeExpenses": 0, "sellingAndMarketingExpenses": 0, "sellingGeneralAndAdministrativeExpenses": 2473000000, "otherExpenses": 456000000, "operatingExpenses": 2929000000, "costAndExpenses": 5034000000, "interestIncome": 0, "interestExpense": 0, "depreciationAndAmortization": -603000000, "ebitda": 1963000000, "ebitdaratio": 0.3023721503, "operatingIncome": 893000000, "operatingIncomeRatio": 0.1375539125, "totalOtherIncomeExpensesNet": 98000000, "incomeBeforeTax": 893000000, "incomeBeforeTaxRatio": 0.1375539125, "incomeTaxExpense": 298000000, "netIncome": 595000000, "netIncomeRatio": 0.0916512631, "eps": 0.71, "epsdiluted": 0.7, "weightedAverageShsOut": 843971631, "weightedAverageShsOutDil": 846975089, "link": null, "finalLink": null, "calculatedOtherExpenses": 1021000000, "calculatedOperatingExpenses": 3494000000, "calculatedNetInterest": 0, "calculatedOtherIncome": 0, "calculatedIncomeNonControlling": 0, "calculatedEbitda": 290000000}, {"date": "1988-12-31", "symbol": "UNP", "reportedCurrency": "USD", "cik": "0000100885", "fillingDate": "1988-12-31", "acceptedDate": "1988-12-31 00:00:00", "calendarYear": "1988", "period": "FY", "revenue": 6068000000, "costOfRevenue": 2294000000, "grossProfit": 3774000000, "grossProfitRatio": 0.6219512195, "researchAndDevelopmentExpenses": 0, "generalAndAdministrativeExpenses": 0, "sellingAndMarketingExpenses": 0, "sellingGeneralAndAdministrativeExpenses": 1905000000, "otherExpenses": 377000000, "operatingExpenses": 2282000000, "costAndExpenses": 4576000000, "interestIncome": 0, "interestExpense": 0, "depreciationAndAmortization": 523000000, "ebitda": 2025000000, "ebitdaratio": 0.3337178642, "operatingIncome": 957000000, "operatingIncomeRatio": 0.1577125906, "totalOtherIncomeExpensesNet": -10000000, "incomeBeforeTax": 872000000, "incomeBeforeTaxRatio": 0.1437046803, "incomeTaxExpense": 313000000, "netIncome": 644000000, "netIncomeRatio": 0.1061305208, "eps": 0.72, "epsdiluted": 0.72, "weightedAverageShsOut": 894035088, "weightedAverageShsOutDil": 900353357, "link": null, "finalLink": null, "calculatedOtherExpenses": 912000000, "calculatedOperatingExpenses": 2817000000, "calculatedNetInterest": 0, "calculatedOtherIncome": -85000000, "calculatedIncomeNonControlling": -85000000, "calculatedEbitda": 1480000000}, {"date": "1987-12-31", "symbol": "UNP", "reportedCurrency": "USD", "cik": "0000100885", "fillingDate": "1987-12-31", "acceptedDate": "1987-12-31 00:00:00", "calendarYear": "1987", "period": "FY", "revenue": 5943000000, "costOfRevenue": 1175000000, "grossProfit": 4768000000, "grossProfitRatio": 0.8022884065, "researchAndDevelopmentExpenses": 0, "generalAndAdministrativeExpenses": 0, "sellingAndMarketingExpenses": 0, "sellingGeneralAndAdministrativeExpenses": 2168000000, "otherExpenses": 297000000, "operatingExpenses": 2465000000, "costAndExpenses": 3640000000, "interestIncome": 0, "interestExpense": 0, "depreciationAndAmortization": 453000000, "ebitda": 3599000000, "ebitdaratio": 0.6055864042, "operatingIncome": 910000000, "operatingIncomeRatio": 0.1531213192, "totalOtherIncomeExpensesNet": -843000000, "incomeBeforeTax": 887000000, "incomeBeforeTaxRatio": 0.1492512199, "incomeTaxExpense": 327000000, "netIncome": 583000000, "netIncomeRatio": 0.0980986034, "eps": 0.69, "epsdiluted": 0.69, "weightedAverageShsOut": 849230769, "weightedAverageShsOutDil": 849230769, "link": null, "finalLink": null, "calculatedOtherExpenses": 1690000000, "calculatedOperatingExpenses": 3858000000, "calculatedNetInterest": 0, "calculatedOtherIncome": -23000000, "calculatedIncomeNonControlling": -23000000, "calculatedEbitda": 1363000000}, {"date": "1986-12-31", "symbol": "UNP", "reportedCurrency": "USD", "cik": "0000100885", "fillingDate": "1986-12-31", "acceptedDate": "1986-12-31 00:00:00", "calendarYear": "1986", "period": "FY", "revenue": 6574000000, "costOfRevenue": 2209000000, "grossProfit": 4365000000, "grossProfitRatio": 0.6639793124, "researchAndDevelopmentExpenses": 0, "generalAndAdministrativeExpenses": 0, "sellingAndMarketingExpenses": 0, "sellingGeneralAndAdministrativeExpenses": 1782000000, "otherExpenses": 375000000, "operatingExpenses": 2157000000, "costAndExpenses": 4366000000, "interestIncome": 0, "interestExpense": -46000000, "depreciationAndAmortization": 520000000, "ebitda": 5238000000, "ebitdaratio": 0.7967751749, "operatingIncome": -851000000, "operatingIncomeRatio": -0.1294493459, "totalOtherIncomeExpensesNet": -2510000000, "incomeBeforeTax": -805000000, "incomeBeforeTaxRatio": -0.122452084, "incomeTaxExpense": -391000000, "netIncome": -460000000, "netIncomeRatio": -0.0699726194, "eps": -0.54, "epsdiluted": -0.54, "weightedAverageShsOut": 857641921, "weightedAverageShsOutDil": 857641921, "link": null, "finalLink": null, "calculatedOtherExpenses": 3434000000, "calculatedOperatingExpenses": 5216000000, "calculatedNetInterest": 46000000, "calculatedOtherIncome": 0, "calculatedIncomeNonControlling": 46000000, "calculatedEbitda": -331000000}, {"date": "1985-12-31", "symbol": "UNP", "reportedCurrency": "USD", "cik": "0000100885", "fillingDate": "1985-12-31", "acceptedDate": "1985-12-31 00:00:00", "calendarYear": "1985", "period": "FY", "revenue": 7798000000, "costOfRevenue": 3982000000, "grossProfit": 3816000000, "grossProfitRatio": 0.4893562452, "researchAndDevelopmentExpenses": 0, "generalAndAdministrativeExpenses": 0, "sellingAndMarketingExpenses": 0, "sellingGeneralAndAdministrativeExpenses": 2251000000, "otherExpenses": 359000000, "operatingExpenses": 2610000000, "costAndExpenses": 6592000000, "interestIncome": 0, "interestExpense": 0, "depreciationAndAmortization": 546000000, "ebitda": 1642000000, "ebitdaratio": 0.210566812, "operatingIncome": 749000000, "operatingIncomeRatio": 0.0960502693, "totalOtherIncomeExpensesNet": 110000000, "incomeBeforeTax": 749000000, "incomeBeforeTaxRatio": 0.0960502693, "incomeTaxExpense": 248000000, "netIncome": 501000000, "netIncomeRatio": 0.0642472429, "eps": 0.56, "epsdiluted": 0.56, "weightedAverageShsOut": 899521531, "weightedAverageShsOutDil": 899521531, "link": null, "finalLink": null, "calculatedOtherExpenses": 816000000, "calculatedOperatingExpenses": 3067000000, "calculatedNetInterest": 0, "calculatedOtherIncome": 0, "calculatedIncomeNonControlling": 0, "calculatedEbitda": 1295000000}]}