{"originalCurrency": "USD", "convertedCurrency": "USD", "report": [{"date": "2023-12-31", "symbol": "UPS", "reportedCurrency": "USD", "cik": "0001090727", "fillingDate": "2024-02-20", "acceptedDate": "2024-02-20 16:18:27", "calendarYear": "2023", "period": "FY", "revenue": 90958000000, "costOfRevenue": 73727000000, "grossProfit": 17231000000, "grossProfitRatio": 0.1894390818, "researchAndDevelopmentExpenses": 0, "generalAndAdministrativeExpenses": 0, "sellingAndMarketingExpenses": 0, "sellingGeneralAndAdministrativeExpenses": 8090000000, "otherExpenses": 81817000000, "operatingExpenses": 8090000000, "costAndExpenses": 81817000000, "interestIncome": 312000000, "interestExpense": 785000000, "depreciationAndAmortization": 3366000000, "ebitda": 12507000000, "ebitdaratio": 0.1375030234, "operatingIncome": 9141000000, "operatingIncomeRatio": 0.1004969327, "totalOtherIncomeExpensesNet": -568000000, "incomeBeforeTax": 8573000000, "incomeBeforeTaxRatio": 0.0942522923, "incomeTaxExpense": 1865000000, "netIncome": 6708000000, "netIncomeRatio": 0.0737483234, "eps": 7.81, "epsdiluted": 7.8, "weightedAverageShsOut": 859000000, "weightedAverageShsOutDil": 860000000, "link": "https://www.sec.gov/Archives/edgar/data/1090727/000109072724000008/0001090727-24-000008-index.htm", "finalLink": "https://www.sec.gov/Archives/edgar/data/1090727/000109072724000008/ups-20231231.htm", "calculatedOtherExpenses": 0, "calculatedOperatingExpenses": 8090000000, "calculatedNetInterest": -473000000, "calculatedOtherIncome": -95000000, "calculatedIncomeNonControlling": 0, "calculatedEbitda": 12507000000}, {"date": "2022-12-31", "symbol": "UPS", "reportedCurrency": "USD", "cik": "0001090727", "fillingDate": "2023-02-21", "acceptedDate": "2023-02-21 06:16:30", "calendarYear": "2022", "period": "FY", "revenue": 100338000000, "costOfRevenue": 87244000000, "grossProfit": 13094000000, "grossProfitRatio": 0.1304989137, "researchAndDevelopmentExpenses": 0, "generalAndAdministrativeExpenses": 0, "sellingAndMarketingExpenses": 0, "sellingGeneralAndAdministrativeExpenses": 7112000000, "otherExpenses": 87244000000, "operatingExpenses": 87244000000, "costAndExpenses": 174488000000, "interestIncome": 696000000, "interestExpense": 704000000, "depreciationAndAmortization": 5439000000, "ebitda": 18533000000, "ebitdaratio": 0.1847056948, "operatingIncome": 13094000000, "operatingIncomeRatio": 0.1304989137, "totalOtherIncomeExpensesNet": 1731000000, "incomeBeforeTax": 14825000000, "incomeBeforeTaxRatio": 0.147750603, "incomeTaxExpense": 3277000000, "netIncome": 11548000000, "netIncomeRatio": 0.1150909924, "eps": 13.26, "epsdiluted": 13.2, "weightedAverageShsOut": 871000000, "weightedAverageShsOutDil": 871000000, "link": "https://www.sec.gov/Archives/edgar/data/1090727/000109072723000006/0001090727-23-000006-index.htm", "finalLink": "https://www.sec.gov/Archives/edgar/data/1090727/000109072723000006/ups-20221231.htm", "calculatedOtherExpenses": -7112000000, "calculatedOperatingExpenses": 0, "calculatedNetInterest": -8000000, "calculatedOtherIncome": 1739000000, "calculatedIncomeNonControlling": 0, "calculatedEbitda": 18533000000}, {"date": "2021-12-31", "symbol": "UPS", "reportedCurrency": "USD", "cik": "0001090727", "fillingDate": "2022-02-22", "acceptedDate": "2022-02-22 06:14:14", "calendarYear": "2021", "period": "FY", "revenue": 97287000000, "costOfRevenue": 84477000000, "grossProfit": 12810000000, "grossProfitRatio": 0.1316722686, "researchAndDevelopmentExpenses": 0, "generalAndAdministrativeExpenses": 46707000000, "sellingAndMarketingExpenses": 0, "sellingGeneralAndAdministrativeExpenses": 46707000000, "otherExpenses": 4457000000, "operatingExpenses": 46707000000, "costAndExpenses": 84477000000, "interestIncome": 692000000, "interestExpense": 694000000, "depreciationAndAmortization": 2953000000, "ebitda": 20220000000, "ebitdaratio": 0.2078386629, "operatingIncome": 17267000000, "operatingIncomeRatio": 0.1774851727, "totalOtherIncomeExpensesNet": -672000000, "incomeBeforeTax": 16595000000, "incomeBeforeTaxRatio": 0.170577775, "incomeTaxExpense": 3705000000, "netIncome": 12890000000, "netIncomeRatio": 0.1324945779, "eps": 14.75, "epsdiluted": 14.68, "weightedAverageShsOut": 874000000, "weightedAverageShsOutDil": 878000000, "link": "https://www.sec.gov/Archives/edgar/data/1090727/000109072722000007/0001090727-22-000007-index.htm", "finalLink": "https://www.sec.gov/Archives/edgar/data/1090727/000109072722000007/ups-20211231.htm", "calculatedOtherExpenses": -51164000000, "calculatedOperatingExpenses": -4457000000, "calculatedNetInterest": -2000000, "calculatedOtherIncome": -670000000, "calculatedIncomeNonControlling": 0, "calculatedEbitda": 20220000000}, {"date": "2020-12-31", "symbol": "UPS", "reportedCurrency": "USD", "cik": "0001090727", "fillingDate": "2021-02-22", "acceptedDate": "2021-02-22 17:27:26", "calendarYear": "2020", "period": "FY", "revenue": 84628000000, "costOfRevenue": 76814000000, "grossProfit": 7814000000, "grossProfitRatio": 0.0923335066, "researchAndDevelopmentExpenses": 0, "generalAndAdministrativeExpenses": 0, "sellingAndMarketingExpenses": 0, "sellingGeneralAndAdministrativeExpenses": 13947000000, "otherExpenses": 7470000000, "operatingExpenses": 7470000000, "costAndExpenses": 76814000000, "interestIncome": 857000000, "interestExpense": 701000000, "depreciationAndAmortization": 2698000000, "ebitda": 5336000000, "ebitdaratio": 0.0630524176, "operatingIncome": 2638000000, "operatingIncomeRatio": 0.0311717162, "totalOtherIncomeExpensesNet": -664000000, "incomeBeforeTax": 1974000000, "incomeBeforeTaxRatio": 0.0233256133, "incomeTaxExpense": 547000000, "netIncome": 1343000000, "netIncomeRatio": 0.0158694522, "eps": 1.65, "epsdiluted": 1.64, "weightedAverageShsOut": 867000000, "weightedAverageShsOutDil": 871000000, "link": "https://www.sec.gov/Archives/edgar/data/1090727/000109072721000013/0001090727-21-000013-index.htm", "finalLink": "https://www.sec.gov/Archives/edgar/data/1090727/000109072721000013/ups-20201231.htm", "calculatedOtherExpenses": -8771000000, "calculatedOperatingExpenses": 5176000000, "calculatedNetInterest": 156000000, "calculatedOtherIncome": -820000000, "calculatedIncomeNonControlling": 84000000, "calculatedEbitda": 5336000000}, {"date": "2019-12-31", "symbol": "UPS", "reportedCurrency": "USD", "cik": "0001090727", "fillingDate": "2020-02-20", "acceptedDate": "2020-02-20 17:05:25", "calendarYear": "2019", "period": "FY", "revenue": 74094000000, "costOfRevenue": 66296000000, "grossProfit": 7798000000, "grossProfitRatio": 0.1052446892, "researchAndDevelopmentExpenses": 0, "generalAndAdministrativeExpenses": 0, "sellingAndMarketingExpenses": 0, "sellingGeneralAndAdministrativeExpenses": 8217000000, "otherExpenses": 5919000000, "operatingExpenses": 5919000000, "costAndExpenses": 66296000000, "interestIncome": 468000000, "interestExpense": 653000000, "depreciationAndAmortization": 2360000000, "ebitda": 6176000000, "ebitdaratio": 0.0833535779, "operatingIncome": 3816000000, "operatingIncomeRatio": 0.0515021459, "totalOtherIncomeExpensesNet": 1836000000, "incomeBeforeTax": 5652000000, "incomeBeforeTaxRatio": 0.0762814803, "incomeTaxExpense": 1212000000, "netIncome": 4440000000, "netIncomeRatio": 0.0599238805, "eps": 5.14, "epsdiluted": 5.11, "weightedAverageShsOut": 864000000, "weightedAverageShsOutDil": 869000000, "link": "https://www.sec.gov/Archives/edgar/data/1090727/000109072720000005/0001090727-20-000005-index.htm", "finalLink": "https://www.sec.gov/Archives/edgar/data/1090727/000109072720000005/ups-12312019x10k.htm", "calculatedOtherExpenses": -4235000000, "calculatedOperatingExpenses": 3982000000, "calculatedNetInterest": -185000000, "calculatedOtherIncome": 2021000000, "calculatedIncomeNonControlling": 0, "calculatedEbitda": 6176000000}, {"date": "2018-12-31", "symbol": "UPS", "reportedCurrency": "USD", "cik": "0001090727", "fillingDate": "2019-02-21", "acceptedDate": "2019-02-21 17:02:11", "calendarYear": "2018", "period": "FY", "revenue": 71861000000, "costOfRevenue": 64837000000, "grossProfit": 7024000000, "grossProfitRatio": 0.0977442563, "researchAndDevelopmentExpenses": 0, "generalAndAdministrativeExpenses": 0, "sellingAndMarketingExpenses": 0, "sellingGeneralAndAdministrativeExpenses": 7092000000, "otherExpenses": -490000000, "operatingExpenses": 5465000000, "costAndExpenses": 64837000000, "interestIncome": 0, "interestExpense": 605000000, "depreciationAndAmortization": 2207000000, "ebitda": 6534000000, "ebitdaratio": 0.0909255368, "operatingIncome": 7024000000, "operatingIncomeRatio": 0.0977442563, "totalOtherIncomeExpensesNet": -400000000, "incomeBeforeTax": 6019000000, "incomeBeforeTaxRatio": 0.0837589235, "incomeTaxExpense": 1228000000, "netIncome": 4791000000, "netIncomeRatio": 0.0666703775, "eps": 5.53, "epsdiluted": 5.51, "weightedAverageShsOut": 866000000, "weightedAverageShsOutDil": 870000000, "link": "https://www.sec.gov/Archives/edgar/data/1090727/000109072719000006/0001090727-19-000006-index.htm", "finalLink": "https://www.sec.gov/Archives/edgar/data/1090727/000109072719000006/ups-12312018x10k.htm", "calculatedOtherExpenses": -7092000000, "calculatedOperatingExpenses": 0, "calculatedNetInterest": -605000000, "calculatedOtherIncome": -400000000, "calculatedIncomeNonControlling": 0, "calculatedEbitda": 9231000000}, {"date": "2017-12-31", "symbol": "UPS", "reportedCurrency": "USD", "cik": "0001090727", "fillingDate": "2018-02-21", "acceptedDate": "2018-02-21 17:23:42", "calendarYear": "2017", "period": "FY", "revenue": 65872000000, "costOfRevenue": 58343000000, "grossProfit": 7529000000, "grossProfitRatio": 0.1142974253, "researchAndDevelopmentExpenses": 0, "generalAndAdministrativeExpenses": 0, "sellingAndMarketingExpenses": 0, "sellingGeneralAndAdministrativeExpenses": 5855000000, "otherExpenses": 5039000000, "operatingExpenses": 5039000000, "costAndExpenses": 58343000000, "interestIncome": 0, "interestExpense": 453000000, "depreciationAndAmortization": 2282000000, "ebitda": 7529000000, "ebitdaratio": 0.1142974253, "operatingIncome": 7529000000, "operatingIncomeRatio": 0.1142974253, "totalOtherIncomeExpensesNet": 72000000, "incomeBeforeTax": 7148000000, "incomeBeforeTaxRatio": 0.1085134807, "incomeTaxExpense": 2238000000, "netIncome": 4910000000, "netIncomeRatio": 0.0745384989, "eps": 5.64, "epsdiluted": 5.61, "weightedAverageShsOut": 871000000, "weightedAverageShsOutDil": 875000000, "link": "https://www.sec.gov/Archives/edgar/data/1090727/000109072718000009/0001090727-18-000009-index.htm", "finalLink": "https://www.sec.gov/Archives/edgar/data/1090727/000109072718000009/ups-12312017x10k.htm", "calculatedOtherExpenses": -5855000000, "calculatedOperatingExpenses": 0, "calculatedNetInterest": -453000000, "calculatedOtherIncome": 72000000, "calculatedIncomeNonControlling": 0, "calculatedEbitda": 9811000000}, {"date": "2016-12-31", "symbol": "UPS", "reportedCurrency": "USD", "cik": "0001090727", "fillingDate": "2017-02-21", "acceptedDate": "2017-02-21 06:47:45", "calendarYear": "2016", "period": "FY", "revenue": 60906000000, "costOfRevenue": 55439000000, "grossProfit": 5467000000, "grossProfitRatio": 0.0897612715, "researchAndDevelopmentExpenses": 0, "generalAndAdministrativeExpenses": 0, "sellingAndMarketingExpenses": 0, "sellingGeneralAndAdministrativeExpenses": 7266000000, "otherExpenses": 4623000000, "operatingExpenses": 4623000000, "costAndExpenses": 55439000000, "interestIncome": 0, "interestExpense": 381000000, "depreciationAndAmortization": 2224000000, "ebitda": 5467000000, "ebitdaratio": 0.0897612715, "operatingIncome": 5467000000, "operatingIncomeRatio": 0.0897612715, "totalOtherIncomeExpensesNet": 50000000, "incomeBeforeTax": 5136000000, "incomeBeforeTaxRatio": 0.0843266673, "incomeTaxExpense": 1705000000, "netIncome": 3431000000, "netIncomeRatio": 0.0563327094, "eps": 3.89, "epsdiluted": 3.87, "weightedAverageShsOut": 883000000, "weightedAverageShsOutDil": 887000000, "link": "https://www.sec.gov/Archives/edgar/data/1090727/000109072717000011/0001090727-17-000011-index.htm", "finalLink": "https://www.sec.gov/Archives/edgar/data/1090727/000109072717000011/ups-12312016x10k.htm", "calculatedOtherExpenses": -7266000000, "calculatedOperatingExpenses": 0, "calculatedNetInterest": -381000000, "calculatedOtherIncome": 50000000, "calculatedIncomeNonControlling": 0, "calculatedEbitda": 7691000000}, {"date": "2015-12-31", "symbol": "UPS", "reportedCurrency": "USD", "cik": "0001090727", "fillingDate": "2016-02-25", "acceptedDate": "2016-02-24 17:39:52", "calendarYear": "2015", "period": "FY", "revenue": 58363000000, "costOfRevenue": 31028000000, "grossProfit": 27335000000, "grossProfitRatio": 0.4683618046, "researchAndDevelopmentExpenses": 0, "generalAndAdministrativeExpenses": 0, "sellingAndMarketingExpenses": 0, "sellingGeneralAndAdministrativeExpenses": 0, "otherExpenses": 4636000000, "operatingExpenses": 19667000000, "costAndExpenses": 50695000000, "interestIncome": 0, "interestExpense": 341000000, "depreciationAndAmortization": 2084000000, "ebitda": 7668000000, "ebitdaratio": 0.1313846101, "operatingIncome": 7668000000, "operatingIncomeRatio": 0.1313846101, "totalOtherIncomeExpensesNet": 15000000, "incomeBeforeTax": 7342000000, "incomeBeforeTaxRatio": 0.1257988794, "incomeTaxExpense": 2498000000, "netIncome": 4844000000, "netIncomeRatio": 0.0829977897, "eps": 5.38, "epsdiluted": 5.35, "weightedAverageShsOut": 901000000, "weightedAverageShsOutDil": 906000000, "link": "https://www.sec.gov/Archives/edgar/data/1090727/000109072716000053/0001090727-16-000053-index.htm", "finalLink": "https://www.sec.gov/Archives/edgar/data/1090727/000109072716000053/ups-12312015x10k.htm", "calculatedOtherExpenses": 19667000000, "calculatedOperatingExpenses": 19667000000, "calculatedNetInterest": -341000000, "calculatedOtherIncome": 15000000, "calculatedIncomeNonControlling": 0, "calculatedEbitda": 9752000000}, {"date": "2014-12-31", "symbol": "UPS", "reportedCurrency": "USD", "cik": "0001090727", "fillingDate": "2015-02-27", "acceptedDate": "2015-02-27 16:52:14", "calendarYear": "2014", "period": "FY", "revenue": 58232000000, "costOfRevenue": 32045000000, "grossProfit": 26187000000, "grossProfitRatio": 0.4497011952, "researchAndDevelopmentExpenses": 0, "generalAndAdministrativeExpenses": 0, "sellingAndMarketingExpenses": 0, "sellingGeneralAndAdministrativeExpenses": 0, "otherExpenses": 4538000000, "operatingExpenses": 21219000000, "costAndExpenses": 53264000000, "interestIncome": 0, "interestExpense": 353000000, "depreciationAndAmortization": 1923000000, "ebitda": 4968000000, "ebitdaratio": 0.0853139167, "operatingIncome": 4968000000, "operatingIncomeRatio": 0.0853139167, "totalOtherIncomeExpensesNet": 22000000, "incomeBeforeTax": 4637000000, "incomeBeforeTaxRatio": 0.0796297568, "incomeTaxExpense": 1605000000, "netIncome": 3032000000, "netIncomeRatio": 0.0520675917, "eps": 3.31, "epsdiluted": 3.28, "weightedAverageShsOut": 916000000, "weightedAverageShsOutDil": 924000000, "link": "https://www.sec.gov/Archives/edgar/data/1090727/000109072715000008/0001090727-15-000008-index.htm", "finalLink": "https://www.sec.gov/Archives/edgar/data/1090727/000109072715000008/ups-12312014x10k.htm", "calculatedOtherExpenses": 21219000000, "calculatedOperatingExpenses": 21219000000, "calculatedNetInterest": -353000000, "calculatedOtherIncome": 22000000, "calculatedIncomeNonControlling": 0, "calculatedEbitda": 6891000000}, {"date": "2013-12-31", "symbol": "UPS", "reportedCurrency": "USD", "cik": "0001090727", "fillingDate": "2014-02-28", "acceptedDate": "2014-02-28 17:25:08", "calendarYear": "2013", "period": "FY", "revenue": 55438000000, "costOfRevenue": 28557000000, "grossProfit": 26881000000, "grossProfitRatio": 0.4848840146, "researchAndDevelopmentExpenses": 0, "generalAndAdministrativeExpenses": 0, "sellingAndMarketingExpenses": 0, "sellingGeneralAndAdministrativeExpenses": 0, "otherExpenses": 4277000000, "operatingExpenses": 19847000000, "costAndExpenses": 48404000000, "interestIncome": 0, "interestExpense": 380000000, "depreciationAndAmortization": 1867000000, "ebitda": 7034000000, "ebitdaratio": 0.1268804791, "operatingIncome": 7034000000, "operatingIncomeRatio": 0.1268804791, "totalOtherIncomeExpensesNet": 20000000, "incomeBeforeTax": 6674000000, "incomeBeforeTaxRatio": 0.1203867383, "incomeTaxExpense": 2302000000, "netIncome": 4372000000, "netIncomeRatio": 0.0788628738, "eps": 4.65, "epsdiluted": 4.61, "weightedAverageShsOut": 940000000, "weightedAverageShsOutDil": 948000000, "link": "https://www.sec.gov/Archives/edgar/data/1090727/000109072714000009/0001090727-14-000009-index.htm", "finalLink": "https://www.sec.gov/Archives/edgar/data/1090727/000109072714000009/ups-12312013x10k.htm", "calculatedOtherExpenses": 19847000000, "calculatedOperatingExpenses": 19847000000, "calculatedNetInterest": -380000000, "calculatedOtherIncome": 20000000, "calculatedIncomeNonControlling": 0, "calculatedEbitda": 8901000000}, {"date": "2012-12-31", "symbol": "UPS", "reportedCurrency": "USD", "cik": "0001090727", "fillingDate": "2013-02-28", "acceptedDate": "2013-02-28 11:08:41", "calendarYear": "2012", "period": "FY", "revenue": 54127000000, "costOfRevenue": 33102000000, "grossProfit": 21025000000, "grossProfitRatio": 0.3884383025, "researchAndDevelopmentExpenses": 0, "generalAndAdministrativeExpenses": 0, "sellingAndMarketingExpenses": 0, "sellingGeneralAndAdministrativeExpenses": 0, "otherExpenses": 4250000000, "operatingExpenses": 19682000000, "costAndExpenses": 52784000000, "interestIncome": 0, "interestExpense": 393000000, "depreciationAndAmortization": 1858000000, "ebitda": 1343000000, "ebitdaratio": 0.0248120162, "operatingIncome": 1343000000, "operatingIncomeRatio": 0.0248120162, "totalOtherIncomeExpensesNet": 24000000, "incomeBeforeTax": 974000000, "incomeBeforeTaxRatio": 0.0179947161, "incomeTaxExpense": 167000000, "netIncome": 807000000, "netIncomeRatio": 0.0149093798, "eps": 0.84, "epsdiluted": 0.83, "weightedAverageShsOut": 960000000, "weightedAverageShsOutDil": 969000000, "link": "https://www.sec.gov/Archives/edgar/data/1090727/000109072713000005/0001090727-13-000005-index.htm", "finalLink": "https://www.sec.gov/Archives/edgar/data/1090727/000109072713000005/ups-12312012x10k.htm", "calculatedOtherExpenses": 19682000000, "calculatedOperatingExpenses": 19682000000, "calculatedNetInterest": -393000000, "calculatedOtherIncome": 24000000, "calculatedIncomeNonControlling": 0, "calculatedEbitda": 3201000000}, {"date": "2011-12-31", "symbol": "UPS", "reportedCurrency": "USD", "cik": "0001090727", "fillingDate": "2012-02-27", "acceptedDate": "2012-02-27 14:19:33", "calendarYear": "2011", "period": "FY", "revenue": 53105000000, "costOfRevenue": 13507000000, "grossProfit": 39598000000, "grossProfitRatio": 0.7456548348, "researchAndDevelopmentExpenses": 0, "generalAndAdministrativeExpenses": 27575000000, "sellingAndMarketingExpenses": 0, "sellingGeneralAndAdministrativeExpenses": 27575000000, "otherExpenses": 5943000000, "operatingExpenses": 33518000000, "costAndExpenses": 47025000000, "interestIncome": 0, "interestExpense": 348000000, "depreciationAndAmortization": 1782000000, "ebitda": 7862000000, "ebitdaratio": 0.1480463233, "operatingIncome": 6080000000, "operatingIncomeRatio": 0.114490161, "totalOtherIncomeExpensesNet": 44000000, "incomeBeforeTax": 5776000000, "incomeBeforeTaxRatio": 0.108765653, "incomeTaxExpense": 1972000000, "netIncome": 3804000000, "netIncomeRatio": 0.0716316731, "eps": 3.88, "epsdiluted": 3.84, "weightedAverageShsOut": 981000000, "weightedAverageShsOutDil": 991000000, "link": "https://www.sec.gov/Archives/edgar/data/1090727/000119312512081067/0001193125-12-081067-index.htm", "finalLink": "https://www.sec.gov/Archives/edgar/data/1090727/000119312512081067/d274494d10k.htm", "calculatedOtherExpenses": 5943000000, "calculatedOperatingExpenses": 33518000000, "calculatedNetInterest": -348000000, "calculatedOtherIncome": 44000000, "calculatedIncomeNonControlling": 0, "calculatedEbitda": 7862000000}, {"date": "2010-12-31", "symbol": "UPS", "reportedCurrency": "USD", "cik": "0001090727", "fillingDate": "2011-02-28", "acceptedDate": "2011-02-28 13:54:49", "calendarYear": "2010", "period": "FY", "revenue": 49545000000, "costOfRevenue": 10743000000, "grossProfit": 38802000000, "grossProfitRatio": 0.783166818, "researchAndDevelopmentExpenses": 0, "generalAndAdministrativeExpenses": 31136000000, "sellingAndMarketingExpenses": 0, "sellingGeneralAndAdministrativeExpenses": 31136000000, "otherExpenses": 1792000000, "operatingExpenses": 32928000000, "costAndExpenses": 43671000000, "interestIncome": 0, "interestExpense": 354000000, "depreciationAndAmortization": 1792000000, "ebitda": 7666000000, "ebitdaratio": 0.154728025, "operatingIncome": 5874000000, "operatingIncomeRatio": 0.1185588859, "totalOtherIncomeExpensesNet": 3000000, "incomeBeforeTax": 5523000000, "incomeBeforeTaxRatio": 0.1114744172, "incomeTaxExpense": 2035000000, "netIncome": 3488000000, "netIncomeRatio": 0.0704006459, "eps": 3.36, "epsdiluted": 3.33, "weightedAverageShsOut": 994000000, "weightedAverageShsOutDil": 1003000000, "link": "https://www.sec.gov/Archives/edgar/data/1090727/000119312511049356/0001193125-11-049356-index.htm", "finalLink": "https://www.sec.gov/Archives/edgar/data/1090727/000119312511049356/d10k.htm", "calculatedOtherExpenses": 1792000000, "calculatedOperatingExpenses": 32928000000, "calculatedNetInterest": -354000000, "calculatedOtherIncome": 3000000, "calculatedIncomeNonControlling": 0, "calculatedEbitda": 7666000000}, {"date": "2009-12-31", "symbol": "UPS", "reportedCurrency": "USD", "cik": "0001090727", "fillingDate": "2010-02-26", "acceptedDate": "2010-02-26 16:12:48", "calendarYear": "2009", "period": "FY", "revenue": 45297000000, "costOfRevenue": 8819000000, "grossProfit": 36478000000, "grossProfitRatio": 0.8053071947, "researchAndDevelopmentExpenses": 0, "generalAndAdministrativeExpenses": 30930000000, "sellingAndMarketingExpenses": 0, "sellingGeneralAndAdministrativeExpenses": 30930000000, "otherExpenses": 1747000000, "operatingExpenses": 32677000000, "costAndExpenses": 41496000000, "interestIncome": 0, "interestExpense": 445000000, "depreciationAndAmortization": 1747000000, "ebitda": 5548000000, "ebitdaratio": 0.1224805175, "operatingIncome": 3801000000, "operatingIncomeRatio": 0.0839128419, "totalOtherIncomeExpensesNet": 10000000, "incomeBeforeTax": 3366000000, "incomeBeforeTaxRatio": 0.0743095569, "incomeTaxExpense": 1214000000, "netIncome": 2152000000, "netIncomeRatio": 0.047508665, "eps": 2.16, "epsdiluted": 2.14, "weightedAverageShsOut": 998000000, "weightedAverageShsOutDil": 1004000000, "link": "https://www.sec.gov/Archives/edgar/data/1090727/000119312510042908/0001193125-10-042908-index.htm", "finalLink": "https://www.sec.gov/Archives/edgar/data/1090727/000119312510042908/d10k.htm", "calculatedOtherExpenses": 1747000000, "calculatedOperatingExpenses": 32677000000, "calculatedNetInterest": -445000000, "calculatedOtherIncome": 10000000, "calculatedIncomeNonControlling": 0, "calculatedEbitda": 5548000000}, {"date": "2008-12-31", "symbol": "UPS", "reportedCurrency": "USD", "cik": "0001090727", "fillingDate": "2009-02-27", "acceptedDate": "2009-02-27 16:19:19", "calendarYear": "2008", "period": "FY", "revenue": 51486000000, "costOfRevenue": 11878000000, "grossProfit": 39608000000, "grossProfitRatio": 0.7692965078, "researchAndDevelopmentExpenses": 0, "generalAndAdministrativeExpenses": 32412000000, "sellingAndMarketingExpenses": 0, "sellingGeneralAndAdministrativeExpenses": 32412000000, "otherExpenses": 1814000000, "operatingExpenses": 34226000000, "costAndExpenses": 46104000000, "interestIncome": 0, "interestExpense": 442000000, "depreciationAndAmortization": 1814000000, "ebitda": 7196000000, "ebitdaratio": 0.13976615, "operatingIncome": 5382000000, "operatingIncomeRatio": 0.1045332712, "totalOtherIncomeExpensesNet": 75000000, "incomeBeforeTax": 5015000000, "incomeBeforeTaxRatio": 0.0974051198, "incomeTaxExpense": 2012000000, "netIncome": 3003000000, "netIncomeRatio": 0.0583265354, "eps": 2.96, "epsdiluted": 2.94, "weightedAverageShsOut": 1016000000, "weightedAverageShsOutDil": 1022000000, "link": "https://www.sec.gov/Archives/edgar/data/1090727/000119312509040973/0001193125-09-040973-index.htm", "finalLink": "https://www.sec.gov/Archives/edgar/data/1090727/000119312509040973/d10k.htm", "calculatedOtherExpenses": 1814000000, "calculatedOperatingExpenses": 34226000000, "calculatedNetInterest": -442000000, "calculatedOtherIncome": 75000000, "calculatedIncomeNonControlling": 0, "calculatedEbitda": 7196000000}, {"date": "2007-12-31", "symbol": "UPS", "reportedCurrency": "USD", "cik": "0001090727", "fillingDate": "2008-02-29", "acceptedDate": "2008-02-29 17:12:05", "calendarYear": "2007", "period": "FY", "revenue": 49692000000, "costOfRevenue": 10033000000, "grossProfit": 39659000000, "grossProfitRatio": 0.798096273, "researchAndDevelopmentExpenses": 0, "generalAndAdministrativeExpenses": 37336000000, "sellingAndMarketingExpenses": 0, "sellingGeneralAndAdministrativeExpenses": 37336000000, "otherExpenses": 1745000000, "operatingExpenses": 39081000000, "costAndExpenses": 49114000000, "interestIncome": 0, "interestExpense": 246000000, "depreciationAndAmortization": 1745000000, "ebitda": 2323000000, "ebitdaratio": 0.0467479675, "operatingIncome": 578000000, "operatingIncomeRatio": 0.011631651, "totalOtherIncomeExpensesNet": 99000000, "incomeBeforeTax": 431000000, "incomeBeforeTaxRatio": 0.0086734283, "incomeTaxExpense": 49000000, "netIncome": 382000000, "netIncomeRatio": 0.0076873541, "eps": 0.36, "epsdiluted": 0.36, "weightedAverageShsOut": 1057000000, "weightedAverageShsOutDil": 1063000000, "link": "https://www.sec.gov/Archives/edgar/data/1090727/000119312508043891/0001193125-08-043891-index.htm", "finalLink": "https://www.sec.gov/Archives/edgar/data/1090727/000119312508043891/d10k.htm", "calculatedOtherExpenses": 1745000000, "calculatedOperatingExpenses": 39081000000, "calculatedNetInterest": -246000000, "calculatedOtherIncome": 99000000, "calculatedIncomeNonControlling": 0, "calculatedEbitda": 2323000000}, {"date": "2006-12-31", "symbol": "UPS", "reportedCurrency": "USD", "cik": "0001090727", "fillingDate": "2007-03-01", "acceptedDate": "2007-03-01 13:50:04", "calendarYear": "2006", "period": "FY", "revenue": 47547000000, "costOfRevenue": 14743000000, "grossProfit": 32804000000, "grossProfitRatio": 0.6899278609, "researchAndDevelopmentExpenses": 0, "generalAndAdministrativeExpenses": 24421000000, "sellingAndMarketingExpenses": 0, "sellingGeneralAndAdministrativeExpenses": 24421000000, "otherExpenses": 16491000000, "operatingExpenses": 40912000000, "costAndExpenses": 55655000000, "interestIncome": 0, "interestExpense": -211000000, "depreciationAndAmortization": 1748000000, "ebitda": -6446000000, "ebitdaratio": -0.1355711191, "operatingIncome": 6635000000, "operatingIncomeRatio": 0.1395461333, "totalOtherIncomeExpensesNet": 86000000, "incomeBeforeTax": 6510000000, "incomeBeforeTaxRatio": 0.1369171557, "incomeTaxExpense": 2308000000, "netIncome": 4202000000, "netIncomeRatio": 0.0883757125, "eps": 3.87, "epsdiluted": 3.86, "weightedAverageShsOut": 1085000000, "weightedAverageShsOutDil": 1089000000, "link": "https://www.sec.gov/Archives/edgar/data/1090727/000119312507044043/0001193125-07-044043-index.htm", "finalLink": "https://www.sec.gov/Archives/edgar/data/1090727/000119312507044043/d10k.htm", "calculatedOtherExpenses": 1748000000, "calculatedOperatingExpenses": 26169000000, "calculatedNetInterest": 211000000, "calculatedOtherIncome": -336000000, "calculatedIncomeNonControlling": 0, "calculatedEbitda": 8383000000}, {"date": "2005-12-31", "symbol": "UPS", "reportedCurrency": "USD", "cik": "0001090727", "fillingDate": "2006-03-14", "acceptedDate": "2006-03-14 16:07:49", "calendarYear": "2005", "period": "FY", "revenue": 42581000000, "costOfRevenue": 12277000000, "grossProfit": 30304000000, "grossProfitRatio": 0.7116789178, "researchAndDevelopmentExpenses": 0, "generalAndAdministrativeExpenses": 22517000000, "sellingAndMarketingExpenses": 0, "sellingGeneralAndAdministrativeExpenses": 22517000000, "otherExpenses": 13921000000, "operatingExpenses": 36438000000, "costAndExpenses": 48715000000, "interestIncome": 0, "interestExpense": -172000000, "depreciationAndAmortization": 1644000000, "ebitda": -4594000000, "ebitdaratio": -0.1078884949, "operatingIncome": 6143000000, "operatingIncomeRatio": 0.144266222, "totalOtherIncomeExpensesNet": 104000000, "incomeBeforeTax": 6075000000, "incomeBeforeTaxRatio": 0.1426692656, "incomeTaxExpense": 2205000000, "netIncome": 3870000000, "netIncomeRatio": 0.0908856063, "eps": 3.48, "epsdiluted": 3.47, "weightedAverageShsOut": 1112068966, "weightedAverageShsOutDil": 1115273775, "link": "https://www.sec.gov/Archives/edgar/data/1090727/000119312506053695/0001193125-06-053695-index.htm", "finalLink": "https://www.sec.gov/Archives/edgar/data/1090727/000119312506053695/d10k.htm", "calculatedOtherExpenses": 1644000000, "calculatedOperatingExpenses": 24161000000, "calculatedNetInterest": 172000000, "calculatedOtherIncome": -240000000, "calculatedIncomeNonControlling": 0, "calculatedEbitda": 7787000000}, {"date": "2004-12-31", "symbol": "UPS", "reportedCurrency": "USD", "cik": "0001090727", "fillingDate": "2005-03-14", "acceptedDate": "2005-03-14 17:22:16", "calendarYear": "2004", "period": "FY", "revenue": 36582000000, "costOfRevenue": 10677000000, "grossProfit": 25905000000, "grossProfitRatio": 0.7081351484, "researchAndDevelopmentExpenses": 0, "generalAndAdministrativeExpenses": 20916000000, "sellingAndMarketingExpenses": 0, "sellingGeneralAndAdministrativeExpenses": 20916000000, "otherExpenses": 10677000000, "operatingExpenses": 31593000000, "costAndExpenses": 42270000000, "interestIncome": 0, "interestExpense": -149000000, "depreciationAndAmortization": 1543000000, "ebitda": -4227000000, "ebitdaratio": -0.1155486305, "operatingIncome": 4989000000, "operatingIncomeRatio": 0.1363785468, "totalOtherIncomeExpensesNet": 82000000, "incomeBeforeTax": 4922000000, "incomeBeforeTaxRatio": 0.134547045, "incomeTaxExpense": 1589000000, "netIncome": 3333000000, "netIncomeRatio": 0.0911103822, "eps": 2.95, "epsdiluted": 2.93, "weightedAverageShsOut": 1129830508, "weightedAverageShsOutDil": 1137542662, "link": "https://www.sec.gov/Archives/edgar/data/1090727/000119312505049642/0001193125-05-049642-index.htm", "finalLink": "https://www.sec.gov/Archives/edgar/data/1090727/000119312505049642/d10k.htm", "calculatedOtherExpenses": 0, "calculatedOperatingExpenses": 20916000000, "calculatedNetInterest": 149000000, "calculatedOtherIncome": -216000000, "calculatedIncomeNonControlling": 0, "calculatedEbitda": 6532000000}, {"date": "2003-12-31", "symbol": "UPS", "reportedCurrency": "USD", "cik": "0001090727", "fillingDate": "2004-03-05", "acceptedDate": "2004-03-05 17:14:17", "calendarYear": "2003", "period": "FY", "revenue": 33485000000, "costOfRevenue": 8154000000, "grossProfit": 25331000000, "grossProfitRatio": 0.7564879797, "researchAndDevelopmentExpenses": 0, "generalAndAdministrativeExpenses": 19328000000, "sellingAndMarketingExpenses": 0, "sellingGeneralAndAdministrativeExpenses": 19328000000, "otherExpenses": 9703000000, "operatingExpenses": 29031000000, "costAndExpenses": 37185000000, "interestIncome": 0, "interestExpense": -121000000, "depreciationAndAmortization": 1549000000, "ebitda": -2188000000, "ebitdaratio": -0.0653426908, "operatingIncome": 4445000000, "operatingIncomeRatio": 0.1327460057, "totalOtherIncomeExpensesNet": 37000000, "incomeBeforeTax": 4370000000, "incomeBeforeTaxRatio": 0.1305061968, "incomeTaxExpense": 1472000000, "netIncome": 2898000000, "netIncomeRatio": 0.0865462147, "eps": 2.57, "epsdiluted": 2.55, "weightedAverageShsOut": 1127626459, "weightedAverageShsOutDil": 1136470588, "link": "https://www.sec.gov/Archives/edgar/data/1090727/000095014404002063/0000950144-04-002063-index.htm", "finalLink": "https://www.sec.gov/Archives/edgar/data/1090727/000095014404002063/g86647e10vk.htm", "calculatedOtherExpenses": 1558000000, "calculatedOperatingExpenses": 20886000000, "calculatedNetInterest": 121000000, "calculatedOtherIncome": -196000000, "calculatedIncomeNonControlling": 0, "calculatedEbitda": 5994000000}, {"date": "2002-12-31", "symbol": "UPS", "reportedCurrency": "USD", "cik": "0001090727", "fillingDate": "2003-03-06", "acceptedDate": "2003-03-06 15:09:36", "calendarYear": "2002", "period": "FY", "revenue": 31272000000, "costOfRevenue": 7768000000, "grossProfit": 23504000000, "grossProfitRatio": 0.7515988744, "researchAndDevelopmentExpenses": 0, "generalAndAdministrativeExpenses": 17944000000, "sellingAndMarketingExpenses": 0, "sellingGeneralAndAdministrativeExpenses": 17944000000, "otherExpenses": 10255000000, "operatingExpenses": 28199000000, "costAndExpenses": 35967000000, "interestIncome": 0, "interestExpense": -184000000, "depreciationAndAmortization": 1464000000, "ebitda": -5340000000, "ebitdaratio": -0.1707597851, "operatingIncome": 4096000000, "operatingIncomeRatio": 0.1309797902, "totalOtherIncomeExpensesNet": 2109000000, "incomeBeforeTax": 5009000000, "incomeBeforeTaxRatio": 0.1601752366, "incomeTaxExpense": 1755000000, "netIncome": 3182000000, "netIncomeRatio": 0.1017523663, "eps": 2.84, "epsdiluted": 2.81, "weightedAverageShsOut": 1120422535, "weightedAverageShsOutDil": 1132384342, "link": "https://www.sec.gov/Archives/edgar/data/1090727/000095014403002770/0000950144-03-002770-index.htm", "finalLink": "https://www.sec.gov/Archives/edgar/data/1090727/000095014403002770/g80387e10vk.htm", "calculatedOtherExpenses": 1464000000, "calculatedOperatingExpenses": 19408000000, "calculatedNetInterest": 184000000, "calculatedOtherIncome": 729000000, "calculatedIncomeNonControlling": 72000000, "calculatedEbitda": 5560000000}, {"date": "2001-12-31", "symbol": "UPS", "reportedCurrency": "USD", "cik": "0001090727", "fillingDate": "2002-03-29", "acceptedDate": "2002-03-29 00:00:00", "calendarYear": "2001", "period": "FY", "revenue": 30646000000, "costOfRevenue": 7891000000, "grossProfit": 22755000000, "grossProfitRatio": 0.7425112576, "researchAndDevelopmentExpenses": 0, "generalAndAdministrativeExpenses": 17397000000, "sellingAndMarketingExpenses": 0, "sellingGeneralAndAdministrativeExpenses": 17397000000, "otherExpenses": 9287000000, "operatingExpenses": 26684000000, "costAndExpenses": 34575000000, "interestIncome": 0, "interestExpense": -184000000, "depreciationAndAmortization": 1396000000, "ebitda": -2692000000, "ebitdaratio": -0.0878418064, "operatingIncome": 3962000000, "operatingIncomeRatio": 0.1292827775, "totalOtherIncomeExpensesNet": 159000000, "incomeBeforeTax": 3937000000, "incomeBeforeTaxRatio": 0.1284670104, "incomeTaxExpense": 1512000000, "netIncome": 2399000000, "netIncomeRatio": 0.0782810155, "eps": 2.13, "epsdiluted": 2.1, "weightedAverageShsOut": 1126291080, "weightedAverageShsOutDil": 1142380952, "link": "https://www.sec.gov/Archives/edgar/data/1090727/000095014402003133/0000950144-02-003133-index.htm", "finalLink": "https://www.sec.gov/Archives/edgar/data/1090727/000095014402003133/g74662e10-k405.htm", "calculatedOtherExpenses": 1396000000, "calculatedOperatingExpenses": 18793000000, "calculatedNetInterest": 184000000, "calculatedOtherIncome": -209000000, "calculatedIncomeNonControlling": 26000000, "calculatedEbitda": 5358000000}, {"date": "2000-12-31", "symbol": "UPS", "reportedCurrency": "USD", "cik": "0001090727", "fillingDate": "2001-04-02", "acceptedDate": "2001-04-02 00:00:00", "calendarYear": "2000", "period": "FY", "revenue": 29771000000, "costOfRevenue": 7540000000, "grossProfit": 22231000000, "grossProfitRatio": 0.7467333983, "researchAndDevelopmentExpenses": 0, "generalAndAdministrativeExpenses": 16546000000, "sellingAndMarketingExpenses": 0, "sellingGeneralAndAdministrativeExpenses": 16546000000, "otherExpenses": 8713000000, "operatingExpenses": 25259000000, "costAndExpenses": 32799000000, "interestIncome": 0, "interestExpense": 0, "depreciationAndAmortization": 1173000000, "ebitda": -2382000000, "ebitdaratio": -0.0800107487, "operatingIncome": 4512000000, "operatingIncomeRatio": 0.1515568842, "totalOtherIncomeExpensesNet": 527000000, "incomeBeforeTax": 4834000000, "incomeBeforeTaxRatio": 0.1623727789, "incomeTaxExpense": 1900000000, "netIncome": 2934000000, "netIncomeRatio": 0.0985522824, "eps": 2.54, "epsdiluted": 2.5, "weightedAverageShsOut": 1155118110, "weightedAverageShsOutDil": 1173600000, "link": "https://www.sec.gov/Archives/edgar/data/1090727/000095014401004629/0000950144-01-004629-index.htm", "finalLink": "https://www.sec.gov/Archives/edgar/data/1090727/000095014401004629/g68035e10-k.htm", "calculatedOtherExpenses": 1173000000, "calculatedOperatingExpenses": 17719000000, "calculatedNetInterest": 0, "calculatedOtherIncome": 322000000, "calculatedIncomeNonControlling": 0, "calculatedEbitda": 5685000000}, {"date": "1999-12-31", "symbol": "UPS", "reportedCurrency": "USD", "cik": "0001090727", "fillingDate": "2000-03-30", "acceptedDate": "2000-03-30 00:00:00", "calendarYear": "1999", "period": "FY", "revenue": 27052000000, "costOfRevenue": 6640000000, "grossProfit": 20412000000, "grossProfitRatio": 0.7545467988, "researchAndDevelopmentExpenses": 0, "generalAndAdministrativeExpenses": 0, "sellingAndMarketingExpenses": 0, "sellingGeneralAndAdministrativeExpenses": 15285000000, "otherExpenses": 5993000000, "operatingExpenses": 21278000000, "costAndExpenses": 27918000000, "interestIncome": 0, "interestExpense": 0, "depreciationAndAmortization": 1139000000, "ebitda": 3731000000, "ebitdaratio": 0.1379195623, "operatingIncome": 3988000000, "operatingIncomeRatio": 0.1474197841, "totalOtherIncomeExpensesNet": -3458000000, "incomeBeforeTax": 2088000000, "incomeBeforeTaxRatio": 0.0771846814, "incomeTaxExpense": 1205000000, "netIncome": 883000000, "netIncomeRatio": 0.0326408399, "eps": 0.79, "epsdiluted": 0.77, "weightedAverageShsOut": 1117721519, "weightedAverageShsOutDil": 1146753247, "link": "https://www.sec.gov/Archives/edgar/data/1090727/000093176300000749/0000931763-00-000749-index.html", "finalLink": "https://www.sec.gov/Archives/edgar/data/1090727/000093176300000749/", "calculatedOtherExpenses": 1139000000, "calculatedOperatingExpenses": 16424000000, "calculatedNetInterest": 0, "calculatedOtherIncome": -1900000000, "calculatedIncomeNonControlling": 0, "calculatedEbitda": 5127000000}, {"date": "1998-12-31", "symbol": "UPS", "reportedCurrency": "USD", "cik": "0001090727", "fillingDate": "1998-12-31", "acceptedDate": "1998-12-30 19:00:00", "calendarYear": "1998", "period": "FY", "revenue": 24788000000, "costOfRevenue": 6240000000, "grossProfit": 18548000000, "grossProfitRatio": 0.7482652897, "researchAndDevelopmentExpenses": 0, "generalAndAdministrativeExpenses": 0, "sellingAndMarketingExpenses": 0, "sellingGeneralAndAdministrativeExpenses": 14346000000, "otherExpenses": 1112000000, "operatingExpenses": 15458000000, "costAndExpenses": 21698000000, "interestIncome": 0, "interestExpense": 0, "depreciationAndAmortization": -1112000000, "ebitda": 4163000000, "ebitdaratio": 0.1679441665, "operatingIncome": 3090000000, "operatingIncomeRatio": 0.1246570921, "totalOtherIncomeExpensesNet": 39000000, "incomeBeforeTax": 2902000000, "incomeBeforeTaxRatio": 0.1170727772, "incomeTaxExpense": 1161000000, "netIncome": 1741000000, "netIncomeRatio": 0.0702355979, "eps": 1.59, "epsdiluted": 1.57, "weightedAverageShsOut": 1094968553, "weightedAverageShsOutDil": 1108917197, "link": "", "finalLink": "", "calculatedOtherExpenses": 1112000000, "calculatedOperatingExpenses": 15458000000, "calculatedNetInterest": 0, "calculatedOtherIncome": -188000000, "calculatedIncomeNonControlling": 0, "calculatedEbitda": 1978000000}]}