{"originalCurrency": "USD", "convertedCurrency": "USD", "report": [{"date": "2024-01-31", "symbol": "URBN", "reportedCurrency": "USD", "cik": "0000912615", "fillingDate": "2024-04-01", "acceptedDate": "2024-04-01 16:10:45", "calendarYear": "2024", "period": "FY", "revenue": 5153237000, "costOfRevenue": 3425958000, "grossProfit": 1727279000, "grossProfitRatio": 0.3351833032, "researchAndDevelopmentExpenses": 0, "generalAndAdministrativeExpenses": 937269000, "sellingAndMarketingExpenses": 401936000, "sellingGeneralAndAdministrativeExpenses": 1339205000, "otherExpenses": -4157000, "operatingExpenses": 1339205000, "costAndExpenses": 4765163000, "interestIncome": 23631000, "interestExpense": 7662000, "depreciationAndAmortization": 102487000, "ebitda": 490561000, "ebitdaratio": 0.0951947291, "operatingIncome": 388074000, "operatingIncomeRatio": 0.0753068411, "totalOtherIncomeExpensesNet": -6467000, "incomeBeforeTax": 381607000, "incomeBeforeTaxRatio": 0.0740519017, "incomeTaxExpense": 93933000, "netIncome": 287674000, "netIncomeRatio": 0.0558239413, "eps": 3.1, "epsdiluted": 3.05, "weightedAverageShsOut": 92697751, "weightedAverageShsOutDil": 94327785, "link": "https://www.sec.gov/Archives/edgar/data/912615/000095017024039320/0000950170-24-039320-index.htm", "finalLink": "https://www.sec.gov/Archives/edgar/data/912615/000095017024039320/urbn-20240131.htm", "calculatedOtherExpenses": 0, "calculatedOperatingExpenses": 1339205000, "calculatedNetInterest": 15969000, "calculatedOtherIncome": -22436000, "calculatedIncomeNonControlling": 0, "calculatedEbitda": 490561000}, {"date": "2023-01-31", "symbol": "URBN", "reportedCurrency": "USD", "cik": "0000912615", "fillingDate": "2023-04-03", "acceptedDate": "2023-04-03 16:25:16", "calendarYear": "2023", "period": "FY", "revenue": 4795244000, "costOfRevenue": 3368028000, "grossProfit": 1427216000, "grossProfitRatio": 0.2976315699, "researchAndDevelopmentExpenses": 0, "generalAndAdministrativeExpenses": 855945000, "sellingAndMarketingExpenses": 344648000, "sellingGeneralAndAdministrativeExpenses": 1200593000, "otherExpenses": -5344000, "operatingExpenses": 1200593000, "costAndExpenses": 4568621000, "interestIncome": 2041000, "interestExpense": 1315000, "depreciationAndAmortization": 102339000, "ebitda": 328962000, "ebitdaratio": 0.0686017229, "operatingIncome": 226623000, "operatingIncomeRatio": 0.0472599517, "totalOtherIncomeExpensesNet": -5344000, "incomeBeforeTax": 221279000, "incomeBeforeTaxRatio": 0.0461455142, "incomeTaxExpense": 61580000, "netIncome": 159699000, "netIncomeRatio": 0.0333036233, "eps": 1.71, "epsdiluted": 1.7, "weightedAverageShsOut": 93199874, "weightedAverageShsOutDil": 94144062, "link": "https://www.sec.gov/Archives/edgar/data/912615/000095017023011597/0000950170-23-011597-index.htm", "finalLink": "https://www.sec.gov/Archives/edgar/data/912615/000095017023011597/urbn-20230131.htm", "calculatedOtherExpenses": 0, "calculatedOperatingExpenses": 1200593000, "calculatedNetInterest": 726000, "calculatedOtherIncome": -6070000, "calculatedIncomeNonControlling": 0, "calculatedEbitda": 328962000}, {"date": "2022-01-31", "symbol": "URBN", "reportedCurrency": "USD", "cik": "0000912615", "fillingDate": "2022-04-01", "acceptedDate": "2022-04-01 16:11:03", "calendarYear": "2022", "period": "FY", "revenue": 4548763000, "costOfRevenue": 3054813000, "grossProfit": 1493950000, "grossProfitRatio": 0.328429949, "researchAndDevelopmentExpenses": 0, "generalAndAdministrativeExpenses": 771565000, "sellingAndMarketingExpenses": 313819000, "sellingGeneralAndAdministrativeExpenses": 1085384000, "otherExpenses": -3935000, "operatingExpenses": 1085384000, "costAndExpenses": 4140197000, "interestIncome": 2343000, "interestExpense": 1104000, "depreciationAndAmortization": 105672000, "ebitda": 514238000, "ebitdaratio": 0.1130500754, "operatingIncome": 408566000, "operatingIncomeRatio": 0.0898191442, "totalOtherIncomeExpensesNet": -3935000, "incomeBeforeTax": 404631000, "incomeBeforeTaxRatio": 0.0889540739, "incomeTaxExpense": 94015000, "netIncome": 310616000, "netIncomeRatio": 0.0682858175, "eps": 3.17, "epsdiluted": 3.13, "weightedAverageShsOut": 98022583, "weightedAverageShsOutDil": 99268705, "link": "https://www.sec.gov/Archives/edgar/data/912615/000156459022013232/0001564590-22-013232-index.htm", "finalLink": "https://www.sec.gov/Archives/edgar/data/912615/000156459022013232/urbn-10k_20220131.htm", "calculatedOtherExpenses": 0, "calculatedOperatingExpenses": 1085384000, "calculatedNetInterest": 1239000, "calculatedOtherIncome": -5174000, "calculatedIncomeNonControlling": 0, "calculatedEbitda": 514238000}, {"date": "2021-01-31", "symbol": "URBN", "reportedCurrency": "USD", "cik": "0000912615", "fillingDate": "2021-04-01", "acceptedDate": "2021-04-01 16:17:15", "calendarYear": "2021", "period": "FY", "revenue": 3449749000, "costOfRevenue": 2587843000, "grossProfit": 861906000, "grossProfitRatio": 0.2498460033, "researchAndDevelopmentExpenses": 0, "generalAndAdministrativeExpenses": 628907000, "sellingAndMarketingExpenses": 229027000, "sellingGeneralAndAdministrativeExpenses": 857934000, "otherExpenses": -459000, "operatingExpenses": 857934000, "costAndExpenses": 3445777000, "interestIncome": 3119000, "interestExpense": 3405000, "depreciationAndAmortization": 103771000, "ebitda": 107743000, "ebitdaratio": 0.0312321273, "operatingIncome": 3972000, "operatingIncomeRatio": 0.0011513881, "totalOtherIncomeExpensesNet": -459000, "incomeBeforeTax": 3513000, "incomeBeforeTaxRatio": 0.001018335, "incomeTaxExpense": 2277000, "netIncome": 1236000, "netIncomeRatio": 0.0003582869, "eps": 0.0126, "epsdiluted": 0.0126, "weightedAverageShsOut": 97817651, "weightedAverageShsOutDil": 98522776, "link": "https://www.sec.gov/Archives/edgar/data/912615/000156459021017306/0001564590-21-017306-index.htm", "finalLink": "https://www.sec.gov/Archives/edgar/data/912615/000156459021017306/urbn-10k_20210131.htm", "calculatedOtherExpenses": 0, "calculatedOperatingExpenses": 857934000, "calculatedNetInterest": -286000, "calculatedOtherIncome": -173000, "calculatedIncomeNonControlling": 0, "calculatedEbitda": 107743000}, {"date": "2020-01-31", "symbol": "URBN", "reportedCurrency": "USD", "cik": "0000912615", "fillingDate": "2020-03-31", "acceptedDate": "2020-03-31 09:31:53", "calendarYear": "2020", "period": "FY", "revenue": 3983789000, "costOfRevenue": 2743963000, "grossProfit": 1239826000, "grossProfitRatio": 0.3112177879, "researchAndDevelopmentExpenses": 0, "generalAndAdministrativeExpenses": 786262000, "sellingAndMarketingExpenses": 207728000, "sellingGeneralAndAdministrativeExpenses": 993990000, "otherExpenses": 7795200, "operatingExpenses": 993990000, "costAndExpenses": 3737953000, "interestIncome": 10638000, "interestExpense": 1202000, "depreciationAndAmortization": 112256000, "ebitda": 259747000, "ebitdaratio": 0.0652009933, "operatingIncome": 147491000, "operatingIncomeRatio": 0.0370227941, "totalOtherIncomeExpensesNet": 92229000, "incomeBeforeTax": 239720000, "incomeBeforeTaxRatio": 0.0601738697, "incomeTaxExpense": 71624000, "netIncome": 168096000, "netIncomeRatio": 0.0421950058, "eps": 1.68, "epsdiluted": 1.67, "weightedAverageShsOut": 99833011, "weightedAverageShsOutDil": 100588677, "link": "https://www.sec.gov/Archives/edgar/data/912615/000156459020014397/0001564590-20-014397-index.htm", "finalLink": "https://www.sec.gov/Archives/edgar/data/912615/000156459020014397/urbn-10k_20200131.htm", "calculatedOtherExpenses": 98345000, "calculatedOperatingExpenses": 1092335000, "calculatedNetInterest": 9436000, "calculatedOtherIncome": 82793000, "calculatedIncomeNonControlling": 0, "calculatedEbitda": 259747000}, {"date": "2019-01-31", "symbol": "URBN", "reportedCurrency": "USD", "cik": "0000912615", "fillingDate": "2019-04-01", "acceptedDate": "2019-04-01 16:25:05", "calendarYear": "2019", "period": "FY", "revenue": 3950623000, "costOfRevenue": 2603911000, "grossProfit": 1346712000, "grossProfitRatio": 0.3408859818, "researchAndDevelopmentExpenses": 0, "generalAndAdministrativeExpenses": 780733000, "sellingAndMarketingExpenses": 184666000, "sellingGeneralAndAdministrativeExpenses": 965399000, "otherExpenses": 4240100, "operatingExpenses": 965399000, "costAndExpenses": 3569310000, "interestIncome": 9530000, "interestExpense": 0, "depreciationAndAmortization": 117986000, "ebitda": 381313000, "ebitdaratio": 0.0965197135, "operatingIncome": 381313000, "operatingIncomeRatio": 0.0965197135, "totalOtherIncomeExpensesNet": 4240100, "incomeBeforeTax": 385553000, "incomeBeforeTaxRatio": 0.0975929619, "incomeTaxExpense": 87550000, "netIncome": 298003000, "netIncomeRatio": 0.0754319002, "eps": 2.75, "epsdiluted": 2.72, "weightedAverageShsOut": 108303594, "weightedAverageShsOutDil": 109706007, "link": "https://www.sec.gov/Archives/edgar/data/912615/000156459019010433/0001564590-19-010433-index.htm", "finalLink": "https://www.sec.gov/Archives/edgar/data/912615/000156459019010433/urbn-10k_20190131.htm", "calculatedOtherExpenses": 0, "calculatedOperatingExpenses": 965399000, "calculatedNetInterest": 9530000, "calculatedOtherIncome": -5290000, "calculatedIncomeNonControlling": 0, "calculatedEbitda": 499299000}, {"date": "2018-01-31", "symbol": "URBN", "reportedCurrency": "USD", "cik": "0000912615", "fillingDate": "2018-04-02", "acceptedDate": "2018-04-02 16:11:32", "calendarYear": "2018", "period": "FY", "revenue": 3616014000, "costOfRevenue": 2440507000, "grossProfit": 1175507000, "grossProfitRatio": 0.3250836418, "researchAndDevelopmentExpenses": 0, "generalAndAdministrativeExpenses": 743884000, "sellingAndMarketingExpenses": 171731000, "sellingGeneralAndAdministrativeExpenses": 915615000, "otherExpenses": 1474000, "operatingExpenses": 915615000, "costAndExpenses": 3356122000, "interestIncome": 4879000, "interestExpense": 0, "depreciationAndAmortization": 128408000, "ebitda": 259892000, "ebitdaratio": 0.0718725093, "operatingIncome": 259892000, "operatingIncomeRatio": 0.0718725093, "totalOtherIncomeExpensesNet": 1474000, "incomeBeforeTax": 261366000, "incomeBeforeTaxRatio": 0.0722801405, "incomeTaxExpense": 153103000, "netIncome": 108263000, "netIncomeRatio": 0.029939873, "eps": 0.97, "epsdiluted": 0.96, "weightedAverageShsOut": 111887308, "weightedAverageShsOutDil": 112367924, "link": "https://www.sec.gov/Archives/edgar/data/912615/000156459018007408/0001564590-18-007408-index.htm", "finalLink": "https://www.sec.gov/Archives/edgar/data/912615/000156459018007408/urbn-10k_20180131.htm", "calculatedOtherExpenses": 0, "calculatedOperatingExpenses": 915615000, "calculatedNetInterest": 4879000, "calculatedOtherIncome": -3405000, "calculatedIncomeNonControlling": 0, "calculatedEbitda": 388300000}, {"date": "2017-01-31", "symbol": "URBN", "reportedCurrency": "USD", "cik": "0000912615", "fillingDate": "2017-04-03", "acceptedDate": "2017-04-03 16:16:10", "calendarYear": "2017", "period": "FY", "revenue": 3545794000, "costOfRevenue": 2301181000, "grossProfit": 1244613000, "grossProfitRatio": 0.3510110852, "researchAndDevelopmentExpenses": 0, "generalAndAdministrativeExpenses": 747690000, "sellingAndMarketingExpenses": 158396000, "sellingGeneralAndAdministrativeExpenses": 906086000, "otherExpenses": -428000, "operatingExpenses": 906086000, "costAndExpenses": 3207267000, "interestIncome": 1879000, "interestExpense": 0, "depreciationAndAmortization": 135330000, "ebitda": 338527000, "ebitdaratio": 0.0954728334, "operatingIncome": 338527000, "operatingIncomeRatio": 0.0954728334, "totalOtherIncomeExpensesNet": -428000, "incomeBeforeTax": 338099000, "incomeBeforeTaxRatio": 0.0953521271, "incomeTaxExpense": 119979000, "netIncome": 218120000, "netIncomeRatio": 0.061515136, "eps": 1.87, "epsdiluted": 1.86, "weightedAverageShsOut": 116873023, "weightedAverageShsOutDil": 117291117, "link": "https://www.sec.gov/Archives/edgar/data/912615/000119312517108506/0001193125-17-108506-index.htm", "finalLink": "https://www.sec.gov/Archives/edgar/data/912615/000119312517108506/d286750d10k.htm", "calculatedOtherExpenses": 0, "calculatedOperatingExpenses": 906086000, "calculatedNetInterest": 1879000, "calculatedOtherIncome": -2307000, "calculatedIncomeNonControlling": 0, "calculatedEbitda": 473857000}, {"date": "2016-01-31", "symbol": "URBN", "reportedCurrency": "USD", "cik": "0000912615", "fillingDate": "2016-03-31", "acceptedDate": "2016-03-31 16:16:51", "calendarYear": "2016", "period": "FY", "revenue": 3445134000, "costOfRevenue": 2243232000, "grossProfit": 1201902000, "grossProfitRatio": 0.3488694489, "researchAndDevelopmentExpenses": 0, "generalAndAdministrativeExpenses": 702216000, "sellingAndMarketingExpenses": 146107000, "sellingGeneralAndAdministrativeExpenses": 848323000, "otherExpenses": -3548000, "operatingExpenses": 848323000, "costAndExpenses": 3091555000, "interestIncome": 943000, "interestExpense": 0, "depreciationAndAmortization": 142722000, "ebitda": 353579000, "ebitdaratio": 0.1026314216, "operatingIncome": 353579000, "operatingIncomeRatio": 0.1026314216, "totalOtherIncomeExpensesNet": -3548000, "incomeBeforeTax": 350031000, "incomeBeforeTaxRatio": 0.1016015632, "incomeTaxExpense": 125542000, "netIncome": 224489000, "netIncomeRatio": 0.065161181, "eps": 1.79, "epsdiluted": 1.78, "weightedAverageShsOut": 125232499, "weightedAverageShsOutDil": 126013414, "link": "https://www.sec.gov/Archives/edgar/data/912615/000119312516525832/0001193125-16-525832-index.htm", "finalLink": "https://www.sec.gov/Archives/edgar/data/912615/000119312516525832/d118719d10k.htm", "calculatedOtherExpenses": 0, "calculatedOperatingExpenses": 848323000, "calculatedNetInterest": 943000, "calculatedOtherIncome": -4491000, "calculatedIncomeNonControlling": 0, "calculatedEbitda": 496301000}, {"date": "2015-01-31", "symbol": "URBN", "reportedCurrency": "USD", "cik": "0000912615", "fillingDate": "2015-04-01", "acceptedDate": "2015-04-01 16:05:13", "calendarYear": "2015", "period": "FY", "revenue": 3323077000, "costOfRevenue": 2148147000, "grossProfit": 1174930000, "grossProfitRatio": 0.35356689, "researchAndDevelopmentExpenses": 0, "generalAndAdministrativeExpenses": 678480000, "sellingAndMarketingExpenses": 131065000, "sellingGeneralAndAdministrativeExpenses": 809545000, "otherExpenses": -1935000, "operatingExpenses": 809545000, "costAndExpenses": 2957692000, "interestIncome": 2319000, "interestExpense": 0, "depreciationAndAmortization": 138110000, "ebitda": 365385000, "ebitdaratio": 0.1099538169, "operatingIncome": 365385000, "operatingIncomeRatio": 0.1099538169, "totalOtherIncomeExpensesNet": -1935000, "incomeBeforeTax": 363450000, "incomeBeforeTaxRatio": 0.1093715252, "incomeTaxExpense": 131022000, "netIncome": 232428000, "netIncomeRatio": 0.0699436095, "eps": 1.7, "epsdiluted": 1.68, "weightedAverageShsOut": 136651899, "weightedAverageShsOutDil": 138192734, "link": "https://www.sec.gov/Archives/edgar/data/912615/000119312515116065/0001193125-15-116065-index.htm", "finalLink": "https://www.sec.gov/Archives/edgar/data/912615/000119312515116065/d840497d10k.htm", "calculatedOtherExpenses": 0, "calculatedOperatingExpenses": 809545000, "calculatedNetInterest": 2319000, "calculatedOtherIncome": -4254000, "calculatedIncomeNonControlling": 0, "calculatedEbitda": 503495000}, {"date": "2014-01-31", "symbol": "URBN", "reportedCurrency": "USD", "cik": "0000912615", "fillingDate": "2014-04-01", "acceptedDate": "2014-04-01 16:18:31", "calendarYear": "2014", "period": "FY", "revenue": 3086608000, "costOfRevenue": 1925266000, "grossProfit": 1161342000, "grossProfitRatio": 0.3762518596, "researchAndDevelopmentExpenses": 0, "generalAndAdministrativeExpenses": 642896000, "sellingAndMarketingExpenses": 91615000, "sellingGeneralAndAdministrativeExpenses": 734511000, "otherExpenses": 687000, "operatingExpenses": 734511000, "costAndExpenses": 2659777000, "interestIncome": 2713000, "interestExpense": 0, "depreciationAndAmortization": 132664000, "ebitda": 426831000, "ebitdaratio": 0.1382848097, "operatingIncome": 426831000, "operatingIncomeRatio": 0.1382848097, "totalOtherIncomeExpensesNet": 687000, "incomeBeforeTax": 427518000, "incomeBeforeTaxRatio": 0.1385073842, "incomeTaxExpense": 145158000, "netIncome": 282360000, "netIncomeRatio": 0.0914790605, "eps": 1.92, "epsdiluted": 1.89, "weightedAverageShsOut": 147014869, "weightedAverageShsOutDil": 149225906, "link": "https://www.sec.gov/Archives/edgar/data/912615/000119312514125999/0001193125-14-125999-index.htm", "finalLink": "https://www.sec.gov/Archives/edgar/data/912615/000119312514125999/d667513d10k.htm", "calculatedOtherExpenses": 0, "calculatedOperatingExpenses": 734511000, "calculatedNetInterest": 2713000, "calculatedOtherIncome": -2026000, "calculatedIncomeNonControlling": 0, "calculatedEbitda": 559495000}, {"date": "2013-01-31", "symbol": "URBN", "reportedCurrency": "USD", "cik": "0000912615", "fillingDate": "2013-04-01", "acceptedDate": "2013-04-01 16:37:27", "calendarYear": "2013", "period": "FY", "revenue": 2794925000, "costOfRevenue": 1763394000, "grossProfit": 1031531000, "grossProfitRatio": 0.3690728732, "researchAndDevelopmentExpenses": 0, "generalAndAdministrativeExpenses": 575302000, "sellingAndMarketingExpenses": 81944000, "sellingGeneralAndAdministrativeExpenses": 657246000, "otherExpenses": 1287000, "operatingExpenses": 657246000, "costAndExpenses": 2420640000, "interestIncome": 2126000, "interestExpense": 0, "depreciationAndAmortization": 118664000, "ebitda": 374285000, "ebitdaratio": 0.1339159369, "operatingIncome": 374285000, "operatingIncomeRatio": 0.1339159369, "totalOtherIncomeExpensesNet": 1287000, "incomeBeforeTax": 375572000, "incomeBeforeTaxRatio": 0.1343764144, "incomeTaxExpense": 138258000, "netIncome": 237314000, "netIncomeRatio": 0.0849088974, "eps": 1.63, "epsdiluted": 1.62, "weightedAverageShsOut": 145253691, "weightedAverageShsOutDil": 146663731, "link": "https://www.sec.gov/Archives/edgar/data/912615/000119312513136738/0001193125-13-136738-index.htm", "finalLink": "https://www.sec.gov/Archives/edgar/data/912615/000119312513136738/d456844d10k.htm", "calculatedOtherExpenses": 0, "calculatedOperatingExpenses": 657246000, "calculatedNetInterest": 2126000, "calculatedOtherIncome": -839000, "calculatedIncomeNonControlling": 0, "calculatedEbitda": 492949000}, {"date": "2012-01-31", "symbol": "URBN", "reportedCurrency": "USD", "cik": "0000912615", "fillingDate": "2012-04-02", "acceptedDate": "2012-04-02 16:13:44", "calendarYear": "2012", "period": "FY", "revenue": 2473801000, "costOfRevenue": 1613265000, "grossProfit": 860536000, "grossProfitRatio": 0.3478598319, "researchAndDevelopmentExpenses": 0, "generalAndAdministrativeExpenses": 0, "sellingAndMarketingExpenses": 0, "sellingGeneralAndAdministrativeExpenses": 575811000, "otherExpenses": 4106000, "operatingExpenses": 575811000, "costAndExpenses": 2189076000, "interestIncome": 5120000, "interestExpense": 0, "depreciationAndAmortization": 108112000, "ebitda": 284725000, "ebitdaratio": 0.1150961617, "operatingIncome": 284725000, "operatingIncomeRatio": 0.1150961617, "totalOtherIncomeExpensesNet": 4106000, "incomeBeforeTax": 288831000, "incomeBeforeTaxRatio": 0.1167559557, "incomeTaxExpense": 103580000, "netIncome": 185251000, "netIncomeRatio": 0.0748851666, "eps": 1.2, "epsdiluted": 1.19, "weightedAverageShsOut": 154025589, "weightedAverageShsOutDil": 156191289, "link": "https://www.sec.gov/Archives/edgar/data/912615/000119312512146029/0001193125-12-146029-index.htm", "finalLink": "https://www.sec.gov/Archives/edgar/data/912615/000119312512146029/d276682d10k.htm", "calculatedOtherExpenses": 0, "calculatedOperatingExpenses": 575811000, "calculatedNetInterest": 5120000, "calculatedOtherIncome": -1014000, "calculatedIncomeNonControlling": 0, "calculatedEbitda": 392837000}, {"date": "2011-01-31", "symbol": "URBN", "reportedCurrency": "USD", "cik": "0000912615", "fillingDate": "2011-04-01", "acceptedDate": "2011-04-01 07:05:33", "calendarYear": "2011", "period": "FY", "revenue": 2274102000, "costOfRevenue": 1337482000, "grossProfit": 936620000, "grossProfitRatio": 0.4118636719, "researchAndDevelopmentExpenses": 0, "generalAndAdministrativeExpenses": 0, "sellingAndMarketingExpenses": 0, "sellingGeneralAndAdministrativeExpenses": 522417000, "otherExpenses": 0, "operatingExpenses": 522417000, "costAndExpenses": 1859899000, "interestIncome": 4669000, "interestExpense": 0, "depreciationAndAmortization": 101105000, "ebitda": 411198000, "ebitdaratio": 0.180817747, "operatingIncome": 414203000, "operatingIncomeRatio": 0.1821391477, "totalOtherIncomeExpensesNet": 3005000, "incomeBeforeTax": 417208000, "incomeBeforeTaxRatio": 0.1834605484, "incomeTaxExpense": 144250000, "netIncome": 272958000, "netIncomeRatio": 0.1200289169, "eps": 1.64, "epsdiluted": 1.6, "weightedAverageShsOut": 166896322, "weightedAverageShsOutDil": 170333550, "link": "https://www.sec.gov/Archives/edgar/data/912615/000119312511085784/0001193125-11-085784-index.htm", "finalLink": "https://www.sec.gov/Archives/edgar/data/912615/000119312511085784/d10k.htm", "calculatedOtherExpenses": 0, "calculatedOperatingExpenses": 522417000, "calculatedNetInterest": 4669000, "calculatedOtherIncome": -1664000, "calculatedIncomeNonControlling": 0, "calculatedEbitda": 515308000}, {"date": "2010-01-31", "symbol": "URBN", "reportedCurrency": "USD", "cik": "0000912615", "fillingDate": "2010-04-01", "acceptedDate": "2010-03-31 19:57:22", "calendarYear": "2010", "period": "FY", "revenue": 1937815000, "costOfRevenue": 1151670000, "grossProfit": 786145000, "grossProfitRatio": 0.4056863013, "researchAndDevelopmentExpenses": 0, "generalAndAdministrativeExpenses": 0, "sellingAndMarketingExpenses": 0, "sellingGeneralAndAdministrativeExpenses": 447161000, "otherExpenses": 0, "operatingExpenses": 447161000, "costAndExpenses": 1598831000, "interestIncome": 6290000, "interestExpense": 0, "depreciationAndAmortization": 92350000, "ebitda": 333562000, "ebitdaratio": 0.1721330468, "operatingIncome": 338984000, "operatingIncomeRatio": 0.1749310435, "totalOtherIncomeExpensesNet": 5422000, "incomeBeforeTax": 344406000, "incomeBeforeTaxRatio": 0.1777290402, "incomeTaxExpense": 124513000, "netIncome": 219893000, "netIncomeRatio": 0.1134747125, "eps": 1.31, "epsdiluted": 1.28, "weightedAverageShsOut": 168053502, "weightedAverageShsOutDil": 171230245, "link": "https://www.sec.gov/Archives/edgar/data/912615/000119312510073888/0001193125-10-073888-index.htm", "finalLink": "https://www.sec.gov/Archives/edgar/data/912615/000119312510073888/d10k.htm", "calculatedOtherExpenses": 0, "calculatedOperatingExpenses": 447161000, "calculatedNetInterest": 6290000, "calculatedOtherIncome": -868000, "calculatedIncomeNonControlling": 0, "calculatedEbitda": 431334000}, {"date": "2009-01-31", "symbol": "URBN", "reportedCurrency": "USD", "cik": "0000912615", "fillingDate": "2009-04-01", "acceptedDate": "2009-03-31 18:53:25", "calendarYear": "2009", "period": "FY", "revenue": 1834618000, "costOfRevenue": 1121140000, "grossProfit": 713478000, "grossProfitRatio": 0.3888973072, "researchAndDevelopmentExpenses": 0, "generalAndAdministrativeExpenses": 0, "sellingAndMarketingExpenses": 0, "sellingGeneralAndAdministrativeExpenses": 414043000, "otherExpenses": 0, "operatingExpenses": 414043000, "costAndExpenses": 1535183000, "interestIncome": 11504000, "interestExpense": 0, "depreciationAndAmortization": 81949000, "ebitda": 382833000, "ebitdaratio": 0.208671778, "operatingIncome": 299435000, "operatingIncomeRatio": 0.1632138134, "totalOtherIncomeExpensesNet": -1449000, "incomeBeforeTax": 309490000, "incomeBeforeTaxRatio": 0.1686945184, "incomeTaxExpense": 110126000, "netIncome": 199364000, "netIncomeRatio": 0.1086678535, "eps": 1.2, "epsdiluted": 1.17, "weightedAverageShsOut": 166793062, "weightedAverageShsOutDil": 170860605, "link": "https://www.sec.gov/Archives/edgar/data/912615/000119312509069726/0001193125-09-069726-index.htm", "finalLink": "https://www.sec.gov/Archives/edgar/data/912615/000119312509069726/d10k.htm", "calculatedOtherExpenses": 0, "calculatedOperatingExpenses": 414043000, "calculatedNetInterest": 11504000, "calculatedOtherIncome": -1449000, "calculatedIncomeNonControlling": 0, "calculatedEbitda": 381384000}, {"date": "2008-01-31", "symbol": "URBN", "reportedCurrency": "USD", "cik": "0000912615", "fillingDate": "2008-03-28", "acceptedDate": "2008-03-28 07:18:09", "calendarYear": "2008", "period": "FY", "revenue": 1507724000, "costOfRevenue": 930952000, "grossProfit": 576772000, "grossProfitRatio": 0.3825448159, "researchAndDevelopmentExpenses": 0, "generalAndAdministrativeExpenses": 0, "sellingAndMarketingExpenses": 0, "sellingGeneralAndAdministrativeExpenses": 351827000, "otherExpenses": 0, "operatingExpenses": 351827000, "costAndExpenses": 1282779000, "interestIncome": 9390000, "interestExpense": 0, "depreciationAndAmortization": 70017000, "ebitda": 294902000, "ebitdaratio": 0.1955941538, "operatingIncome": 224945000, "operatingIncomeRatio": 0.1491950781, "totalOtherIncomeExpensesNet": 60000, "incomeBeforeTax": 234395000, "incomeBeforeTaxRatio": 0.1554628035, "incomeTaxExpense": 74164000, "netIncome": 160231000, "netIncomeRatio": 0.1062734294, "eps": 0.97, "epsdiluted": 0.94, "weightedAverageShsOut": 165305207, "weightedAverageShsOutDil": 169640585, "link": "https://www.sec.gov/Archives/edgar/data/912615/000119312508068073/0001193125-08-068073-index.htm", "finalLink": "https://www.sec.gov/Archives/edgar/data/912615/000119312508068073/d10k.htm", "calculatedOtherExpenses": 0, "calculatedOperatingExpenses": 351827000, "calculatedNetInterest": 9390000, "calculatedOtherIncome": 60000, "calculatedIncomeNonControlling": 0, "calculatedEbitda": 294962000}, {"date": "2007-01-31", "symbol": "URBN", "reportedCurrency": "USD", "cik": "0000912615", "fillingDate": "2007-03-30", "acceptedDate": "2007-03-30 15:28:56", "calendarYear": "2007", "period": "FY", "revenue": 1224717000, "costOfRevenue": 772796000, "grossProfit": 451921000, "grossProfitRatio": 0.3690003487, "researchAndDevelopmentExpenses": 0, "generalAndAdministrativeExpenses": 0, "sellingAndMarketingExpenses": 0, "sellingGeneralAndAdministrativeExpenses": 287932000, "otherExpenses": 0, "operatingExpenses": 287932000, "costAndExpenses": 1060728000, "interestIncome": 6531000, "interestExpense": 0, "depreciationAndAmortization": 55713000, "ebitda": 220064000, "ebitdaratio": 0.1796855927, "operatingIncome": 163989000, "operatingIncomeRatio": 0.1338995049, "totalOtherIncomeExpensesNet": -362000, "incomeBeforeTax": 170158000, "incomeBeforeTaxRatio": 0.138936587, "incomeTaxExpense": 53952000, "netIncome": 116206000, "netIncomeRatio": 0.0948839609, "eps": 0.71, "epsdiluted": 0.69, "weightedAverageShsOut": 164679786, "weightedAverageShsOutDil": 168652005, "link": "https://www.sec.gov/Archives/edgar/data/912615/000119312507070413/0001193125-07-070413-index.htm", "finalLink": "https://www.sec.gov/Archives/edgar/data/912615/000119312507070413/d10k.htm", "calculatedOtherExpenses": 0, "calculatedOperatingExpenses": 287932000, "calculatedNetInterest": 6531000, "calculatedOtherIncome": -362000, "calculatedIncomeNonControlling": 0, "calculatedEbitda": 219702000}, {"date": "2006-01-31", "symbol": "URBN", "reportedCurrency": "USD", "cik": "0000912615", "fillingDate": "2006-04-12", "acceptedDate": "2006-04-12 15:04:57", "calendarYear": "2006", "period": "FY", "revenue": 1092107000, "costOfRevenue": 643501000, "grossProfit": 448606000, "grossProfitRatio": 0.4107711058, "researchAndDevelopmentExpenses": 0, "generalAndAdministrativeExpenses": 0, "sellingAndMarketingExpenses": 0, "sellingGeneralAndAdministrativeExpenses": 240907000, "otherExpenses": 0, "operatingExpenses": 240907000, "costAndExpenses": 884408000, "interestIncome": 5486000, "interestExpense": 0, "depreciationAndAmortization": 39340000, "ebitda": 247827000, "ebitdaratio": 0.2269255668, "operatingIncome": 207699000, "operatingIncomeRatio": 0.1901819144, "totalOtherIncomeExpensesNet": -788000, "incomeBeforeTax": 212397000, "incomeBeforeTaxRatio": 0.1944836907, "incomeTaxExpense": 81601000, "netIncome": 130796000, "netIncomeRatio": 0.1197648216, "eps": 0.8, "epsdiluted": 0.77, "weightedAverageShsOut": 163717726, "weightedAverageShsOutDil": 169936041, "link": "https://www.sec.gov/Archives/edgar/data/912615/000119312506078640/0001193125-06-078640-index.htm", "finalLink": "https://www.sec.gov/Archives/edgar/data/912615/000119312506078640/d10k.htm", "calculatedOtherExpenses": 0, "calculatedOperatingExpenses": 240907000, "calculatedNetInterest": 5486000, "calculatedOtherIncome": -788000, "calculatedIncomeNonControlling": 0, "calculatedEbitda": 247039000}, {"date": "2005-01-31", "symbol": "URBN", "reportedCurrency": "USD", "cik": "0000912615", "fillingDate": "2005-04-18", "acceptedDate": "2005-04-18 17:24:17", "calendarYear": "2005", "period": "FY", "revenue": 827750000, "costOfRevenue": 489000000, "grossProfit": 338750000, "grossProfitRatio": 0.4092419209, "researchAndDevelopmentExpenses": 0, "generalAndAdministrativeExpenses": 0, "sellingAndMarketingExpenses": 0, "sellingGeneralAndAdministrativeExpenses": 190384000, "otherExpenses": 0, "operatingExpenses": 190384000, "costAndExpenses": 679384000, "interestIncome": 2577000, "interestExpense": 0, "depreciationAndAmortization": 31858000, "ebitda": 180975000, "ebitdaratio": 0.2186348535, "operatingIncome": 148366000, "operatingIncomeRatio": 0.1792401087, "totalOtherIncomeExpensesNet": -751000, "incomeBeforeTax": 150192000, "incomeBeforeTaxRatio": 0.1814460888, "incomeTaxExpense": 59703000, "netIncome": 90489000, "netIncomeRatio": 0.1093192389, "eps": 0.56, "epsdiluted": 0.54, "weightedAverageShsOut": 161419898, "weightedAverageShsOutDil": 167303450, "link": "https://www.sec.gov/Archives/edgar/data/912615/000119312505078716/0001193125-05-078716-index.htm", "finalLink": "https://www.sec.gov/Archives/edgar/data/912615/000119312505078716/d10k.htm", "calculatedOtherExpenses": 0, "calculatedOperatingExpenses": 190384000, "calculatedNetInterest": 2577000, "calculatedOtherIncome": -751000, "calculatedIncomeNonControlling": 0, "calculatedEbitda": 180224000}, {"date": "2004-01-31", "symbol": "URBN", "reportedCurrency": "USD", "cik": "0000912615", "fillingDate": "2004-04-15", "acceptedDate": "2004-04-15 17:09:57", "calendarYear": "2004", "period": "FY", "revenue": 548361000, "costOfRevenue": 334888000, "grossProfit": 213473000, "grossProfitRatio": 0.3892928199, "researchAndDevelopmentExpenses": 0, "generalAndAdministrativeExpenses": 0, "sellingAndMarketingExpenses": 0, "sellingGeneralAndAdministrativeExpenses": 132767000, "otherExpenses": 0, "operatingExpenses": 132767000, "costAndExpenses": 467655000, "interestIncome": 1524000, "interestExpense": 0, "depreciationAndAmortization": 22415000, "ebitda": 104047000, "ebitdaratio": 0.1897417942, "operatingIncome": 80706000, "operatingIncomeRatio": 0.1471767686, "totalOtherIncomeExpensesNet": -926000, "incomeBeforeTax": 51304000, "incomeBeforeTaxRatio": 0.0935588052, "incomeTaxExpense": 32928000, "netIncome": 48376000, "netIncomeRatio": 0.088219257, "eps": 0.31, "epsdiluted": 0.3, "weightedAverageShsOut": 157069852, "weightedAverageShsOutDil": 161662276, "link": "https://www.sec.gov/Archives/edgar/data/912615/000119312504063219/0001193125-04-063219-index.htm", "finalLink": "https://www.sec.gov/Archives/edgar/data/912615/000119312504063219/d10k.htm", "calculatedOtherExpenses": 0, "calculatedOperatingExpenses": 132767000, "calculatedNetInterest": 1524000, "calculatedOtherIncome": -30926000, "calculatedIncomeNonControlling": -30000000, "calculatedEbitda": 103121000}, {"date": "2003-01-31", "symbol": "URBN", "reportedCurrency": "USD", "cik": "0000912615", "fillingDate": "2003-04-28", "acceptedDate": "2003-04-28 16:59:54", "calendarYear": "2003", "period": "FY", "revenue": 422754000, "costOfRevenue": 271963000, "grossProfit": 150791000, "grossProfitRatio": 0.3566873406, "researchAndDevelopmentExpenses": 0, "generalAndAdministrativeExpenses": 0, "sellingAndMarketingExpenses": 0, "sellingGeneralAndAdministrativeExpenses": 105392000, "otherExpenses": 0, "operatingExpenses": 105392000, "costAndExpenses": 377355000, "interestIncome": 1497000, "interestExpense": 0, "depreciationAndAmortization": 18208000, "ebitda": 64430000, "ebitdaratio": 0.1524054178, "operatingIncome": 45399000, "operatingIncomeRatio": 0.1073886941, "totalOtherIncomeExpensesNet": -823000, "incomeBeforeTax": 46073000, "incomeBeforeTaxRatio": 0.1089830019, "incomeTaxExpense": 18660000, "netIncome": 27413000, "netIncomeRatio": 0.0648438572, "eps": 0.18, "epsdiluted": 0.18, "weightedAverageShsOut": 151105824, "weightedAverageShsOutDil": 155107616, "link": "https://www.sec.gov/Archives/edgar/data/912615/000102140803006665/0001021408-03-006665-index.htm", "finalLink": "https://www.sec.gov/Archives/edgar/data/912615/000102140803006665/d10k.htm", "calculatedOtherExpenses": 0, "calculatedOperatingExpenses": 105392000, "calculatedNetInterest": 1497000, "calculatedOtherIncome": -823000, "calculatedIncomeNonControlling": 0, "calculatedEbitda": 63607000}, {"date": "2002-01-01", "symbol": "URBN", "reportedCurrency": "USD", "cik": "0000912615", "fillingDate": "2002-03-22", "acceptedDate": "2002-03-22 00:00:00", "calendarYear": "2002", "period": "FY", "revenue": 348958000, "costOfRevenue": 235311000, "grossProfit": 113647000, "grossProfitRatio": 0.3256752962, "researchAndDevelopmentExpenses": 0, "generalAndAdministrativeExpenses": 0, "sellingAndMarketingExpenses": 0, "sellingGeneralAndAdministrativeExpenses": 88149000, "otherExpenses": 0, "operatingExpenses": 88149000, "costAndExpenses": 323460000, "interestIncome": 318000, "interestExpense": 0, "depreciationAndAmortization": 15462000, "ebitda": 41554000, "ebitdaratio": 0.1190802332, "operatingIncome": 25498000, "operatingIncomeRatio": 0.0730689653, "totalOtherIncomeExpensesNet": -594000, "incomeBeforeTax": 25222000, "incomeBeforeTaxRatio": 0.0722780392, "incomeTaxExpense": 10215000, "netIncome": 15007000, "netIncomeRatio": 0.0430051754, "eps": 0.11, "epsdiluted": 0.11, "weightedAverageShsOut": 138148920, "weightedAverageShsOutDil": 139507656, "link": "https://www.sec.gov/Archives/edgar/data/912615/000095010902001531/0000950109-02-001531-index.htm", "finalLink": "https://www.sec.gov/Archives/edgar/data/912615/000095010902001531/d10k405.htm", "calculatedOtherExpenses": 0, "calculatedOperatingExpenses": 88149000, "calculatedNetInterest": 318000, "calculatedOtherIncome": -594000, "calculatedIncomeNonControlling": 0, "calculatedEbitda": 40960000}, {"date": "2001-01-31", "symbol": "URBN", "reportedCurrency": "USD", "cik": "0000912615", "fillingDate": "2001-04-16", "acceptedDate": "2001-04-16 00:00:00", "calendarYear": "2001", "period": "FY", "revenue": 295333000, "costOfRevenue": 188005000, "grossProfit": 107328000, "grossProfitRatio": 0.3634135027, "researchAndDevelopmentExpenses": 0, "generalAndAdministrativeExpenses": 77453000, "sellingAndMarketingExpenses": 0, "sellingGeneralAndAdministrativeExpenses": 77453000, "otherExpenses": 11997000, "operatingExpenses": 89450000, "costAndExpenses": 277455000, "interestIncome": 0, "interestExpense": 0, "depreciationAndAmortization": 11997000, "ebitda": 30447000, "ebitdaratio": 0.1030937958, "operatingIncome": 17878000, "operatingIncomeRatio": 0.060535057, "totalOtherIncomeExpensesNet": -572000, "incomeBeforeTax": 17787000, "incomeBeforeTaxRatio": 0.0602269303, "incomeTaxExpense": 7292000, "netIncome": 10495000, "netIncomeRatio": 0.0355361575, "eps": 0.075, "epsdiluted": 0.075, "weightedAverageShsOut": 138057488, "weightedAverageShsOutDil": 138198640, "link": "https://www.sec.gov/Archives/edgar/data/912615/000103605001500287/0001036050-01-500287-index.htm", "finalLink": "https://www.sec.gov/Archives/edgar/data/912615/000103605001500287/d10k.txt", "calculatedOtherExpenses": 11997000, "calculatedOperatingExpenses": 89450000, "calculatedNetInterest": 0, "calculatedOtherIncome": -91000, "calculatedIncomeNonControlling": 0, "calculatedEbitda": 29875000}, {"date": "2000-01-31", "symbol": "URBN", "reportedCurrency": "USD", "cik": "0000912615", "fillingDate": "2000-04-14", "acceptedDate": "2000-04-14 00:00:00", "calendarYear": "2000", "period": "FY", "revenue": 276106000, "costOfRevenue": 162989000, "grossProfit": 113117000, "grossProfitRatio": 0.4096868594, "researchAndDevelopmentExpenses": 0, "generalAndAdministrativeExpenses": 66885000, "sellingAndMarketingExpenses": 0, "sellingGeneralAndAdministrativeExpenses": 66885000, "otherExpenses": 8667000, "operatingExpenses": 75552000, "costAndExpenses": 238541000, "interestIncome": 0, "interestExpense": 0, "depreciationAndAmortization": 8667000, "ebitda": 50739000, "ebitdaratio": 0.1837663796, "operatingIncome": 37565000, "operatingIncomeRatio": 0.1360528203, "totalOtherIncomeExpensesNet": -4507000, "incomeBeforeTax": 34849000, "incomeBeforeTaxRatio": 0.1262160185, "incomeTaxExpense": 16169000, "netIncome": 18680000, "netIncomeRatio": 0.0676551759, "eps": 0.13, "epsdiluted": 0.13, "weightedAverageShsOut": 140255768, "weightedAverageShsOutDil": 142754848, "link": "https://www.sec.gov/Archives/edgar/data/912615/000095011500000552/0000950115-00-000552-index.html", "finalLink": "https://www.sec.gov/Archives/edgar/data/912615/000095011500000552/", "calculatedOtherExpenses": 8667000, "calculatedOperatingExpenses": 75552000, "calculatedNetInterest": 0, "calculatedOtherIncome": -2716000, "calculatedIncomeNonControlling": 0, "calculatedEbitda": 46232000}, {"date": "1999-01-31", "symbol": "URBN", "reportedCurrency": "USD", "cik": "0000912615", "fillingDate": "1999-04-21", "acceptedDate": "1999-04-21 00:00:00", "calendarYear": "1999", "period": "FY", "revenue": 209000000, "costOfRevenue": 124000000, "grossProfit": 85000000, "grossProfitRatio": 0.4066985646, "researchAndDevelopmentExpenses": 0, "generalAndAdministrativeExpenses": 54200000, "sellingAndMarketingExpenses": 0, "sellingGeneralAndAdministrativeExpenses": 54200000, "otherExpenses": 5600000, "operatingExpenses": 59800000, "costAndExpenses": 183800000, "interestIncome": 0, "interestExpense": 0, "depreciationAndAmortization": 5600000, "ebitda": 29200000, "ebitdaratio": 0.1397129187, "operatingIncome": 25200000, "operatingIncomeRatio": 0.1205741627, "totalOtherIncomeExpensesNet": 1600000, "incomeBeforeTax": 26800000, "incomeBeforeTaxRatio": 0.1282296651, "incomeTaxExpense": 11000000, "netIncome": 15800000, "netIncomeRatio": 0.0755980861, "eps": 0.11, "epsdiluted": 0.11, "weightedAverageShsOut": 141623376, "weightedAverageShsOutDil": 143432872, "link": "https://www.sec.gov/Archives/edgar/data/912615/000095011599000575/0000950115-99-000575-index.html", "finalLink": "https://www.sec.gov/Archives/edgar/data/912615/", "calculatedOtherExpenses": 5600000, "calculatedOperatingExpenses": 59800000, "calculatedNetInterest": 0, "calculatedOtherIncome": 1600000, "calculatedIncomeNonControlling": 0, "calculatedEbitda": 30800000}, {"date": "1998-01-31", "symbol": "URBN", "reportedCurrency": "USD", "cik": "0000912615", "fillingDate": "1998-04-22", "acceptedDate": "1998-04-22 00:00:00", "calendarYear": "1998", "period": "FY", "revenue": 173100000, "costOfRevenue": 82800000, "grossProfit": 90300000, "grossProfitRatio": 0.5216637782, "researchAndDevelopmentExpenses": 0, "generalAndAdministrativeExpenses": 63700000, "sellingAndMarketingExpenses": 0, "sellingGeneralAndAdministrativeExpenses": 63700000, "otherExpenses": 4600000, "operatingExpenses": 68300000, "costAndExpenses": 151100000, "interestIncome": 0, "interestExpense": 0, "depreciationAndAmortization": 4600000, "ebitda": 24800000, "ebitdaratio": 0.1432697863, "operatingIncome": 22000000, "operatingIncomeRatio": 0.1270941652, "totalOtherIncomeExpensesNet": 1800000, "incomeBeforeTax": 23600000, "incomeBeforeTaxRatio": 0.1363373772, "incomeTaxExpense": 9700000, "netIncome": 13900000, "netIncomeRatio": 0.0803004044, "eps": 0.0988, "epsdiluted": 0.0975, "weightedAverageShsOut": 140609624, "weightedAverageShsOutDil": 142750984, "link": "https://www.sec.gov/Archives/edgar/data/912615/000095011598000770/0000950115-98-000770-index.html", "finalLink": "https://www.sec.gov/Archives/edgar/data/912615/", "calculatedOtherExpenses": 4600000, "calculatedOperatingExpenses": 68300000, "calculatedNetInterest": 0, "calculatedOtherIncome": 1600000, "calculatedIncomeNonControlling": 0, "calculatedEbitda": 26600000}, {"date": "1997-01-31", "symbol": "URBN", "reportedCurrency": "USD", "cik": "0000912615", "fillingDate": "1997-04-21", "acceptedDate": "1997-04-21 00:00:00", "calendarYear": "1997", "period": "FY", "revenue": 156400000, "costOfRevenue": 74400000, "grossProfit": 82000000, "grossProfitRatio": 0.5242966752, "researchAndDevelopmentExpenses": 0, "generalAndAdministrativeExpenses": 57100000, "sellingAndMarketingExpenses": 0, "sellingGeneralAndAdministrativeExpenses": 57100000, "otherExpenses": 3500000, "operatingExpenses": 60600000, "costAndExpenses": 135000000, "interestIncome": 0, "interestExpense": 0, "depreciationAndAmortization": 3500000, "ebitda": 23600000, "ebitdaratio": 0.1508951407, "operatingIncome": 21400000, "operatingIncomeRatio": 0.1368286445, "totalOtherIncomeExpensesNet": 1300000, "incomeBeforeTax": 22700000, "incomeBeforeTaxRatio": 0.145140665, "incomeTaxExpense": 9400000, "netIncome": 13300000, "netIncomeRatio": 0.0850383632, "eps": 0.095, "epsdiluted": 0.0938, "weightedAverageShsOut": 140000000, "weightedAverageShsOutDil": 141866667, "link": "https://www.sec.gov/Archives/edgar/data/912615/000095011597000622/0000950115-97-000622-index.html", "finalLink": "https://www.sec.gov/Archives/edgar/data/912615/", "calculatedOtherExpenses": 3500000, "calculatedOperatingExpenses": 60600000, "calculatedNetInterest": 0, "calculatedOtherIncome": 1300000, "calculatedIncomeNonControlling": 0, "calculatedEbitda": 24900000}, {"date": "1996-01-31", "symbol": "URBN", "reportedCurrency": "USD", "cik": "0000912615", "fillingDate": "1996-01-31", "acceptedDate": "1996-01-30 19:00:00", "calendarYear": "1996", "period": "FY", "revenue": 133000000, "costOfRevenue": 62600000, "grossProfit": 70400000, "grossProfitRatio": 0.5293233083, "researchAndDevelopmentExpenses": 0, "generalAndAdministrativeExpenses": 0, "sellingAndMarketingExpenses": 0, "sellingGeneralAndAdministrativeExpenses": 47700000, "otherExpenses": 2900000, "operatingExpenses": 50600000, "costAndExpenses": 113200000, "interestIncome": 0, "interestExpense": 0, "depreciationAndAmortization": 2900000, "ebitda": 21400000, "ebitdaratio": 0.1609022556, "operatingIncome": 19800000, "operatingIncomeRatio": 0.1488721805, "totalOtherIncomeExpensesNet": 1300000, "incomeBeforeTax": 21100000, "incomeBeforeTaxRatio": 0.1586466165, "incomeTaxExpense": 8800000, "netIncome": 12300000, "netIncomeRatio": 0.092481203, "eps": 0.09, "epsdiluted": 0.0875, "weightedAverageShsOut": 136666667, "weightedAverageShsOutDil": 140571429, "link": "", "finalLink": "", "calculatedOtherExpenses": 2900000, "calculatedOperatingExpenses": 50600000, "calculatedNetInterest": 0, "calculatedOtherIncome": 1300000, "calculatedIncomeNonControlling": 0, "calculatedEbitda": 22700000}, {"date": "1995-01-31", "symbol": "URBN", "reportedCurrency": "USD", "cik": "0000912615", "fillingDate": "1995-01-31", "acceptedDate": "1995-01-30 19:00:00", "calendarYear": "1995", "period": "FY", "revenue": 110100000, "costOfRevenue": 50700000, "grossProfit": 59400000, "grossProfitRatio": 0.5395095368, "researchAndDevelopmentExpenses": 0, "generalAndAdministrativeExpenses": 0, "sellingAndMarketingExpenses": 0, "sellingGeneralAndAdministrativeExpenses": 39800000, "otherExpenses": 2100000, "operatingExpenses": 41900000, "costAndExpenses": 92600000, "interestIncome": 0, "interestExpense": 0, "depreciationAndAmortization": 2100000, "ebitda": 18500000, "ebitdaratio": 0.1680290645, "operatingIncome": 17500000, "operatingIncomeRatio": 0.1589464124, "totalOtherIncomeExpensesNet": 1100000, "incomeBeforeTax": 18600000, "incomeBeforeTaxRatio": 0.1689373297, "incomeTaxExpense": 7800000, "netIncome": 10800000, "netIncomeRatio": 0.0980926431, "eps": 0.08, "epsdiluted": 0.0775, "weightedAverageShsOut": 135000000, "weightedAverageShsOutDil": 139354839, "link": "", "finalLink": "", "calculatedOtherExpenses": 2100000, "calculatedOperatingExpenses": 41900000, "calculatedNetInterest": 0, "calculatedOtherIncome": 1100000, "calculatedIncomeNonControlling": 0, "calculatedEbitda": 19600000}, {"date": "1994-01-31", "symbol": "URBN", "reportedCurrency": "USD", "cik": "0000912615", "fillingDate": "1994-01-31", "acceptedDate": "1994-01-30 19:00:00", "calendarYear": "1994", "period": "FY", "revenue": 84500000, "costOfRevenue": 39000000, "grossProfit": 45500000, "grossProfitRatio": 0.5384615385, "researchAndDevelopmentExpenses": 0, "generalAndAdministrativeExpenses": 0, "sellingAndMarketingExpenses": 0, "sellingGeneralAndAdministrativeExpenses": 30700000, "otherExpenses": 1500000, "operatingExpenses": 32200000, "costAndExpenses": 71200000, "interestIncome": 0, "interestExpense": 0, "depreciationAndAmortization": 1500000, "ebitda": 14600000, "ebitdaratio": 0.1727810651, "operatingIncome": 13300000, "operatingIncomeRatio": 0.1573964497, "totalOtherIncomeExpensesNet": 200000, "incomeBeforeTax": 13500000, "incomeBeforeTaxRatio": 0.1597633136, "incomeTaxExpense": 5700000, "netIncome": 7800000, "netIncomeRatio": 0.0923076923, "eps": 0.065, "epsdiluted": 0.0613, "weightedAverageShsOut": 120000000, "weightedAverageShsOutDil": 127346939, "link": "", "finalLink": "", "calculatedOtherExpenses": 1500000, "calculatedOperatingExpenses": 32200000, "calculatedNetInterest": 0, "calculatedOtherIncome": 200000, "calculatedIncomeNonControlling": 0, "calculatedEbitda": 14800000}]}