{"originalCurrency": "USD", "convertedCurrency": "USD", "report": [{"date": "2023-12-31", "symbol": "URI", "reportedCurrency": "USD", "cik": "0001067701", "fillingDate": "2024-01-24", "acceptedDate": "2024-01-24 16:27:28", "calendarYear": "2023", "period": "FY", "revenue": 14332000000, "costOfRevenue": 8519000000, "grossProfit": 5813000000, "grossProfitRatio": 0.4055958694, "researchAndDevelopmentExpenses": 0, "generalAndAdministrativeExpenses": 0, "sellingAndMarketingExpenses": 0, "sellingGeneralAndAdministrativeExpenses": 1527000000, "otherExpenses": 19000000, "operatingExpenses": 1958000000, "costAndExpenses": 10477000000, "interestIncome": 635000000, "interestExpense": 635000000, "depreciationAndAmortization": 2781000000, "ebitda": 6655000000, "ebitdaratio": 0.4643455205, "operatingIncome": 3827000000, "operatingIncomeRatio": 0.2670248395, "totalOtherIncomeExpensesNet": -9000000, "incomeBeforeTax": 3211000000, "incomeBeforeTaxRatio": 0.2240440971, "incomeTaxExpense": 787000000, "netIncome": 2424000000, "netIncomeRatio": 0.1691320123, "eps": 35.4, "epsdiluted": 35.28, "weightedAverageShsOut": 68470000, "weightedAverageShsOutDil": 68710000, "link": "https://www.sec.gov/Archives/edgar/data/1067701/000106770124000007/0001067701-24-000007-index.htm", "finalLink": "https://www.sec.gov/Archives/edgar/data/1047166/000106770124000007/uri-20231231.htm", "calculatedOtherExpenses": 459000000, "calculatedOperatingExpenses": 1986000000, "calculatedNetInterest": 0, "calculatedOtherIncome": -616000000, "calculatedIncomeNonControlling": 0, "calculatedEbitda": 6608000000}, {"date": "2022-12-31", "symbol": "URI", "reportedCurrency": "USD", "cik": "0001067701", "fillingDate": "2023-01-25", "acceptedDate": "2023-01-25 16:21:53", "calendarYear": "2022", "period": "FY", "revenue": 11642000000, "costOfRevenue": 6646000000, "grossProfit": 4996000000, "grossProfitRatio": 0.4291358873, "researchAndDevelopmentExpenses": 0, "generalAndAdministrativeExpenses": 0, "sellingAndMarketingExpenses": 0, "sellingGeneralAndAdministrativeExpenses": 1400000000, "otherExpenses": 364000000, "operatingExpenses": 1764000000, "costAndExpenses": 8410000000, "interestIncome": 428000000, "interestExpense": 445000000, "depreciationAndAmortization": 2232000000, "ebitda": 5464000000, "ebitdaratio": 0.4693351658, "operatingIncome": 3232000000, "operatingIncomeRatio": 0.27761553, "totalOtherIncomeExpensesNet": -430000000, "incomeBeforeTax": 2802000000, "incomeBeforeTaxRatio": 0.2406802955, "incomeTaxExpense": 697000000, "netIncome": 2105000000, "netIncomeRatio": 0.1808108572, "eps": 29.77, "epsdiluted": 29.66, "weightedAverageShsOut": 70703000, "weightedAverageShsOutDil": 70973000, "link": "https://www.sec.gov/Archives/edgar/data/1067701/000106770123000010/0001067701-23-000010-index.htm", "finalLink": "https://www.sec.gov/Archives/edgar/data/1047166/000106770123000010/uri-20221231.htm", "calculatedOtherExpenses": 364000000, "calculatedOperatingExpenses": 1764000000, "calculatedNetInterest": -17000000, "calculatedOtherIncome": -413000000, "calculatedIncomeNonControlling": 0, "calculatedEbitda": 5464000000}, {"date": "2021-12-31", "symbol": "URI", "reportedCurrency": "USD", "cik": "0001067701", "fillingDate": "2022-01-26", "acceptedDate": "2022-01-26 16:21:38", "calendarYear": "2021", "period": "FY", "revenue": 9716000000, "costOfRevenue": 5863000000, "grossProfit": 3853000000, "grossProfitRatio": 0.3965623713, "researchAndDevelopmentExpenses": 0, "generalAndAdministrativeExpenses": 0, "sellingAndMarketingExpenses": 0, "sellingGeneralAndAdministrativeExpenses": 1199000000, "otherExpenses": 372000000, "operatingExpenses": 1571000000, "costAndExpenses": 7434000000, "interestIncome": 394000000, "interestExpense": 424000000, "depreciationAndAmortization": 1981000000, "ebitda": 4258000000, "ebitdaratio": 0.4382461918, "operatingIncome": 2277000000, "operatingIncomeRatio": 0.2343557019, "totalOtherIncomeExpensesNet": -431000000, "incomeBeforeTax": 1846000000, "incomeBeforeTaxRatio": 0.1899958831, "incomeTaxExpense": 460000000, "netIncome": 1386000000, "netIncomeRatio": 0.1426512968, "eps": 19.14, "epsdiluted": 19.03, "weightedAverageShsOut": 72432000, "weightedAverageShsOutDil": 72817000, "link": "https://www.sec.gov/Archives/edgar/data/1067701/000106770122000008/0001067701-22-000008-index.htm", "finalLink": "https://www.sec.gov/Archives/edgar/data/1047166/000106770122000008/uri-20211231.htm", "calculatedOtherExpenses": 377000000, "calculatedOperatingExpenses": 1576000000, "calculatedNetInterest": -30000000, "calculatedOtherIncome": -401000000, "calculatedIncomeNonControlling": 0, "calculatedEbitda": 4258000000}, {"date": "2020-12-31", "symbol": "URI", "reportedCurrency": "USD", "cik": "0001067701", "fillingDate": "2021-01-27", "acceptedDate": "2021-01-27 16:24:35", "calendarYear": "2020", "period": "FY", "revenue": 8530000000, "costOfRevenue": 5347000000, "grossProfit": 3183000000, "grossProfitRatio": 0.3731535756, "researchAndDevelopmentExpenses": 0, "generalAndAdministrativeExpenses": 0, "sellingAndMarketingExpenses": 0, "sellingGeneralAndAdministrativeExpenses": 979000000, "otherExpenses": 387000000, "operatingExpenses": 1366000000, "costAndExpenses": 6713000000, "interestIncome": 669000000, "interestExpense": 669000000, "depreciationAndAmortization": 2013000000, "ebitda": 3813000000, "ebitdaratio": 0.447010551, "operatingIncome": 1800000000, "operatingIncomeRatio": 0.2110199297, "totalOtherIncomeExpensesNet": -661000000, "incomeBeforeTax": 1139000000, "incomeBeforeTaxRatio": 0.1335287222, "incomeTaxExpense": 249000000, "netIncome": 890000000, "netIncomeRatio": 0.1043376319, "eps": 12.25, "epsdiluted": 12.2, "weightedAverageShsOut": 72658000, "weightedAverageShsOutDil": 72929000, "link": "https://www.sec.gov/Archives/edgar/data/1067701/000106770121000008/0001067701-21-000008-index.htm", "finalLink": "https://www.sec.gov/Archives/edgar/data/1047166/000106770121000008/uri-20201231.htm", "calculatedOtherExpenses": 404000000, "calculatedOperatingExpenses": 1383000000, "calculatedNetInterest": 0, "calculatedOtherIncome": -661000000, "calculatedIncomeNonControlling": 0, "calculatedEbitda": 3813000000}, {"date": "2019-12-31", "symbol": "URI", "reportedCurrency": "USD", "cik": "0001067701", "fillingDate": "2020-01-29", "acceptedDate": "2020-01-29 16:35:59", "calendarYear": "2019", "period": "FY", "revenue": 9351000000, "costOfRevenue": 5681000000, "grossProfit": 3670000000, "grossProfitRatio": 0.3924713934, "researchAndDevelopmentExpenses": 0, "generalAndAdministrativeExpenses": 0, "sellingAndMarketingExpenses": 0, "sellingGeneralAndAdministrativeExpenses": 1092000000, "otherExpenses": 407000000, "operatingExpenses": 1499000000, "costAndExpenses": 7180000000, "interestIncome": 648000000, "interestExpense": 648000000, "depreciationAndAmortization": 2067000000, "ebitda": 4219000000, "ebitdaratio": 0.4511816918, "operatingIncome": 2152000000, "operatingIncomeRatio": 0.2301358144, "totalOtherIncomeExpensesNet": -638000000, "incomeBeforeTax": 1514000000, "incomeBeforeTaxRatio": 0.1619078173, "incomeTaxExpense": 340000000, "netIncome": 1174000000, "netIncomeRatio": 0.1255480697, "eps": 15.18, "epsdiluted": 15.11, "weightedAverageShsOut": 77341000, "weightedAverageShsOutDil": 77710000, "link": "https://www.sec.gov/Archives/edgar/data/1067701/000106770120000008/0001067701-20-000008-index.htm", "finalLink": "https://www.sec.gov/Archives/edgar/data/1047166/000106770120000008/uri-2019123110k.htm", "calculatedOtherExpenses": 426000000, "calculatedOperatingExpenses": 1518000000, "calculatedNetInterest": 0, "calculatedOtherIncome": -638000000, "calculatedIncomeNonControlling": 0, "calculatedEbitda": 4219000000}, {"date": "2018-12-31", "symbol": "URI", "reportedCurrency": "USD", "cik": "0001067701", "fillingDate": "2019-01-23", "acceptedDate": "2019-01-23 16:40:59", "calendarYear": "2018", "period": "FY", "revenue": 8047000000, "costOfRevenue": 4683000000, "grossProfit": 3364000000, "grossProfitRatio": 0.4180439915, "researchAndDevelopmentExpenses": 0, "generalAndAdministrativeExpenses": 0, "sellingAndMarketingExpenses": 0, "sellingGeneralAndAdministrativeExpenses": 1038000000, "otherExpenses": 308000000, "operatingExpenses": 1346000000, "costAndExpenses": 6029000000, "interestIncome": 0, "interestExpense": 481000000, "depreciationAndAmortization": 1744000000, "ebitda": 3695000000, "ebitdaratio": 0.4591773332, "operatingIncome": 1951000000, "operatingIncomeRatio": 0.2424506027, "totalOtherIncomeExpensesNet": -475000000, "incomeBeforeTax": 1476000000, "incomeBeforeTaxRatio": 0.1834223934, "incomeTaxExpense": 380000000, "netIncome": 1096000000, "netIncomeRatio": 0.136199826, "eps": 13.25, "epsdiluted": 13.13, "weightedAverageShsOut": 82700000, "weightedAverageShsOutDil": 83500000, "link": "https://www.sec.gov/Archives/edgar/data/1067701/000106770119000007/0001067701-19-000007-index.htm", "finalLink": "https://www.sec.gov/Archives/edgar/data/1047166/000106770119000007/uri-2018123110k.htm", "calculatedOtherExpenses": 375000000, "calculatedOperatingExpenses": 1413000000, "calculatedNetInterest": -481000000, "calculatedOtherIncome": 6000000, "calculatedIncomeNonControlling": 0, "calculatedEbitda": 3695000000}, {"date": "2017-12-31", "symbol": "URI", "reportedCurrency": "USD", "cik": "0001067701", "fillingDate": "2018-01-24", "acceptedDate": "2018-01-24 16:30:00", "calendarYear": "2017", "period": "FY", "revenue": 6641000000, "costOfRevenue": 3872000000, "grossProfit": 2769000000, "grossProfitRatio": 0.4169552778, "researchAndDevelopmentExpenses": 0, "generalAndAdministrativeExpenses": 903000000, "sellingAndMarketingExpenses": 0, "sellingGeneralAndAdministrativeExpenses": 903000000, "otherExpenses": 5000000, "operatingExpenses": 1162000000, "costAndExpenses": 5034000000, "interestIncome": 0, "interestExpense": 464000000, "depreciationAndAmortization": 1383000000, "ebitda": 2995000000, "ebitdaratio": 0.4509862972, "operatingIncome": 1507000000, "operatingIncomeRatio": 0.2269236561, "totalOtherIncomeExpensesNet": -95000000, "incomeBeforeTax": 1048000000, "incomeBeforeTaxRatio": 0.1578075591, "incomeTaxExpense": -298000000, "netIncome": 1346000000, "netIncomeRatio": 0.2026803192, "eps": 15.91, "epsdiluted": 15.73, "weightedAverageShsOut": 84600000, "weightedAverageShsOutDil": 85600000, "link": "https://www.sec.gov/Archives/edgar/data/1067701/000106770118000006/0001067701-18-000006-index.htm", "finalLink": "https://www.sec.gov/Archives/edgar/data/1047166/000106770118000006/uri-2017123110k.htm", "calculatedOtherExpenses": 359000000, "calculatedOperatingExpenses": 1262000000, "calculatedNetInterest": -464000000, "calculatedOtherIncome": 5000000, "calculatedIncomeNonControlling": 0, "calculatedEbitda": 2890000000}, {"date": "2016-12-31", "symbol": "URI", "reportedCurrency": "USD", "cik": "0001067701", "fillingDate": "2017-01-25", "acceptedDate": "2017-01-25 16:40:38", "calendarYear": "2016", "period": "FY", "revenue": 5762000000, "costOfRevenue": 3359000000, "grossProfit": 2403000000, "grossProfitRatio": 0.4170426935, "researchAndDevelopmentExpenses": 0, "generalAndAdministrativeExpenses": 719000000, "sellingAndMarketingExpenses": 0, "sellingGeneralAndAdministrativeExpenses": 719000000, "otherExpenses": 5000000, "operatingExpenses": 974000000, "costAndExpenses": 4333000000, "interestIncome": 0, "interestExpense": 511000000, "depreciationAndAmortization": 1245000000, "ebitda": 2679000000, "ebitdaratio": 0.4649427282, "operatingIncome": 1415000000, "operatingIncomeRatio": 0.2455744533, "totalOtherIncomeExpensesNet": -9000000, "incomeBeforeTax": 909000000, "incomeBeforeTaxRatio": 0.157757723, "incomeTaxExpense": 343000000, "netIncome": 566000000, "netIncomeRatio": 0.0982297813, "eps": 6.49, "epsdiluted": 6.45, "weightedAverageShsOut": 87200000, "weightedAverageShsOutDil": 87800000, "link": "https://www.sec.gov/Archives/edgar/data/1067701/000106770117000006/0001067701-17-000006-index.htm", "finalLink": "https://www.sec.gov/Archives/edgar/data/1047166/000106770117000006/uri-2016123110k.htm", "calculatedOtherExpenses": 269000000, "calculatedOperatingExpenses": 988000000, "calculatedNetInterest": -511000000, "calculatedOtherIncome": 5000000, "calculatedIncomeNonControlling": 0, "calculatedEbitda": 2660000000}, {"date": "2015-12-31", "symbol": "URI", "reportedCurrency": "USD", "cik": "0001067701", "fillingDate": "2016-01-27", "acceptedDate": "2016-01-27 16:36:44", "calendarYear": "2015", "period": "FY", "revenue": 5817000000, "costOfRevenue": 3337000000, "grossProfit": 2480000000, "grossProfitRatio": 0.4263365996, "researchAndDevelopmentExpenses": 0, "generalAndAdministrativeExpenses": 714000000, "sellingAndMarketingExpenses": 0, "sellingGeneralAndAdministrativeExpenses": 714000000, "otherExpenses": 12000000, "operatingExpenses": 982000000, "costAndExpenses": 4319000000, "interestIncome": 0, "interestExpense": 567000000, "depreciationAndAmortization": 1244000000, "ebitda": 2754000000, "ebitdaratio": 0.4734399175, "operatingIncome": 1518000000, "operatingIncomeRatio": 0.2609592573, "totalOtherIncomeExpensesNet": 32000000, "incomeBeforeTax": 963000000, "incomeBeforeTaxRatio": 0.1655492522, "incomeTaxExpense": 378000000, "netIncome": 585000000, "netIncomeRatio": 0.1005673027, "eps": 6.14, "epsdiluted": 6.07, "weightedAverageShsOut": 95200000, "weightedAverageShsOutDil": 96400000, "link": "https://www.sec.gov/Archives/edgar/data/1067701/000106770116000039/0001067701-16-000039-index.htm", "finalLink": "https://www.sec.gov/Archives/edgar/data/1047166/000106770116000039/uri-2015123110k.htm", "calculatedOtherExpenses": 248000000, "calculatedOperatingExpenses": 962000000, "calculatedNetInterest": -567000000, "calculatedOtherIncome": 12000000, "calculatedIncomeNonControlling": 0, "calculatedEbitda": 2762000000}, {"date": "2014-12-31", "symbol": "URI", "reportedCurrency": "USD", "cik": "0001067701", "fillingDate": "2015-01-21", "acceptedDate": "2015-01-21 17:09:24", "calendarYear": "2014", "period": "FY", "revenue": 5685000000, "costOfRevenue": 3253000000, "grossProfit": 2432000000, "grossProfitRatio": 0.4277924362, "researchAndDevelopmentExpenses": 0, "generalAndAdministrativeExpenses": 758000000, "sellingAndMarketingExpenses": 0, "sellingGeneralAndAdministrativeExpenses": 758000000, "otherExpenses": 14000000, "operatingExpenses": 1031000000, "costAndExpenses": 4284000000, "interestIncome": 0, "interestExpense": 555000000, "depreciationAndAmortization": 1194000000, "ebitda": 2609000000, "ebitdaratio": 0.4589270009, "operatingIncome": 1391000000, "operatingIncomeRatio": 0.2446789798, "totalOtherIncomeExpensesNet": 4000000, "incomeBeforeTax": 850000000, "incomeBeforeTaxRatio": 0.1495162709, "incomeTaxExpense": 310000000, "netIncome": 540000000, "netIncomeRatio": 0.0949868074, "eps": 5.54, "epsdiluted": 5.15, "weightedAverageShsOut": 97489000, "weightedAverageShsOutDil": 104956000, "link": "https://www.sec.gov/Archives/edgar/data/1067701/000106770115000006/0001067701-15-000006-index.htm", "finalLink": "https://www.sec.gov/Archives/edgar/data/1047166/000106770115000006/uri-2014123110k.htm", "calculatedOtherExpenses": 283000000, "calculatedOperatingExpenses": 1041000000, "calculatedNetInterest": -555000000, "calculatedOtherIncome": 14000000, "calculatedIncomeNonControlling": 0, "calculatedEbitda": 2585000000}, {"date": "2013-12-31", "symbol": "URI", "reportedCurrency": "USD", "cik": "0001067701", "fillingDate": "2014-01-22", "acceptedDate": "2014-01-22 16:33:31", "calendarYear": "2013", "period": "FY", "revenue": 4955000000, "costOfRevenue": 2968000000, "grossProfit": 1987000000, "grossProfitRatio": 0.4010090817, "researchAndDevelopmentExpenses": 0, "generalAndAdministrativeExpenses": 642000000, "sellingAndMarketingExpenses": 0, "sellingGeneralAndAdministrativeExpenses": 642000000, "otherExpenses": 5000000, "operatingExpenses": 888000000, "costAndExpenses": 3856000000, "interestIncome": 0, "interestExpense": 478000000, "depreciationAndAmortization": 1098000000, "ebitda": 2202000000, "ebitdaratio": 0.4443995964, "operatingIncome": 1078000000, "operatingIncomeRatio": 0.2175580222, "totalOtherIncomeExpensesNet": -16000000, "incomeBeforeTax": 605000000, "incomeBeforeTaxRatio": 0.12209889, "incomeTaxExpense": 218000000, "netIncome": 387000000, "netIncomeRatio": 0.0781029263, "eps": 4.14, "epsdiluted": 3.64, "weightedAverageShsOut": 93436000, "weightedAverageShsOutDil": 106291000, "link": "https://www.sec.gov/Archives/edgar/data/1067701/000106770114000004/0001067701-14-000004-index.htm", "finalLink": "https://www.sec.gov/Archives/edgar/data/1047166/000106770114000004/uri-2013123110k.htm", "calculatedOtherExpenses": 267000000, "calculatedOperatingExpenses": 909000000, "calculatedNetInterest": -478000000, "calculatedOtherIncome": 5000000, "calculatedIncomeNonControlling": 0, "calculatedEbitda": 2176000000}, {"date": "2012-12-31", "symbol": "URI", "reportedCurrency": "USD", "cik": "0001067701", "fillingDate": "2013-01-23", "acceptedDate": "2013-01-23 16:47:29", "calendarYear": "2012", "period": "FY", "revenue": 4117000000, "costOfRevenue": 2530000000, "grossProfit": 1587000000, "grossProfitRatio": 0.3854748603, "researchAndDevelopmentExpenses": 0, "generalAndAdministrativeExpenses": 588000000, "sellingAndMarketingExpenses": 0, "sellingGeneralAndAdministrativeExpenses": 588000000, "otherExpenses": 13000000, "operatingExpenses": 786000000, "costAndExpenses": 3316000000, "interestIncome": 0, "interestExpense": 516000000, "depreciationAndAmortization": 897000000, "ebitda": 1711000000, "ebitdaratio": 0.415593879, "operatingIncome": 591000000, "operatingIncomeRatio": 0.1435511295, "totalOtherIncomeExpensesNet": -197000000, "incomeBeforeTax": 88000000, "incomeBeforeTaxRatio": 0.0213747875, "incomeTaxExpense": 13000000, "netIncome": 75000000, "netIncomeRatio": 0.0182171484, "eps": 0.9, "epsdiluted": 0.79, "weightedAverageShsOut": 83000000, "weightedAverageShsOutDil": 94800000, "link": "https://www.sec.gov/Archives/edgar/data/1047166/000106770113000004/0001067701-13-000004-index.html", "finalLink": "https://www.sec.gov/Archives/edgar/data/1047166/000106770113000004/uri-2012123110k.htm", "calculatedOtherExpenses": 408000000, "calculatedOperatingExpenses": 996000000, "calculatedNetInterest": -516000000, "calculatedOtherIncome": 13000000, "calculatedIncomeNonControlling": 0, "calculatedEbitda": 1488000000}, {"date": "2011-12-31", "symbol": "URI", "reportedCurrency": "USD", "cik": "0001067701", "fillingDate": "2012-01-25", "acceptedDate": "2012-01-25 16:43:06", "calendarYear": "2011", "period": "FY", "revenue": 2611000000, "costOfRevenue": 1713000000, "grossProfit": 898000000, "grossProfitRatio": 0.3439295289, "researchAndDevelopmentExpenses": 0, "generalAndAdministrativeExpenses": 407000000, "sellingAndMarketingExpenses": 0, "sellingGeneralAndAdministrativeExpenses": 407000000, "otherExpenses": 57000000, "operatingExpenses": 464000000, "costAndExpenses": 2177000000, "interestIncome": 0, "interestExpense": 305000000, "depreciationAndAmortization": 480000000, "ebitda": 949000000, "ebitdaratio": 0.363462275, "operatingIncome": 396000000, "operatingIncomeRatio": 0.1516660283, "totalOtherIncomeExpensesNet": -35000000, "incomeBeforeTax": 164000000, "incomeBeforeTaxRatio": 0.0628111835, "incomeTaxExpense": 63000000, "netIncome": 101000000, "netIncomeRatio": 0.0386824971, "eps": 1.62, "epsdiluted": 1.38, "weightedAverageShsOut": 62184000, "weightedAverageShsOutDil": 73349000, "link": "https://www.sec.gov/Archives/edgar/data/1047166/000144530512000134/0001445305-12-000134-index.html", "finalLink": "https://www.sec.gov/Archives/edgar/data/1047166/000144530512000134/uri-2011123110k.htm", "calculatedOtherExpenses": 95000000, "calculatedOperatingExpenses": 502000000, "calculatedNetInterest": -305000000, "calculatedOtherIncome": 73000000, "calculatedIncomeNonControlling": 0, "calculatedEbitda": 876000000}, {"date": "2010-12-31", "symbol": "URI", "reportedCurrency": "USD", "cik": "0001067701", "fillingDate": "2011-02-01", "acceptedDate": "2011-02-01 16:38:37", "calendarYear": "2010", "period": "FY", "revenue": 2237000000, "costOfRevenue": 1579000000, "grossProfit": 658000000, "grossProfitRatio": 0.2941439428, "researchAndDevelopmentExpenses": 0, "generalAndAdministrativeExpenses": 367000000, "sellingAndMarketingExpenses": 0, "sellingGeneralAndAdministrativeExpenses": 367000000, "otherExpenses": 60000000, "operatingExpenses": 427000000, "costAndExpenses": 2006000000, "interestIncome": 0, "interestExpense": 329000000, "depreciationAndAmortization": 449000000, "ebitda": 711000000, "ebitdaratio": 0.317836388, "operatingIncome": 197000000, "operatingIncomeRatio": 0.0880643719, "totalOtherIncomeExpensesNet": -31000000, "incomeBeforeTax": -63000000, "incomeBeforeTaxRatio": -0.0281627179, "incomeTaxExpense": -41000000, "netIncome": -26000000, "netIncomeRatio": -0.011622709, "eps": -0.43, "epsdiluted": -0.43, "weightedAverageShsOut": 60455000, "weightedAverageShsOutDil": 60455000, "link": "https://www.sec.gov/Archives/edgar/data/1067701/000119312511020326/0001193125-11-020326-index.htm", "finalLink": "https://www.sec.gov/Archives/edgar/data/1047166/000119312511020326/d10k.htm", "calculatedOtherExpenses": 94000000, "calculatedOperatingExpenses": 461000000, "calculatedNetInterest": -329000000, "calculatedOtherIncome": 69000000, "calculatedIncomeNonControlling": 4000000, "calculatedEbitda": 646000000}, {"date": "2009-12-31", "symbol": "URI", "reportedCurrency": "USD", "cik": "0001067701", "fillingDate": "2010-02-03", "acceptedDate": "2010-02-03 16:26:35", "calendarYear": "2009", "period": "FY", "revenue": 2358000000, "costOfRevenue": 1748000000, "grossProfit": 610000000, "grossProfitRatio": 0.2586938083, "researchAndDevelopmentExpenses": 0, "generalAndAdministrativeExpenses": 408000000, "sellingAndMarketingExpenses": 0, "sellingGeneralAndAdministrativeExpenses": 408000000, "otherExpenses": 57000000, "operatingExpenses": 465000000, "costAndExpenses": 2213000000, "interestIncome": 0, "interestExpense": 230000000, "depreciationAndAmortization": 474000000, "ebitda": 629000000, "ebitdaratio": 0.2667514843, "operatingIncome": 114000000, "operatingIncomeRatio": 0.048346056, "totalOtherIncomeExpensesNet": -32000000, "incomeBeforeTax": -107000000, "incomeBeforeTaxRatio": -0.0453774385, "incomeTaxExpense": -47000000, "netIncome": -62000000, "netIncomeRatio": -0.026293469, "eps": -1.03, "epsdiluted": -1.03, "weightedAverageShsOut": 60100000, "weightedAverageShsOutDil": 60100000, "link": "https://www.sec.gov/Archives/edgar/data/1047166/000119312510020819/0001193125-10-020819-index.html", "finalLink": "https://www.sec.gov/Archives/edgar/data/1047166/000119312510020819/d10k.htm", "calculatedOtherExpenses": 88000000, "calculatedOperatingExpenses": 496000000, "calculatedNetInterest": -230000000, "calculatedOtherIncome": 9000000, "calculatedIncomeNonControlling": 2000000, "calculatedEbitda": 588000000}, {"date": "2008-12-31", "symbol": "URI", "reportedCurrency": "USD", "cik": "0001067701", "fillingDate": "2009-02-26", "acceptedDate": "2009-02-25 20:10:57", "calendarYear": "2008", "period": "FY", "revenue": 3267000000, "costOfRevenue": 2164000000, "grossProfit": 1103000000, "grossProfitRatio": 0.3376186103, "researchAndDevelopmentExpenses": 0, "generalAndAdministrativeExpenses": 528000000, "sellingAndMarketingExpenses": 0, "sellingGeneralAndAdministrativeExpenses": 528000000, "otherExpenses": 58000000, "operatingExpenses": 586000000, "costAndExpenses": 2750000000, "interestIncome": 0, "interestExpense": 183000000, "depreciationAndAmortization": 513000000, "ebitda": 1030000000, "ebitdaratio": 0.3152739516, "operatingIncome": -630000000, "operatingIncomeRatio": -0.1928374656, "totalOtherIncomeExpensesNet": -1147000000, "incomeBeforeTax": -813000000, "incomeBeforeTaxRatio": -0.2488521579, "incomeTaxExpense": -109000000, "netIncome": -704000000, "netIncomeRatio": -0.2154882155, "eps": -9.42, "epsdiluted": -9.42, "weightedAverageShsOut": 74734000, "weightedAverageShsOutDil": 74734000, "link": "https://www.sec.gov/Archives/edgar/data/1047166/000119312509037714/0001193125-09-037714-index.html", "finalLink": "https://www.sec.gov/Archives/edgar/data/1047166/000119312509037714/d10k.htm", "calculatedOtherExpenses": 1205000000, "calculatedOperatingExpenses": 1733000000, "calculatedNetInterest": -183000000, "calculatedOtherIncome": 0, "calculatedIncomeNonControlling": 0, "calculatedEbitda": -117000000}, {"date": "2007-12-31", "symbol": "URI", "reportedCurrency": "USD", "cik": "0001067701", "fillingDate": "2008-02-29", "acceptedDate": "2008-02-28 17:32:30", "calendarYear": "2007", "period": "FY", "revenue": 3731000000, "costOfRevenue": 2423000000, "grossProfit": 1308000000, "grossProfitRatio": 0.350576253, "researchAndDevelopmentExpenses": 0, "generalAndAdministrativeExpenses": 595000000, "sellingAndMarketingExpenses": 0, "sellingGeneralAndAdministrativeExpenses": 595000000, "otherExpenses": 54000000, "operatingExpenses": 649000000, "costAndExpenses": 3072000000, "interestIncome": 0, "interestExpense": -33000000, "depreciationAndAmortization": 497000000, "ebitda": 1041000000, "ebitdaratio": 0.2790136693, "operatingIncome": 659000000, "operatingIncomeRatio": 0.1766282498, "totalOtherIncomeExpensesNet": 115000000, "incomeBeforeTax": 578000000, "incomeBeforeTaxRatio": 0.1549182525, "incomeTaxExpense": 215000000, "netIncome": 362000000, "netIncomeRatio": 0.0970249263, "eps": 3.6, "epsdiluted": 3.25, "weightedAverageShsOut": 100445000, "weightedAverageShsOutDil": 113722000, "link": "https://www.sec.gov/Archives/edgar/data/1067701/000119312508042082/0001193125-08-042082-index.htm", "finalLink": "https://www.sec.gov/Archives/edgar/data/1047166/000119312508042082/d10k.htm", "calculatedOtherExpenses": 54000000, "calculatedOperatingExpenses": 649000000, "calculatedNetInterest": 33000000, "calculatedOtherIncome": -114000000, "calculatedIncomeNonControlling": 1000000, "calculatedEbitda": 1156000000}, {"date": "2006-12-31", "symbol": "URI", "reportedCurrency": "USD", "cik": "0001067701", "fillingDate": "2007-02-27", "acceptedDate": "2007-02-26 20:40:39", "calendarYear": "2006", "period": "FY", "revenue": 3640000000, "costOfRevenue": 2351000000, "grossProfit": 1289000000, "grossProfitRatio": 0.3541208791, "researchAndDevelopmentExpenses": 0, "generalAndAdministrativeExpenses": 613000000, "sellingAndMarketingExpenses": 0, "sellingGeneralAndAdministrativeExpenses": 613000000, "otherExpenses": 50000000, "operatingExpenses": 663000000, "costAndExpenses": 3014000000, "interestIncome": 0, "interestExpense": 246000000, "depreciationAndAmortization": 503000000, "ebitda": 1129000000, "ebitdaratio": 0.3101648352, "operatingIncome": 626000000, "operatingIncomeRatio": 0.171978022, "totalOtherIncomeExpensesNet": -221000000, "incomeBeforeTax": 405000000, "incomeBeforeTaxRatio": 0.1112637363, "incomeTaxExpense": 156000000, "netIncome": 224000000, "netIncomeRatio": 0.0615384615, "eps": 2.32, "epsdiluted": 2.06, "weightedAverageShsOut": 96609000, "weightedAverageShsOutDil": 113793000, "link": "https://www.sec.gov/Archives/edgar/data/1067701/000119312507040088/0001193125-07-040088-index.htm", "finalLink": "https://www.sec.gov/Archives/edgar/data/1047166/000119312507040088/d10k.htm", "calculatedOtherExpenses": 50000000, "calculatedOperatingExpenses": 663000000, "calculatedNetInterest": -246000000, "calculatedOtherIncome": 25000000, "calculatedIncomeNonControlling": 25000000, "calculatedEbitda": 1129000000}, {"date": "2005-12-31", "symbol": "URI", "reportedCurrency": "USD", "cik": "0001067701", "fillingDate": "2006-03-31", "acceptedDate": "2006-03-31 15:06:55", "calendarYear": "2005", "period": "FY", "revenue": 3563000000, "costOfRevenue": 2013000000, "grossProfit": 1550000000, "grossProfitRatio": 0.4350266629, "researchAndDevelopmentExpenses": 0, "generalAndAdministrativeExpenses": 596000000, "sellingAndMarketingExpenses": 0, "sellingGeneralAndAdministrativeExpenses": 596000000, "otherExpenses": 69000000, "operatingExpenses": 665000000, "costAndExpenses": 2678000000, "interestIncome": 0, "interestExpense": 566000000, "depreciationAndAmortization": 462000000, "ebitda": 1338000000, "ebitdaratio": 0.3755262419, "operatingIncome": 500000000, "operatingIncomeRatio": 0.1403311816, "totalOtherIncomeExpensesNet": 9000000, "incomeBeforeTax": 310000000, "incomeBeforeTaxRatio": 0.0870053326, "incomeTaxExpense": 123000000, "netIncome": 187000000, "netIncomeRatio": 0.0524838619, "eps": 1.97, "epsdiluted": 1.8, "weightedAverageShsOut": 94814000, "weightedAverageShsOutDil": 110036000, "link": "https://www.sec.gov/Archives/edgar/data/1067701/000119312506070481/0001193125-06-070481-index.htm", "finalLink": "https://www.sec.gov/Archives/edgar/data/1047166/000119312506070481/d10k.htm", "calculatedOtherExpenses": 454000000, "calculatedOperatingExpenses": 1050000000, "calculatedNetInterest": -566000000, "calculatedOtherIncome": 376000000, "calculatedIncomeNonControlling": 0, "calculatedEbitda": 962000000}, {"date": "2004-12-31", "symbol": "URI", "reportedCurrency": "USD", "cik": "0001067701", "fillingDate": "2006-03-31", "acceptedDate": "2006-03-31 14:56:51", "calendarYear": "2004", "period": "FY", "revenue": 3094000000, "costOfRevenue": 1757000000, "grossProfit": 1337000000, "grossProfitRatio": 0.4321266968, "researchAndDevelopmentExpenses": 0, "generalAndAdministrativeExpenses": 497000000, "sellingAndMarketingExpenses": 0, "sellingGeneralAndAdministrativeExpenses": 497000000, "otherExpenses": 206000000, "operatingExpenses": 703000000, "costAndExpenses": 2460000000, "interestIncome": 0, "interestExpense": 1103000000, "depreciationAndAmortization": 468000000, "ebitda": 1483000000, "ebitdaratio": 0.4793148028, "operatingIncome": 257000000, "operatingIncomeRatio": 0.0830639948, "totalOtherIncomeExpensesNet": -381000000, "incomeBeforeTax": -88000000, "incomeBeforeTaxRatio": -0.0284421461, "incomeTaxExpense": -4000000, "netIncome": -84000000, "netIncomeRatio": -0.0271493213, "eps": -0.89, "epsdiluted": -0.81, "weightedAverageShsOut": 94611000, "weightedAverageShsOutDil": 104205000, "link": "https://www.sec.gov/Archives/edgar/data/1067701/000119312506070435/0001193125-06-070435-index.htm", "finalLink": "https://www.sec.gov/Archives/edgar/data/1047166/000119312506070435/d10k.htm", "calculatedOtherExpenses": 583000000, "calculatedOperatingExpenses": 1080000000, "calculatedNetInterest": -1103000000, "calculatedOtherIncome": 758000000, "calculatedIncomeNonControlling": 0, "calculatedEbitda": 725000000}, {"date": "2003-12-31", "symbol": "URI", "reportedCurrency": "USD", "cik": "0001067701", "fillingDate": "2004-03-15", "acceptedDate": "2004-03-15 14:21:33", "calendarYear": "2003", "period": "FY", "revenue": 2867236000, "costOfRevenue": 1686658000, "grossProfit": 1180578000, "grossProfitRatio": 0.4117477599, "researchAndDevelopmentExpenses": 0, "generalAndAdministrativeExpenses": 451347000, "sellingAndMarketingExpenses": 0, "sellingGeneralAndAdministrativeExpenses": 451347000, "otherExpenses": 357464000, "operatingExpenses": 808811000, "costAndExpenses": 2495469000, "interestIncome": 0, "interestExpense": 1104913000, "depreciationAndAmortization": 428325000, "ebitda": 1230016000, "ebitdaratio": 0.4289901494, "operatingIncome": 39157000, "operatingIncomeRatio": 0.0136567063, "totalOtherIncomeExpensesNet": -429924000, "incomeBeforeTax": -303222000, "incomeBeforeTaxRatio": -0.105754113, "incomeTaxExpense": -58912000, "netIncome": -244310000, "netIncomeRatio": -0.085207496, "eps": -3.16, "epsdiluted": -3.16, "weightedAverageShsOut": 77203648, "weightedAverageShsOutDil": 77203648, "link": "https://www.sec.gov/Archives/edgar/data/1067701/000119312504042021/0001193125-04-042021-index.htm", "finalLink": "https://www.sec.gov/Archives/edgar/data/1047166/000119312504042021/d10k.htm", "calculatedOtherExpenses": 690074000, "calculatedOperatingExpenses": 1141421000, "calculatedNetInterest": -1104913000, "calculatedOtherIncome": 762534000, "calculatedIncomeNonControlling": 0, "calculatedEbitda": 467482000}, {"date": "2002-12-31", "symbol": "URI", "reportedCurrency": "USD", "cik": "0001067701", "fillingDate": "2003-03-28", "acceptedDate": "2003-03-27 19:32:17", "calendarYear": "2002", "period": "FY", "revenue": 2820989000, "costOfRevenue": 1609164000, "grossProfit": 1211825000, "grossProfitRatio": 0.4295745216, "researchAndDevelopmentExpenses": 0, "generalAndAdministrativeExpenses": 438918000, "sellingAndMarketingExpenses": 0, "sellingGeneralAndAdministrativeExpenses": 438918000, "otherExpenses": 307214000, "operatingExpenses": 746132000, "costAndExpenses": 2355296000, "interestIncome": 0, "interestExpense": 1130691000, "depreciationAndAmortization": 396293000, "ebitda": 1137261000, "ebitdaratio": 0.4031426567, "operatingIncome": 111883000, "operatingIncomeRatio": 0.0396609132, "totalOtherIncomeExpensesNet": -275275000, "incomeBeforeTax": -101384000, "incomeBeforeTaxRatio": -0.0359391689, "incomeTaxExpense": 8102000, "netIncome": -397825000, "netIncomeRatio": -0.1410232369, "eps": -4.78, "epsdiluted": -4.78, "weightedAverageShsOut": 83196722, "weightedAverageShsOutDil": 83196722, "link": "https://www.sec.gov/Archives/edgar/data/1047166/000095013003002528/0000950130-03-002528-index.html", "finalLink": "https://www.sec.gov/Archives/edgar/data/1047166/000095013003002528/d10k.htm", "calculatedOtherExpenses": 661024000, "calculatedOperatingExpenses": 1099942000, "calculatedNetInterest": -1130691000, "calculatedOtherIncome": 917424000, "calculatedIncomeNonControlling": 288339000, "calculatedEbitda": 508176000}, {"date": "2001-12-31", "symbol": "URI", "reportedCurrency": "USD", "cik": "0001067701", "fillingDate": "2002-03-29", "acceptedDate": "2002-03-29 00:00:00", "calendarYear": "2001", "period": "FY", "revenue": 2886605000, "costOfRevenue": 1847135000, "grossProfit": 1039470000, "grossProfitRatio": 0.3601012262, "researchAndDevelopmentExpenses": 0, "generalAndAdministrativeExpenses": 441751000, "sellingAndMarketingExpenses": 0, "sellingGeneralAndAdministrativeExpenses": 441751000, "otherExpenses": 106763000, "operatingExpenses": 548514000, "costAndExpenses": 2395649000, "interestIncome": 0, "interestExpense": 323066000, "depreciationAndAmortization": 433902000, "ebitda": 960201000, "ebitdaratio": 0.3326402469, "operatingIncome": 462034000, "operatingIncomeRatio": 0.160061387, "totalOtherIncomeExpensesNet": -35343000, "incomeBeforeTax": 214550000, "incomeBeforeTaxRatio": 0.0743260682, "incomeTaxExpense": 91977000, "netIncome": 111256000, "netIncomeRatio": 0.0385421629, "eps": 1.54, "epsdiluted": 1.18, "weightedAverageShsOut": 72244156, "weightedAverageShsOutDil": 94284747, "link": "https://www.sec.gov/Archives/edgar/data/1047166/000095013002002206/0000950130-02-002206-index.html", "finalLink": "https://www.sec.gov/Archives/edgar/data/1047166/000095013002002206/d10k.txt", "calculatedOtherExpenses": 135685000, "calculatedOperatingExpenses": 577436000, "calculatedNetInterest": -323066000, "calculatedOtherIncome": 75582000, "calculatedIncomeNonControlling": 11317000, "calculatedEbitda": 895936000}, {"date": "2000-12-31", "symbol": "URI", "reportedCurrency": "USD", "cik": "0001067701", "fillingDate": "2001-03-22", "acceptedDate": "2001-03-22 00:00:00", "calendarYear": "2000", "period": "FY", "revenue": 2918861000, "costOfRevenue": 1502160000, "grossProfit": 1416701000, "grossProfitRatio": 0.4853608993, "researchAndDevelopmentExpenses": 0, "generalAndAdministrativeExpenses": 454330000, "sellingAndMarketingExpenses": 0, "sellingGeneralAndAdministrativeExpenses": 454330000, "otherExpenses": 414432000, "operatingExpenses": 868762000, "costAndExpenses": 2370922000, "interestIncome": 0, "interestExpense": 244607000, "depreciationAndAmortization": 414432000, "ebitda": 960535000, "ebitdaratio": 0.3290787057, "operatingIncome": 547939000, "operatingIncomeRatio": 0.1877235675, "totalOtherIncomeExpensesNet": 1836000, "incomeBeforeTax": 301496000, "incomeBeforeTaxRatio": 0.1032923459, "incomeTaxExpense": 125121000, "netIncome": 176375000, "netIncomeRatio": 0.0604259675, "eps": 2.48, "epsdiluted": 1.89, "weightedAverageShsOut": 71118952, "weightedAverageShsOutDil": 91636843, "link": "https://www.sec.gov/Archives/edgar/data/1047166/000095013001500286/0000950130-01-500286-index.html", "finalLink": "https://www.sec.gov/Archives/edgar/data/1047166/000095013001500286/d10k.txt", "calculatedOtherExpenses": 414432000, "calculatedOperatingExpenses": 868762000, "calculatedNetInterest": -244607000, "calculatedOtherIncome": -1836000, "calculatedIncomeNonControlling": 0, "calculatedEbitda": 962371000}, {"date": "1999-12-31", "symbol": "URI", "reportedCurrency": "USD", "cik": "0001067701", "fillingDate": "2000-03-30", "acceptedDate": "2000-03-30 00:00:00", "calendarYear": "1999", "period": "FY", "revenue": 2233600000, "costOfRevenue": 1128100000, "grossProfit": 1105500000, "grossProfitRatio": 0.4949409026, "researchAndDevelopmentExpenses": 0, "generalAndAdministrativeExpenses": 352600000, "sellingAndMarketingExpenses": 0, "sellingGeneralAndAdministrativeExpenses": 352600000, "otherExpenses": 343500000, "operatingExpenses": 696100000, "costAndExpenses": 1824200000, "interestIncome": 0, "interestExpense": 195400000, "depreciationAndAmortization": 343500000, "ebitda": 780700000, "ebitdaratio": 0.3495254298, "operatingIncome": 409400000, "operatingIncomeRatio": 0.1832915473, "totalOtherIncomeExpensesNet": -27800000, "incomeBeforeTax": 241800000, "incomeBeforeTaxRatio": 0.1082557307, "incomeTaxExpense": 99100000, "netIncome": 142700000, "netIncomeRatio": 0.063887894, "eps": 2, "epsdiluted": 1.53, "weightedAverageShsOut": 71333001, "weightedAverageShsOutDil": 93245752, "link": "https://www.sec.gov/Archives/edgar/data/1047166/000095013000001778/0000950130-00-001778-index.html", "finalLink": "https://www.sec.gov/Archives/edgar/data/1047166/000095013000001778/0000950130-00-001778.txt", "calculatedOtherExpenses": 343500000, "calculatedOperatingExpenses": 696100000, "calculatedNetInterest": -195400000, "calculatedOtherIncome": 27800000, "calculatedIncomeNonControlling": 0, "calculatedEbitda": 752900000}, {"date": "1998-12-31", "symbol": "URI", "reportedCurrency": "USD", "cik": "0001067701", "fillingDate": "1999-03-29", "acceptedDate": "1999-03-29 00:00:00", "calendarYear": "1998", "period": "FY", "revenue": 1220300000, "costOfRevenue": 619600000, "grossProfit": 600700000, "grossProfitRatio": 0.4922560026, "researchAndDevelopmentExpenses": 0, "generalAndAdministrativeExpenses": 0, "sellingAndMarketingExpenses": 0, "sellingGeneralAndAdministrativeExpenses": 195600000, "otherExpenses": 212400000, "operatingExpenses": 408000000, "costAndExpenses": 1027600000, "interestIncome": 0, "interestExpense": 185900000, "depreciationAndAmortization": 212400000, "ebitda": 455300000, "ebitdaratio": 0.3731049742, "operatingIncome": 192700000, "operatingIncomeRatio": 0.1579119889, "totalOtherIncomeExpensesNet": -50200000, "incomeBeforeTax": 78300000, "incomeBeforeTaxRatio": 0.0641645497, "incomeTaxExpense": 43500000, "netIncome": 13500000, "netIncomeRatio": 0.0110628534, "eps": 0.2, "epsdiluted": 0.18, "weightedAverageShsOut": 67500001, "weightedAverageShsOutDil": 75000001, "link": "https://www.sec.gov/Archives/edgar/data/1067701/000095013099001716/0000950130-99-001716-index.html", "finalLink": "https://www.sec.gov/Archives/edgar/data/1047166/", "calculatedOtherExpenses": 212400000, "calculatedOperatingExpenses": 408000000, "calculatedNetInterest": -185900000, "calculatedOtherIncome": 71500000, "calculatedIncomeNonControlling": 21300000, "calculatedEbitda": 405100000}]}