{"originalCurrency": "USD", "convertedCurrency": "USD", "report": [{"date": "2023-12-31", "symbol": "USAC", "reportedCurrency": "USD", "cik": "0001522727", "fillingDate": "2024-02-13", "acceptedDate": "2024-02-13 16:30:59", "calendarYear": "2023", "period": "FY", "revenue": 846178000, "costOfRevenue": 530804000, "grossProfit": 315374000, "grossProfitRatio": 0.3727040883, "researchAndDevelopmentExpenses": 0, "generalAndAdministrativeExpenses": 0, "sellingAndMarketingExpenses": 0, "sellingGeneralAndAdministrativeExpenses": 72714000, "otherExpenses": 127000, "operatingExpenses": 72714000, "costAndExpenses": 603518000, "interestIncome": 0, "interestExpense": 169924000, "depreciationAndAmortization": 246096000, "ebitda": 488883000, "ebitdaratio": 0.5777543259, "operatingIncome": 231981000, "operatingIncomeRatio": 0.2741515379, "totalOtherIncomeExpensesNet": -3103000, "incomeBeforeTax": 69633000, "incomeBeforeTaxRatio": 0.0822911964, "incomeTaxExpense": 1365000, "netIncome": 20493000, "netIncomeRatio": 0.0242183087, "eps": 0.21, "epsdiluted": 0.2, "weightedAverageShsOut": 98634000, "weightedAverageShsOutDil": 100675000, "link": "https://www.sec.gov/Archives/edgar/data/1522727/000152272724000008/0001522727-24-000008-index.htm", "finalLink": "https://www.sec.gov/Archives/edgar/data/1522727/000152272724000008/usac-20231231.htm", "calculatedOtherExpenses": 10679000, "calculatedOperatingExpenses": 83393000, "calculatedNetInterest": -169924000, "calculatedOtherIncome": 7576000, "calculatedIncomeNonControlling": 47775000, "calculatedEbitda": 478077000}, {"date": "2022-12-31", "symbol": "USAC", "reportedCurrency": "USD", "cik": "0001522727", "fillingDate": "2023-02-14", "acceptedDate": "2023-02-14 16:59:34", "calendarYear": "2022", "period": "FY", "revenue": 704598000, "costOfRevenue": 471013000, "grossProfit": 233585000, "grossProfitRatio": 0.3315152754, "researchAndDevelopmentExpenses": 0, "generalAndAdministrativeExpenses": 0, "sellingAndMarketingExpenses": 0, "sellingGeneralAndAdministrativeExpenses": 61278000, "otherExpenses": 91000, "operatingExpenses": 61278000, "costAndExpenses": 532291000, "interestIncome": 138050000, "interestExpense": 138050000, "depreciationAndAmortization": 236677000, "ebitda": 172398000, "ebitdaratio": 0.2446756874, "operatingIncome": -64279000, "operatingIncomeRatio": -0.0912279058, "totalOtherIncomeExpensesNet": 95613000, "incomeBeforeTax": 31334000, "incomeBeforeTaxRatio": 0.0444707479, "incomeTaxExpense": 1016000, "netIncome": 30318000, "netIncomeRatio": 0.0430287909, "eps": -0.19, "epsdiluted": -0.19, "weightedAverageShsOut": 97780000, "weightedAverageShsOutDil": 97780000, "link": "https://www.sec.gov/Archives/edgar/data/1522727/000152272723000006/0001522727-23-000006-index.htm", "finalLink": "https://www.sec.gov/Archives/edgar/data/1522727/000152272723000006/usac-20221231.htm", "calculatedOtherExpenses": 236586000, "calculatedOperatingExpenses": 297864000, "calculatedNetInterest": 0, "calculatedOtherIncome": 95613000, "calculatedIncomeNonControlling": 0, "calculatedEbitda": 172398000}, {"date": "2021-12-31", "symbol": "USAC", "reportedCurrency": "USD", "cik": "0001522727", "fillingDate": "2022-02-15", "acceptedDate": "2022-02-15 16:31:08", "calendarYear": "2021", "period": "FY", "revenue": 632645000, "costOfRevenue": 433158000, "grossProfit": 199487000, "grossProfitRatio": 0.3153221791, "researchAndDevelopmentExpenses": 0, "generalAndAdministrativeExpenses": 0, "sellingAndMarketingExpenses": 0, "sellingGeneralAndAdministrativeExpenses": 56082000, "otherExpenses": 107000, "operatingExpenses": 56082000, "costAndExpenses": 489240000, "interestIncome": 100000, "interestExpense": 129826000, "depreciationAndAmortization": 238769000, "ebitda": 143512000, "ebitdaratio": 0.2268444388, "operatingIncome": -95257000, "operatingIncomeRatio": -0.1505694347, "totalOtherIncomeExpensesNet": 106410000, "incomeBeforeTax": 11153000, "incomeBeforeTaxRatio": 0.0176291601, "incomeTaxExpense": 874000, "netIncome": 10279000, "netIncomeRatio": 0.0162476586, "eps": -0.4, "epsdiluted": -0.4, "weightedAverageShsOut": 97068000, "weightedAverageShsOutDil": 97068000, "link": "https://www.sec.gov/Archives/edgar/data/1522727/000152272722000006/0001522727-22-000006-index.htm", "finalLink": "https://www.sec.gov/Archives/edgar/data/1522727/000152272722000006/usac-20211231.htm", "calculatedOtherExpenses": 238662000, "calculatedOperatingExpenses": 294744000, "calculatedNetInterest": -129726000, "calculatedOtherIncome": 236136000, "calculatedIncomeNonControlling": 0, "calculatedEbitda": 143512000}, {"date": "2020-12-31", "symbol": "USAC", "reportedCurrency": "USD", "cik": "0001522727", "fillingDate": "2021-02-16", "acceptedDate": "2021-02-16 16:32:33", "calendarYear": "2020", "period": "FY", "revenue": 667683000, "costOfRevenue": 444907000, "grossProfit": 222776000, "grossProfitRatio": 0.3336553424, "researchAndDevelopmentExpenses": 0, "generalAndAdministrativeExpenses": 0, "sellingAndMarketingExpenses": 0, "sellingGeneralAndAdministrativeExpenses": 59981000, "otherExpenses": 86000, "operatingExpenses": 59981000, "costAndExpenses": 504888000, "interestIncome": 400000, "interestExpense": 128633000, "depreciationAndAmortization": 238968000, "ebitda": 162881000, "ebitdaratio": 0.2439495988, "operatingIncome": -76087000, "operatingIncomeRatio": -0.1139567729, "totalOtherIncomeExpensesNet": -517312000, "incomeBeforeTax": -593399000, "incomeBeforeTaxRatio": -0.8887436104, "incomeTaxExpense": 1333000, "netIncome": -594732000, "netIncomeRatio": -0.8907400668, "eps": -6.14, "epsdiluted": -6.14, "weightedAverageShsOut": 96816000, "weightedAverageShsOutDil": 96816000, "link": "https://www.sec.gov/Archives/edgar/data/1522727/000152272721000010/0001522727-21-000010-index.htm", "finalLink": "https://www.sec.gov/Archives/edgar/data/1522727/000152272721000010/usac-20201231.htm", "calculatedOtherExpenses": 238882000, "calculatedOperatingExpenses": 298863000, "calculatedNetInterest": -128233000, "calculatedOtherIncome": -389079000, "calculatedIncomeNonControlling": 0, "calculatedEbitda": 162881000}, {"date": "2019-12-31", "symbol": "USAC", "reportedCurrency": "USD", "cik": "0001522727", "fillingDate": "2020-02-18", "acceptedDate": "2020-02-18 16:33:05", "calendarYear": "2019", "period": "FY", "revenue": 698365000, "costOfRevenue": 458750000, "grossProfit": 239615000, "grossProfitRatio": 0.3431085464, "researchAndDevelopmentExpenses": 0, "generalAndAdministrativeExpenses": 0, "sellingAndMarketingExpenses": 0, "sellingGeneralAndAdministrativeExpenses": 64397000, "otherExpenses": 80000, "operatingExpenses": 64397000, "costAndExpenses": 523147000, "interestIncome": 700000, "interestExpense": 127146000, "depreciationAndAmortization": 231447000, "ebitda": 175298000, "ebitdaratio": 0.2510120066, "operatingIncome": -56149000, "operatingIncomeRatio": -0.0804006501, "totalOtherIncomeExpensesNet": 97467000, "incomeBeforeTax": 41318000, "incomeBeforeTaxRatio": 0.0591639043, "incomeTaxExpense": 2186000, "netIncome": 39132000, "netIncomeRatio": 0.0560337359, "eps": -0.0996, "epsdiluted": -0.0996, "weightedAverageShsOut": 96592000, "weightedAverageShsOutDil": 96592000, "link": "https://www.sec.gov/Archives/edgar/data/1522727/000152272720000005/0001522727-20-000005-index.htm", "finalLink": "https://www.sec.gov/Archives/edgar/data/1522727/000152272720000005/usac201910-k.htm", "calculatedOtherExpenses": 231367000, "calculatedOperatingExpenses": 295764000, "calculatedNetInterest": -126446000, "calculatedOtherIncome": 223913000, "calculatedIncomeNonControlling": 0, "calculatedEbitda": 175298000}, {"date": "2018-12-31", "symbol": "USAC", "reportedCurrency": "USD", "cik": "0001522727", "fillingDate": "2019-02-19", "acceptedDate": "2019-02-19 17:18:44", "calendarYear": "2018", "period": "FY", "revenue": 584352000, "costOfRevenue": 428416000, "grossProfit": 155936000, "grossProfitRatio": 0.2668528558, "researchAndDevelopmentExpenses": 0, "generalAndAdministrativeExpenses": 304317000, "sellingAndMarketingExpenses": -235322000, "sellingGeneralAndAdministrativeExpenses": 68995000, "otherExpenses": 41000, "operatingExpenses": 68995000, "costAndExpenses": 497411000, "interestIncome": 0, "interestExpense": 78377000, "depreciationAndAmortization": 213692000, "ebitda": 86982000, "ebitdaratio": 0.1488520618, "operatingIncome": 65311000, "operatingIncomeRatio": 0.111766538, "totalOtherIncomeExpensesNet": -21589000, "incomeBeforeTax": -13025000, "incomeBeforeTaxRatio": -0.0222896473, "incomeTaxExpense": -2474000, "netIncome": -10551000, "netIncomeRatio": -0.0180558978, "eps": -0.0966, "epsdiluted": -0.0966, "weightedAverageShsOut": 109258140, "weightedAverageShsOutDil": 109258140, "link": "https://www.sec.gov/Archives/edgar/data/1522727/000155837019000738/0001558370-19-000738-index.htm", "finalLink": "https://www.sec.gov/Archives/edgar/data/1522727/000155837019000738/usac-20181231x10k.htm", "calculatedOtherExpenses": 21630000, "calculatedOperatingExpenses": 90625000, "calculatedNetInterest": -78377000, "calculatedOtherIncome": 41000, "calculatedIncomeNonControlling": 0, "calculatedEbitda": 279003000}, {"date": "2017-12-31", "symbol": "USAC", "reportedCurrency": "USD", "cik": "0001522727", "fillingDate": "2018-02-13", "acceptedDate": "2018-02-12 20:06:37", "calendarYear": "2017", "period": "FY", "revenue": 280222000, "costOfRevenue": 191194000, "grossProfit": 89028000, "grossProfitRatio": 0.317705248, "researchAndDevelopmentExpenses": 0, "generalAndAdministrativeExpenses": 150551000, "sellingAndMarketingExpenses": -103068000, "sellingGeneralAndAdministrativeExpenses": 47483000, "otherExpenses": 27000, "operatingExpenses": 47483000, "costAndExpenses": 238677000, "interestIncome": 0, "interestExpense": 25129000, "depreciationAndAmortization": 98603000, "ebitda": 41572000, "ebitdaratio": 0.1483538052, "operatingIncome": 37080000, "operatingIncomeRatio": 0.1323236577, "totalOtherIncomeExpensesNet": -4438000, "incomeBeforeTax": 11978000, "incomeBeforeTaxRatio": 0.042744681, "incomeTaxExpense": 538000, "netIncome": 11440000, "netIncomeRatio": 0.0408247746, "eps": 0.16, "epsdiluted": 0.16, "weightedAverageShsOut": 61555000, "weightedAverageShsOutDil": 61835000, "link": "https://www.sec.gov/Archives/edgar/data/1522727/000155837018000600/0001558370-18-000600-index.htm", "finalLink": "https://www.sec.gov/Archives/edgar/data/1522727/000155837018000600/usac-20171231x10k.htm", "calculatedOtherExpenses": 4465000, "calculatedOperatingExpenses": 51948000, "calculatedNetInterest": -25129000, "calculatedOtherIncome": 27000, "calculatedIncomeNonControlling": 0, "calculatedEbitda": 135683000}, {"date": "2016-12-31", "symbol": "USAC", "reportedCurrency": "USD", "cik": "0001522727", "fillingDate": "2017-02-13", "acceptedDate": "2017-02-13 16:57:33", "calendarYear": "2016", "period": "FY", "revenue": 265921000, "costOfRevenue": 180498000, "grossProfit": 85423000, "grossProfitRatio": 0.321234502, "researchAndDevelopmentExpenses": 0, "generalAndAdministrativeExpenses": 0, "sellingAndMarketingExpenses": 0, "sellingGeneralAndAdministrativeExpenses": 44483000, "otherExpenses": 35000, "operatingExpenses": 44483000, "costAndExpenses": 224981000, "interestIncome": 0, "interestExpense": 21087000, "depreciationAndAmortization": 92337000, "ebitda": 40975000, "ebitdaratio": 0.1540871161, "operatingIncome": 34408000, "operatingIncomeRatio": 0.1293918119, "totalOtherIncomeExpensesNet": -6497000, "incomeBeforeTax": 13356000, "incomeBeforeTaxRatio": 0.0502254429, "incomeTaxExpense": 421000, "netIncome": 12935000, "netIncomeRatio": 0.0486422659, "eps": 0.27, "epsdiluted": 0.27, "weightedAverageShsOut": 54809000, "weightedAverageShsOutDil": 55110000, "link": "https://www.sec.gov/Archives/edgar/data/1522727/000155837017000559/0001558370-17-000559-index.htm", "finalLink": "https://www.sec.gov/Archives/edgar/data/1522727/000155837017000559/usac-20161231x10k.htm", "calculatedOtherExpenses": 6532000, "calculatedOperatingExpenses": 51015000, "calculatedNetInterest": -21087000, "calculatedOtherIncome": 35000, "calculatedIncomeNonControlling": 0, "calculatedEbitda": 126745000}, {"date": "2015-12-31", "symbol": "USAC", "reportedCurrency": "USD", "cik": "0001522727", "fillingDate": "2016-02-11", "acceptedDate": "2016-02-11 17:09:50", "calendarYear": "2015", "period": "FY", "revenue": 270545000, "costOfRevenue": 166777000, "grossProfit": 103768000, "grossProfitRatio": 0.3835517197, "researchAndDevelopmentExpenses": 0, "generalAndAdministrativeExpenses": 324611000, "sellingAndMarketingExpenses": -283661000, "sellingGeneralAndAdministrativeExpenses": 40950000, "otherExpenses": 22000, "operatingExpenses": 40950000, "costAndExpenses": 207727000, "interestIncome": 0, "interestExpense": 17605000, "depreciationAndAmortization": 85238000, "ebitda": 62840000, "ebitdaratio": 0.2322718956, "operatingIncome": -135605000, "operatingIncomeRatio": -0.5012290007, "totalOtherIncomeExpensesNet": -198401000, "incomeBeforeTax": -153188000, "incomeBeforeTaxRatio": -0.5662200373, "incomeTaxExpense": 1085000, "netIncome": -154273000, "netIncomeRatio": -0.5702304607, "eps": -3.2, "epsdiluted": -3.2, "weightedAverageShsOut": 48158135, "weightedAverageShsOutDil": 48158135, "link": "https://www.sec.gov/Archives/edgar/data/1522727/000155837016003160/0001558370-16-003160-index.htm", "finalLink": "https://www.sec.gov/Archives/edgar/data/1522727/000155837016003160/usac-20151231x10k.htm", "calculatedOtherExpenses": 198423000, "calculatedOperatingExpenses": 239373000, "calculatedNetInterest": -17605000, "calculatedOtherIncome": 22000, "calculatedIncomeNonControlling": 0, "calculatedEbitda": -50367000}, {"date": "2014-12-31", "symbol": "USAC", "reportedCurrency": "USD", "cik": "0001522727", "fillingDate": "2015-02-19", "acceptedDate": "2015-02-19 16:38:33", "calendarYear": "2014", "period": "FY", "revenue": 221509000, "costOfRevenue": 145191000, "grossProfit": 76318000, "grossProfitRatio": 0.3445367908, "researchAndDevelopmentExpenses": 0, "generalAndAdministrativeExpenses": 109907000, "sellingAndMarketingExpenses": -71189000, "sellingGeneralAndAdministrativeExpenses": 38718000, "otherExpenses": 11000, "operatingExpenses": 38718000, "costAndExpenses": 183909000, "interestIncome": 0, "interestExpense": 12529000, "depreciationAndAmortization": 71156000, "ebitda": 37611000, "ebitdaratio": 0.1697944553, "operatingIncome": 37567000, "operatingIncomeRatio": 0.1695958178, "totalOtherIncomeExpensesNet": -22000, "incomeBeforeTax": 25049000, "incomeBeforeTaxRatio": 0.1130834413, "incomeTaxExpense": 103000, "netIncome": 24946000, "netIncomeRatio": 0.1126184489, "eps": 0.6, "epsdiluted": 0.6, "weightedAverageShsOut": 42136086, "weightedAverageShsOutDil": 42195034, "link": "https://www.sec.gov/Archives/edgar/data/1522727/000155837015000104/0001558370-15-000104-index.htm", "finalLink": "https://www.sec.gov/Archives/edgar/data/1522727/000155837015000104/usac-20141231x10k.htm", "calculatedOtherExpenses": 33000, "calculatedOperatingExpenses": 38751000, "calculatedNetInterest": -12529000, "calculatedOtherIncome": 11000, "calculatedIncomeNonControlling": 0, "calculatedEbitda": 108723000}, {"date": "2013-12-31", "symbol": "USAC", "reportedCurrency": "USD", "cik": "0001522727", "fillingDate": "2014-02-20", "acceptedDate": "2014-02-20 16:16:56", "calendarYear": "2013", "period": "FY", "revenue": 152918000, "costOfRevenue": 101014000, "grossProfit": 51904000, "grossProfitRatio": 0.3394237434, "researchAndDevelopmentExpenses": 0, "generalAndAdministrativeExpenses": 0, "sellingAndMarketingExpenses": 0, "sellingGeneralAndAdministrativeExpenses": 27587000, "otherExpenses": 9000, "operatingExpenses": 27587000, "costAndExpenses": 128601000, "interestIncome": 0, "interestExpense": 12488000, "depreciationAndAmortization": 52917000, "ebitda": 24326000, "ebitdaratio": 0.1590787219, "operatingIncome": 23830000, "operatingIncomeRatio": 0.1558351535, "totalOtherIncomeExpensesNet": -478000, "incomeBeforeTax": 11351000, "incomeBeforeTaxRatio": 0.0742293255, "incomeTaxExpense": 280000, "netIncome": 10536000, "netIncomeRatio": 0.0688996717, "eps": 0.32, "epsdiluted": 0.32, "weightedAverageShsOut": 32091663, "weightedAverageShsOutDil": 32135333, "link": "https://www.sec.gov/Archives/edgar/data/1522727/000110465914011834/0001104659-14-011834-index.htm", "finalLink": "https://www.sec.gov/Archives/edgar/data/1522727/000110465914011834/a13-26811_110k.htm", "calculatedOtherExpenses": 487000, "calculatedOperatingExpenses": 28074000, "calculatedNetInterest": -12488000, "calculatedOtherIncome": 9000, "calculatedIncomeNonControlling": 535000, "calculatedEbitda": 76747000}, {"date": "2012-12-31", "symbol": "USAC", "reportedCurrency": "USD", "cik": "0001522727", "fillingDate": "2013-03-28", "acceptedDate": "2013-03-28 17:12:22", "calendarYear": "2012", "period": "FY", "revenue": 118787000, "costOfRevenue": 79676000, "grossProfit": 39111000, "grossProfitRatio": 0.3292532011, "researchAndDevelopmentExpenses": 0, "generalAndAdministrativeExpenses": 0, "sellingAndMarketingExpenses": 0, "sellingGeneralAndAdministrativeExpenses": 18269000, "otherExpenses": 28000, "operatingExpenses": 18269000, "costAndExpenses": 97945000, "interestIncome": 0, "interestExpense": 15905000, "depreciationAndAmortization": 41880318, "ebitda": 20870000, "ebitdaratio": 0.1756926263, "operatingIncome": 20576000, "operatingIncomeRatio": 0.173217608, "totalOtherIncomeExpensesNet": -238000, "incomeBeforeTax": 4699000, "incomeBeforeTaxRatio": 0.0395582008, "incomeTaxExpense": 196000, "netIncome": 4503000, "netIncomeRatio": 0.0379081886, "eps": 0.15, "epsdiluted": 0.15, "weightedAverageShsOut": 29097176, "weightedAverageShsOutDil": 29097176, "link": "https://www.sec.gov/Archives/edgar/data/1522727/000110465913025456/0001104659-13-025456-index.htm", "finalLink": "https://www.sec.gov/Archives/edgar/data/1522727/000110465913025456/a13-8750_110k.htm", "calculatedOtherExpenses": 266000, "calculatedOperatingExpenses": 18535000, "calculatedNetInterest": -15905000, "calculatedOtherIncome": 28000, "calculatedIncomeNonControlling": 0, "calculatedEbitda": 62456318}, {"date": "2011-12-31", "symbol": "USAC", "reportedCurrency": "USD", "cik": "0001522727", "fillingDate": "2011-12-31", "acceptedDate": "2011-12-30 19:00:00", "calendarYear": "2011", "period": "FY", "revenue": 98720719, "costOfRevenue": 72343116, "grossProfit": 26377603, "grossProfitRatio": 0.2671941946, "researchAndDevelopmentExpenses": 0, "generalAndAdministrativeExpenses": 0, "sellingAndMarketingExpenses": 0, "sellingGeneralAndAdministrativeExpenses": 12725930, "otherExpenses": 20828, "operatingExpenses": 12725930, "costAndExpenses": 85069046, "interestIncome": 0, "interestExpense": 12970019, "depreciationAndAmortization": 32737779, "ebitda": 46410280, "ebitdaratio": 0.4701169164, "operatingIncome": 13173304, "operatingIncomeRatio": 0.133440114, "totalOtherIncomeExpensesNet": -457541, "incomeBeforeTax": 224113, "incomeBeforeTaxRatio": 0.0022701719, "incomeTaxExpense": 154872, "netIncome": 6736, "netIncomeRatio": 6.82329e-05, "eps": 0.23, "epsdiluted": 0.23, "weightedAverageShsOut": 29098000, "weightedAverageShsOutDil": 29098000, "link": "", "finalLink": "", "calculatedOtherExpenses": 478369, "calculatedOperatingExpenses": 13204299, "calculatedNetInterest": -12970019, "calculatedOtherIncome": 20828, "calculatedIncomeNonControlling": 62505, "calculatedEbitda": 45911083}, {"date": "2010-12-31", "symbol": "USAC", "reportedCurrency": "USD", "cik": "0001522727", "fillingDate": "2010-12-31", "acceptedDate": "2010-12-30 19:00:00", "calendarYear": "2010", "period": "FY", "revenue": 92028171, "costOfRevenue": 33291543, "grossProfit": 58736628, "grossProfitRatio": 0.6382461736, "researchAndDevelopmentExpenses": 0, "generalAndAdministrativeExpenses": 0, "sellingAndMarketingExpenses": 0, "sellingGeneralAndAdministrativeExpenses": 11369996, "otherExpenses": 24569323, "operatingExpenses": 35939319, "costAndExpenses": 69230862, "interestIncome": 0, "interestExpense": 12279162, "depreciationAndAmortization": 24569323, "ebitda": 47366632, "ebitdaratio": 0.514697092, "operatingIncome": 22887108, "operatingIncomeRatio": 0.2486967605, "totalOtherIncomeExpensesNet": 116490, "incomeBeforeTax": 10634637, "incomeBeforeTaxRatio": 0.1155584957, "incomeTaxExpense": 155179, "netIncome": 10479458, "netIncomeRatio": 0.1138722837, "eps": 0.36, "epsdiluted": 0.36, "weightedAverageShsOut": 29098000, "weightedAverageShsOutDil": 29098000, "link": "", "finalLink": "", "calculatedOtherExpenses": 24479524, "calculatedOperatingExpenses": 35849520, "calculatedNetInterest": -12279162, "calculatedOtherIncome": 26691, "calculatedIncomeNonControlling": 0, "calculatedEbitda": 47456431}, {"date": "2009-12-31", "symbol": "USAC", "reportedCurrency": "USD", "cik": "0001522727", "fillingDate": "2009-12-31", "acceptedDate": "2009-12-30 19:00:00", "calendarYear": "2009", "period": "FY", "revenue": 95227672, "costOfRevenue": 53052406, "grossProfit": 42175266, "grossProfitRatio": 0.4428887645, "researchAndDevelopmentExpenses": 0, "generalAndAdministrativeExpenses": 0, "sellingAndMarketingExpenses": 0, "sellingGeneralAndAdministrativeExpenses": 9136298, "otherExpenses": 24543, "operatingExpenses": 9136298, "costAndExpenses": 62188704, "interestIncome": 0, "interestExpense": 10042680, "depreciationAndAmortization": 22957029, "ebitda": 56020540, "ebitdaratio": 0.5882800537, "operatingIncome": 31436039, "operatingIncomeRatio": 0.3301145386, "totalOtherIncomeExpensesNet": -1578386, "incomeBeforeTax": 21417902, "incomeBeforeTaxRatio": 0.2249125863, "incomeTaxExpense": 190164, "netIncome": 21227738, "netIncomeRatio": 0.2229156458, "eps": 0.73, "epsdiluted": 0.73, "weightedAverageShsOut": 29098000, "weightedAverageShsOutDil": 29098000, "link": "", "finalLink": "", "calculatedOtherExpenses": 1602929, "calculatedOperatingExpenses": 10739227, "calculatedNetInterest": -10042680, "calculatedOtherIncome": 24543, "calculatedIncomeNonControlling": 0, "calculatedEbitda": 54393068}]}