{"originalCurrency": "USD", "convertedCurrency": "USD", "report": [{"date": "2023-12-31", "symbol": "USB", "reportedCurrency": "USD", "cik": "0000036104", "fillingDate": "2024-02-20", "acceptedDate": "2024-02-20 17:10:20", "calendarYear": "2023", "period": "FY", "revenue": 28013000000, "costOfRevenue": 0, "grossProfit": 28013000000, "grossProfitRatio": 1, "researchAndDevelopmentExpenses": 0, "generalAndAdministrativeExpenses": 10416000000, "sellingAndMarketingExpenses": 726000000, "sellingGeneralAndAdministrativeExpenses": 11142000000, "otherExpenses": -32319000000, "operatingExpenses": -21177000000, "costAndExpenses": -21177000000, "interestIncome": 30007000000, "interestExpense": 12611000000, "depreciationAndAmortization": 1018000000, "ebitda": 7854000000, "ebitdaratio": 0.2803698283, "operatingIncome": 6836000000, "operatingIncomeRatio": 0.2440295577, "totalOtherIncomeExpensesNet": 29000000, "incomeBeforeTax": 6865000000, "incomeBeforeTaxRatio": 0.2450647913, "incomeTaxExpense": 1407000000, "netIncome": 5429000000, "netIncomeRatio": 0.1938028772, "eps": 3.27, "epsdiluted": 3.27, "weightedAverageShsOut": 1543000000, "weightedAverageShsOutDil": 1543000000, "link": "https://www.sec.gov/Archives/edgar/data/36104/000003610424000018/0000036104-24-000018-index.htm", "finalLink": "https://www.sec.gov/Archives/edgar/data/36104/000003610424000018/usb-20231231.htm", "calculatedOtherExpenses": 10035000000, "calculatedOperatingExpenses": 21177000000, "calculatedNetInterest": 17396000000, "calculatedOtherIncome": -17367000000, "calculatedIncomeNonControlling": 29000000, "calculatedEbitda": 7854000000}, {"date": "2022-12-31", "symbol": "USB", "reportedCurrency": "USD", "cik": "0000036104", "fillingDate": "2023-02-27", "acceptedDate": "2023-02-27 15:41:21", "calendarYear": "2022", "period": "FY", "revenue": 24184000000, "costOfRevenue": 0, "grossProfit": 24184000000, "grossProfitRatio": 1, "researchAndDevelopmentExpenses": 0, "generalAndAdministrativeExpenses": 9157000000, "sellingAndMarketingExpenses": 456000000, "sellingGeneralAndAdministrativeExpenses": 9613000000, "otherExpenses": -23292000000, "operatingExpenses": -13679000000, "costAndExpenses": -13679000000, "interestIncome": 17945000000, "interestExpense": 3217000000, "depreciationAndAmortization": 215000000, "ebitda": 10720000000, "ebitdaratio": 0.4432682765, "operatingIncome": 10505000000, "operatingIncomeRatio": 0.4343781012, "totalOtherIncomeExpensesNet": -3204000000, "incomeBeforeTax": 7301000000, "incomeBeforeTaxRatio": 0.3018938141, "incomeTaxExpense": 1463000000, "netIncome": 5825000000, "netIncomeRatio": 0.2408617268, "eps": 3.69, "epsdiluted": 3.69, "weightedAverageShsOut": 1489000000, "weightedAverageShsOutDil": 1490000000, "link": "https://www.sec.gov/Archives/edgar/data/36104/000119312523050691/0001193125-23-050691-index.htm", "finalLink": "https://www.sec.gov/Archives/edgar/data/36104/000119312523050691/d410791d10k.htm", "calculatedOtherExpenses": 4066000000, "calculatedOperatingExpenses": 13679000000, "calculatedNetInterest": 14728000000, "calculatedOtherIncome": -17932000000, "calculatedIncomeNonControlling": 13000000, "calculatedEbitda": 10720000000}, {"date": "2021-12-31", "symbol": "USB", "reportedCurrency": "USD", "cik": "0000036104", "fillingDate": "2022-02-22", "acceptedDate": "2022-02-22 17:14:10", "calendarYear": "2021", "period": "FY", "revenue": 22721000000, "costOfRevenue": 0, "grossProfit": 22721000000, "grossProfitRatio": 1, "researchAndDevelopmentExpenses": 0, "generalAndAdministrativeExpenses": 8728000000, "sellingAndMarketingExpenses": 366000000, "sellingGeneralAndAdministrativeExpenses": 9094000000, "otherExpenses": -21671000000, "operatingExpenses": -12577000000, "costAndExpenses": -12577000000, "interestIncome": 13487000000, "interestExpense": 993000000, "depreciationAndAmortization": 159000000, "ebitda": 10303000000, "ebitdaratio": 0.4534571542, "operatingIncome": 10144000000, "operatingIncomeRatio": 0.4464592227, "totalOtherIncomeExpensesNet": 22000000, "incomeBeforeTax": 10166000000, "incomeBeforeTaxRatio": 0.44742749, "incomeTaxExpense": 2181000000, "netIncome": 7963000000, "netIncomeRatio": 0.3504687294, "eps": 5.11, "epsdiluted": 5.1, "weightedAverageShsOut": 1489000000, "weightedAverageShsOutDil": 1490000000, "link": "https://www.sec.gov/Archives/edgar/data/36104/000119312522048709/0001193125-22-048709-index.htm", "finalLink": "https://www.sec.gov/Archives/edgar/data/36104/000119312522048709/d256232d10k.htm", "calculatedOtherExpenses": 3483000000, "calculatedOperatingExpenses": 12577000000, "calculatedNetInterest": 12494000000, "calculatedOtherIncome": -12472000000, "calculatedIncomeNonControlling": 22000000, "calculatedEbitda": 10303000000}, {"date": "2020-12-31", "symbol": "USB", "reportedCurrency": "USD", "cik": "0000036104", "fillingDate": "2021-02-23", "acceptedDate": "2021-02-23 17:13:37", "calendarYear": "2020", "period": "FY", "revenue": 23226000000, "costOfRevenue": 0, "grossProfit": 23226000000, "grossProfitRatio": 1, "researchAndDevelopmentExpenses": 0, "generalAndAdministrativeExpenses": 7938000000, "sellingAndMarketingExpenses": 318000000, "sellingGeneralAndAdministrativeExpenses": 8256000000, "otherExpenses": -25457000000, "operatingExpenses": -17201000000, "costAndExpenses": -17201000000, "interestIncome": 14840000000, "interestExpense": 2015000000, "depreciationAndAmortization": 176000000, "ebitda": 6201000000, "ebitdaratio": 0.2669852751, "operatingIncome": 6025000000, "operatingIncomeRatio": 0.2594075605, "totalOtherIncomeExpensesNet": 26000000, "incomeBeforeTax": 6051000000, "incomeBeforeTaxRatio": 0.2605269956, "incomeTaxExpense": 1066000000, "netIncome": 4959000000, "netIncomeRatio": 0.2135107207, "eps": 3.06, "epsdiluted": 3.06, "weightedAverageShsOut": 1509000000, "weightedAverageShsOutDil": 1510000000, "link": "https://www.sec.gov/Archives/edgar/data/36104/000119312521052547/0001193125-21-052547-index.htm", "finalLink": "https://www.sec.gov/Archives/edgar/data/36104/000119312521052547/d14650d10k.htm", "calculatedOtherExpenses": 8945000000, "calculatedOperatingExpenses": 17201000000, "calculatedNetInterest": 12825000000, "calculatedOtherIncome": -12799000000, "calculatedIncomeNonControlling": 26000000, "calculatedEbitda": 6201000000}, {"date": "2019-12-31", "symbol": "USB", "reportedCurrency": "USD", "cik": "0000036104", "fillingDate": "2020-02-20", "acceptedDate": "2020-02-20 16:58:09", "calendarYear": "2019", "period": "FY", "revenue": 22883000000, "costOfRevenue": 0, "grossProfit": 22883000000, "grossProfitRatio": 1, "researchAndDevelopmentExpenses": 0, "generalAndAdministrativeExpenses": 7611000000, "sellingAndMarketingExpenses": 426000000, "sellingGeneralAndAdministrativeExpenses": 8037000000, "otherExpenses": -22358000000, "operatingExpenses": -14321000000, "costAndExpenses": -14321000000, "interestIncome": 17494000000, "interestExpense": 4442000000, "depreciationAndAmortization": 168000000, "ebitda": 8730000000, "ebitdaratio": 0.3815059214, "operatingIncome": 8562000000, "operatingIncomeRatio": 0.3741642267, "totalOtherIncomeExpensesNet": 32000000, "incomeBeforeTax": 8594000000, "incomeBeforeTaxRatio": 0.3755626448, "incomeTaxExpense": 1648000000, "netIncome": 6914000000, "netIncomeRatio": 0.3021456977, "eps": 4.16, "epsdiluted": 4.16, "weightedAverageShsOut": 1581000000, "weightedAverageShsOutDil": 1583000000, "link": "https://www.sec.gov/Archives/edgar/data/36104/000119312520043622/0001193125-20-043622-index.htm", "finalLink": "https://www.sec.gov/Archives/edgar/data/36104/000119312520043622/d597518d10k.htm", "calculatedOtherExpenses": 6284000000, "calculatedOperatingExpenses": 14321000000, "calculatedNetInterest": 13052000000, "calculatedOtherIncome": -13020000000, "calculatedIncomeNonControlling": 32000000, "calculatedEbitda": 8730000000}, {"date": "2018-12-31", "symbol": "USB", "reportedCurrency": "USD", "cik": "0000036104", "fillingDate": "2019-02-22", "acceptedDate": "2019-02-21 18:03:40", "calendarYear": "2018", "period": "FY", "revenue": 22521000000, "costOfRevenue": 340000000, "grossProfit": 22181000000, "grossProfitRatio": 0.9849029794, "researchAndDevelopmentExpenses": 0, "generalAndAdministrativeExpenses": 7393000000, "sellingAndMarketingExpenses": 429000000, "sellingGeneralAndAdministrativeExpenses": 7822000000, "otherExpenses": -18099000000, "operatingExpenses": -10277000000, "costAndExpenses": -10277000000, "interestIncome": 16173000000, "interestExpense": 3254000000, "depreciationAndAmortization": 161000000, "ebitda": 12371000000, "ebitdaratio": 0.5493095333, "operatingIncome": 11904000000, "operatingIncomeRatio": 0.5285733316, "totalOtherIncomeExpensesNet": -3226000000, "incomeBeforeTax": 8678000000, "incomeBeforeTaxRatio": 0.3853292483, "incomeTaxExpense": 1554000000, "netIncome": 7096000000, "netIncomeRatio": 0.3150836997, "eps": 4.34, "epsdiluted": 4.33, "weightedAverageShsOut": 1634000000, "weightedAverageShsOutDil": 1638000000, "link": "https://www.sec.gov/Archives/edgar/data/36104/000119312519047201/0001193125-19-047201-index.htm", "finalLink": "https://www.sec.gov/Archives/edgar/data/36104/000119312519047201/d584906d10k.htm", "calculatedOtherExpenses": 2455000000, "calculatedOperatingExpenses": 10277000000, "calculatedNetInterest": 12919000000, "calculatedOtherIncome": -16145000000, "calculatedIncomeNonControlling": 28000000, "calculatedEbitda": 12065000000}, {"date": "2017-12-31", "symbol": "USB", "reportedCurrency": "USD", "cik": "0000036104", "fillingDate": "2018-02-22", "acceptedDate": "2018-02-22 15:07:08", "calendarYear": "2017", "period": "FY", "revenue": 21852000000, "costOfRevenue": 0, "grossProfit": 21852000000, "grossProfitRatio": 1, "researchAndDevelopmentExpenses": 0, "generalAndAdministrativeExpenses": 6932000000, "sellingAndMarketingExpenses": 542000000, "sellingGeneralAndAdministrativeExpenses": 7474000000, "otherExpenses": -19407000000, "operatingExpenses": -11933000000, "costAndExpenses": -11933000000, "interestIncome": 14385000000, "interestExpense": 2144000000, "depreciationAndAmortization": 175000000, "ebitda": 10094000000, "ebitdaratio": 0.4619256819, "operatingIncome": 9919000000, "operatingIncomeRatio": 0.4539172616, "totalOtherIncomeExpensesNet": -2402000000, "incomeBeforeTax": 7517000000, "incomeBeforeTaxRatio": 0.3439959729, "incomeTaxExpense": 1264000000, "netIncome": 6218000000, "netIncomeRatio": 0.2845506132, "eps": 3.53, "epsdiluted": 3.51, "weightedAverageShsOut": 1677000000, "weightedAverageShsOutDil": 1683000000, "link": "https://www.sec.gov/Archives/edgar/data/36104/000119312518053893/0001193125-18-053893-index.htm", "finalLink": "https://www.sec.gov/Archives/edgar/data/36104/000119312518053893/d492040d10k.htm", "calculatedOtherExpenses": 4459000000, "calculatedOperatingExpenses": 11933000000, "calculatedNetInterest": 12241000000, "calculatedOtherIncome": -14643000000, "calculatedIncomeNonControlling": 35000000, "calculatedEbitda": 10094000000}, {"date": "2016-12-31", "symbol": "USB", "reportedCurrency": "USD", "cik": "0000036104", "fillingDate": "2017-02-23", "acceptedDate": "2017-02-23 15:41:34", "calendarYear": "2016", "period": "FY", "revenue": 21105000000, "costOfRevenue": 0, "grossProfit": 21105000000, "grossProfitRatio": 1, "researchAndDevelopmentExpenses": 0, "generalAndAdministrativeExpenses": 6331000000, "sellingAndMarketingExpenses": 435000000, "sellingGeneralAndAdministrativeExpenses": 6766000000, "otherExpenses": -17892000000, "operatingExpenses": -11126000000, "costAndExpenses": -11126000000, "interestIncome": 13167000000, "interestExpense": 1639000000, "depreciationAndAmortization": 179000000, "ebitda": 10158000000, "ebitdaratio": 0.481307747, "operatingIncome": 9979000000, "operatingIncomeRatio": 0.4728263445, "totalOtherIncomeExpensesNet": -1874000000, "incomeBeforeTax": 8105000000, "incomeBeforeTaxRatio": 0.3840322199, "incomeTaxExpense": 2161000000, "netIncome": 5888000000, "netIncomeRatio": 0.2789860223, "eps": 3.25, "epsdiluted": 3.24, "weightedAverageShsOut": 1718000000, "weightedAverageShsOutDil": 1724000000, "link": "https://www.sec.gov/Archives/edgar/data/36104/000119312517053947/0001193125-17-053947-index.htm", "finalLink": "https://www.sec.gov/Archives/edgar/data/36104/000119312517053947/d291857d10k.htm", "calculatedOtherExpenses": 4360000000, "calculatedOperatingExpenses": 11126000000, "calculatedNetInterest": 11528000000, "calculatedOtherIncome": -13402000000, "calculatedIncomeNonControlling": 56000000, "calculatedEbitda": 10158000000}, {"date": "2015-12-31", "symbol": "USB", "reportedCurrency": "USD", "cik": "0000036104", "fillingDate": "2016-02-25", "acceptedDate": "2016-02-25 17:16:00", "calendarYear": "2015", "period": "FY", "revenue": 20093000000, "costOfRevenue": 0, "grossProfit": 20093000000, "grossProfitRatio": 1, "researchAndDevelopmentExpenses": 0, "generalAndAdministrativeExpenses": 5979000000, "sellingAndMarketingExpenses": 361000000, "sellingGeneralAndAdministrativeExpenses": 6340000000, "otherExpenses": -16749000000, "operatingExpenses": -10409000000, "costAndExpenses": -10409000000, "interestIncome": 12402000000, "interestExpense": 1401000000, "depreciationAndAmortization": 174000000, "ebitda": 9858000000, "ebitdaratio": 0.4906186234, "operatingIncome": 9684000000, "operatingIncomeRatio": 0.4819588912, "totalOtherIncomeExpensesNet": -1654000000, "incomeBeforeTax": 8030000000, "incomeBeforeTaxRatio": 0.3996416663, "incomeTaxExpense": 2097000000, "netIncome": 5879000000, "netIncomeRatio": 0.292589459, "eps": 3.18, "epsdiluted": 3.16, "weightedAverageShsOut": 1764000000, "weightedAverageShsOutDil": 1772000000, "link": "https://www.sec.gov/Archives/edgar/data/36104/000119312516478568/0001193125-16-478568-index.htm", "finalLink": "https://www.sec.gov/Archives/edgar/data/36104/000119312516478568/d69262d10k.htm", "calculatedOtherExpenses": 4069000000, "calculatedOperatingExpenses": 10409000000, "calculatedNetInterest": 11001000000, "calculatedOtherIncome": -12655000000, "calculatedIncomeNonControlling": 54000000, "calculatedEbitda": 9858000000}, {"date": "2014-12-31", "symbol": "USB", "reportedCurrency": "USD", "cik": "0000036104", "fillingDate": "2015-02-27", "acceptedDate": "2015-02-27 13:57:50", "calendarYear": "2014", "period": "FY", "revenue": 19939000000, "costOfRevenue": 0, "grossProfit": 19939000000, "grossProfitRatio": 1, "researchAndDevelopmentExpenses": 0, "generalAndAdministrativeExpenses": 5564000000, "sellingAndMarketingExpenses": 382000000, "sellingGeneralAndAdministrativeExpenses": 5946000000, "otherExpenses": -16192000000, "operatingExpenses": -10246000000, "costAndExpenses": -10246000000, "interestIncome": 12228000000, "interestExpense": 1453000000, "depreciationAndAmortization": 199000000, "ebitda": 9892000000, "ebitdaratio": 0.4961131451, "operatingIncome": 9693000000, "operatingIncomeRatio": 0.4861327047, "totalOtherIncomeExpensesNet": -1698000000, "incomeBeforeTax": 7995000000, "incomeBeforeTaxRatio": 0.4009729676, "incomeTaxExpense": 2087000000, "netIncome": 5851000000, "netIncomeRatio": 0.2934450073, "eps": 3.1, "epsdiluted": 3.08, "weightedAverageShsOut": 1803000000, "weightedAverageShsOutDil": 1813000000, "link": "https://www.sec.gov/Archives/edgar/data/36104/000119312515068728/0001193125-15-068728-index.htm", "finalLink": "https://www.sec.gov/Archives/edgar/data/36104/000119312515068728/d826004d10k.htm", "calculatedOtherExpenses": 4300000000, "calculatedOperatingExpenses": 10246000000, "calculatedNetInterest": 10775000000, "calculatedOtherIncome": -12473000000, "calculatedIncomeNonControlling": 57000000, "calculatedEbitda": 9892000000}, {"date": "2013-12-31", "symbol": "USB", "reportedCurrency": "USD", "cik": "0000036104", "fillingDate": "2014-02-21", "acceptedDate": "2014-02-21 14:41:09", "calendarYear": "2013", "period": "FY", "revenue": 19378000000, "costOfRevenue": 0, "grossProfit": 19378000000, "grossProfitRatio": 1, "researchAndDevelopmentExpenses": 0, "generalAndAdministrativeExpenses": 5511000000, "sellingAndMarketingExpenses": 357000000, "sellingGeneralAndAdministrativeExpenses": 5868000000, "otherExpenses": -15400000000, "operatingExpenses": -9532000000, "costAndExpenses": -9532000000, "interestIncome": 12285000000, "interestExpense": 1681000000, "depreciationAndAmortization": 223000000, "ebitda": 10069000000, "ebitdaratio": 0.5196098669, "operatingIncome": 9846000000, "operatingIncomeRatio": 0.5081019713, "totalOtherIncomeExpensesNet": -2082000000, "incomeBeforeTax": 7764000000, "incomeBeforeTaxRatio": 0.4006605429, "incomeTaxExpense": 2032000000, "netIncome": 5836000000, "netIncomeRatio": 0.301166271, "eps": 3.02, "epsdiluted": 3, "weightedAverageShsOut": 1839000000, "weightedAverageShsOutDil": 1849000000, "link": "https://www.sec.gov/Archives/edgar/data/36104/000119312514062530/0001193125-14-062530-index.htm", "finalLink": "https://www.sec.gov/Archives/edgar/data/36104/000119312514062530/d633758d10k.htm", "calculatedOtherExpenses": 3664000000, "calculatedOperatingExpenses": 9532000000, "calculatedNetInterest": 10604000000, "calculatedOtherIncome": -12686000000, "calculatedIncomeNonControlling": -104000000, "calculatedEbitda": 10069000000}, {"date": "2012-12-31", "symbol": "USB", "reportedCurrency": "USD", "cik": "0000036104", "fillingDate": "2013-02-22", "acceptedDate": "2013-02-22 13:10:06", "calendarYear": "2012", "period": "FY", "revenue": 20064000000, "costOfRevenue": 0, "grossProfit": 20064000000, "grossProfitRatio": 1, "researchAndDevelopmentExpenses": 0, "generalAndAdministrativeExpenses": 5265000000, "sellingAndMarketingExpenses": 388000000, "sellingGeneralAndAdministrativeExpenses": 5653000000, "otherExpenses": -15409000000, "operatingExpenses": -9756000000, "costAndExpenses": -9756000000, "interestIncome": 12883000000, "interestExpense": 2138000000, "depreciationAndAmortization": 274000000, "ebitda": 10582000000, "ebitdaratio": 0.5274122807, "operatingIncome": 10308000000, "operatingIncomeRatio": 0.5137559809, "totalOtherIncomeExpensesNet": -2582000000, "incomeBeforeTax": 7726000000, "incomeBeforeTaxRatio": 0.3850677831, "incomeTaxExpense": 2236000000, "netIncome": 5647000000, "netIncomeRatio": 0.281449362, "eps": 2.85, "epsdiluted": 2.84, "weightedAverageShsOut": 1887000000, "weightedAverageShsOutDil": 1896000000, "link": "https://www.sec.gov/Archives/edgar/data/36104/000119312513071069/0001193125-13-071069-index.htm", "finalLink": "https://www.sec.gov/Archives/edgar/data/36104/000119312513071069/d445313d10k.htm", "calculatedOtherExpenses": 4103000000, "calculatedOperatingExpenses": 9756000000, "calculatedNetInterest": 10745000000, "calculatedOtherIncome": -13327000000, "calculatedIncomeNonControlling": -157000000, "calculatedEbitda": 10582000000}, {"date": "2011-12-31", "symbol": "USB", "reportedCurrency": "USD", "cik": "0000036104", "fillingDate": "2012-02-23", "acceptedDate": "2012-02-23 15:31:05", "calendarYear": "2011", "period": "FY", "revenue": 18883000000, "costOfRevenue": 309000000, "grossProfit": 18574000000, "grossProfitRatio": 0.9836360748, "researchAndDevelopmentExpenses": 0, "generalAndAdministrativeExpenses": 4886000000, "sellingAndMarketingExpenses": 369000000, "sellingGeneralAndAdministrativeExpenses": 5255000000, "otherExpenses": 35000000, "operatingExpenses": 5290000000, "costAndExpenses": 5599000000, "interestIncome": 12639000000, "interestExpense": 2516000000, "depreciationAndAmortization": 299000000, "ebitda": 9794000000, "ebitdaratio": 0.5186675846, "operatingIncome": 9495000000, "operatingIncomeRatio": 0.5028332362, "totalOtherIncomeExpensesNet": -2866000000, "incomeBeforeTax": 6629000000, "incomeBeforeTaxRatio": 0.3510565059, "incomeTaxExpense": 1841000000, "netIncome": 4872000000, "netIncomeRatio": 0.2580098501, "eps": 2.47, "epsdiluted": 2.46, "weightedAverageShsOut": 1914000000, "weightedAverageShsOutDil": 1923000000, "link": "https://www.sec.gov/Archives/edgar/data/36104/000119312512075125/0001193125-12-075125-index.htm", "finalLink": "https://www.sec.gov/Archives/edgar/data/36104/000119312512075125/d261300d10k.htm", "calculatedOtherExpenses": 3824000000, "calculatedOperatingExpenses": 9079000000, "calculatedNetInterest": 10123000000, "calculatedOtherIncome": -12989000000, "calculatedIncomeNonControlling": -84000000, "calculatedEbitda": 9794000000}, {"date": "2010-12-31", "symbol": "USB", "reportedCurrency": "USD", "cik": "0000036104", "fillingDate": "2011-02-28", "acceptedDate": "2011-02-28 17:14:25", "calendarYear": "2010", "period": "FY", "revenue": 17939000000, "costOfRevenue": 0, "grossProfit": 17939000000, "grossProfitRatio": 1, "researchAndDevelopmentExpenses": 0, "generalAndAdministrativeExpenses": 4473000000, "sellingAndMarketingExpenses": 360000000, "sellingGeneralAndAdministrativeExpenses": 4833000000, "otherExpenses": -1481000000, "operatingExpenses": 3352000000, "costAndExpenses": 3352000000, "interestIncome": 12158000000, "interestExpense": 2579000000, "depreciationAndAmortization": 367000000, "ebitda": 7427000000, "ebitdaratio": 0.4140141591, "operatingIncome": 7060000000, "operatingIncomeRatio": 0.3935559396, "totalOtherIncomeExpensesNet": -2860000000, "incomeBeforeTax": 4200000000, "incomeBeforeTaxRatio": 0.2341267629, "incomeTaxExpense": 935000000, "netIncome": 3317000000, "netIncomeRatio": 0.1849043982, "eps": 1.74, "epsdiluted": 1.73, "weightedAverageShsOut": 1912000000, "weightedAverageShsOutDil": 1921000000, "link": "https://www.sec.gov/Archives/edgar/data/36104/000095012311019888/0000950123-11-019888-index.htm", "finalLink": "https://www.sec.gov/Archives/edgar/data/36104/000095012311019888/x59846e10vk.htm", "calculatedOtherExpenses": 6046000000, "calculatedOperatingExpenses": 10879000000, "calculatedNetInterest": 9579000000, "calculatedOtherIncome": -12439000000, "calculatedIncomeNonControlling": -52000000, "calculatedEbitda": 7427000000}, {"date": "2009-12-31", "symbol": "USB", "reportedCurrency": "USD", "cik": "0000036104", "fillingDate": "2010-02-26", "acceptedDate": "2010-02-26 16:05:04", "calendarYear": "2009", "period": "FY", "revenue": 16470000000, "costOfRevenue": 0, "grossProfit": 16470000000, "grossProfitRatio": 1, "researchAndDevelopmentExpenses": 0, "generalAndAdministrativeExpenses": 3709000000, "sellingAndMarketingExpenses": 378000000, "sellingGeneralAndAdministrativeExpenses": 4087000000, "otherExpenses": -1284000000, "operatingExpenses": 2803000000, "costAndExpenses": 2803000000, "interestIncome": 11538000000, "interestExpense": 3020000000, "depreciationAndAmortization": 387000000, "ebitda": 6227000000, "ebitdaratio": 0.37808136, "operatingIncome": 5840000000, "operatingIncomeRatio": 0.3545840923, "totalOtherIncomeExpensesNet": -3208000000, "incomeBeforeTax": 2632000000, "incomeBeforeTaxRatio": 0.1598057073, "incomeTaxExpense": 395000000, "netIncome": 2205000000, "netIncomeRatio": 0.1338797814, "eps": 0.97, "epsdiluted": 0.97, "weightedAverageShsOut": 1851000000, "weightedAverageShsOutDil": 1859000000, "link": "https://www.sec.gov/Archives/edgar/data/36104/000095012310018123/0000950123-10-018123-index.htm", "finalLink": "https://www.sec.gov/Archives/edgar/data/36104/000095012310018123/x55114e10vk.htm", "calculatedOtherExpenses": 6543000000, "calculatedOperatingExpenses": 10630000000, "calculatedNetInterest": 8518000000, "calculatedOtherIncome": -11726000000, "calculatedIncomeNonControlling": 32000000, "calculatedEbitda": 6227000000}, {"date": "2008-12-31", "symbol": "USB", "reportedCurrency": "USD", "cik": "0000036104", "fillingDate": "2009-03-02", "acceptedDate": "2009-03-02 15:28:35", "calendarYear": "2008", "period": "FY", "revenue": 14543000000, "costOfRevenue": 0, "grossProfit": 14543000000, "grossProfitRatio": 1, "researchAndDevelopmentExpenses": 0, "generalAndAdministrativeExpenses": 3554000000, "sellingAndMarketingExpenses": 310000000, "sellingGeneralAndAdministrativeExpenses": 3864000000, "otherExpenses": -9470000000, "operatingExpenses": -5606000000, "costAndExpenses": -5606000000, "interestIncome": 12418000000, "interestExpense": 4686000000, "depreciationAndAmortization": 355000000, "ebitda": 9292000000, "ebitdaratio": 0.6389328199, "operatingIncome": 8937000000, "operatingIncomeRatio": 0.6145224507, "totalOtherIncomeExpensesNet": -4904000000, "incomeBeforeTax": 4033000000, "incomeBeforeTaxRatio": 0.277315547, "incomeTaxExpense": 1087000000, "netIncome": 2946000000, "netIncomeRatio": 0.202571684, "eps": 1.62, "epsdiluted": 1.61, "weightedAverageShsOut": 1742000000, "weightedAverageShsOutDil": 1757000000, "link": "https://www.sec.gov/Archives/edgar/data/36104/000095015209002057/0000950152-09-002057-index.htm", "finalLink": "https://www.sec.gov/Archives/edgar/data/36104/000095015209002057/c48687e10vk.htm", "calculatedOtherExpenses": 1742000000, "calculatedOperatingExpenses": 5606000000, "calculatedNetInterest": 7732000000, "calculatedOtherIncome": -12636000000, "calculatedIncomeNonControlling": 0, "calculatedEbitda": 9292000000}, {"date": "2007-12-31", "symbol": "USB", "reportedCurrency": "USD", "cik": "0000036104", "fillingDate": "2008-02-25", "acceptedDate": "2008-02-25 15:13:23", "calendarYear": "2007", "period": "FY", "revenue": 13861000000, "costOfRevenue": 0, "grossProfit": 13861000000, "grossProfitRatio": 1, "researchAndDevelopmentExpenses": 0, "generalAndAdministrativeExpenses": 3134000000, "sellingAndMarketingExpenses": 242000000, "sellingGeneralAndAdministrativeExpenses": 3376000000, "otherExpenses": -4583000000, "operatingExpenses": -1207000000, "costAndExpenses": -1207000000, "interestIncome": 13136000000, "interestExpense": 6447000000, "depreciationAndAmortization": 619000000, "ebitda": 13273000000, "ebitdaratio": 0.9575788183, "operatingIncome": 12654000000, "operatingIncomeRatio": 0.9129211457, "totalOtherIncomeExpensesNet": -6447000000, "incomeBeforeTax": 6207000000, "incomeBeforeTaxRatio": 0.4478031888, "incomeTaxExpense": 1883000000, "netIncome": 4324000000, "netIncomeRatio": 0.3119544044, "eps": 2.45, "epsdiluted": 2.42, "weightedAverageShsOut": 1735000000, "weightedAverageShsOutDil": 1756000000, "link": "https://www.sec.gov/Archives/edgar/data/36104/000095012408000806/0000950124-08-000806-index.htm", "finalLink": "https://www.sec.gov/Archives/edgar/data/36104/000095012408000806/c22668e10vk.htm", "calculatedOtherExpenses": -2169000000, "calculatedOperatingExpenses": 1207000000, "calculatedNetInterest": 6689000000, "calculatedOtherIncome": -13136000000, "calculatedIncomeNonControlling": 0, "calculatedEbitda": 13273000000}, {"date": "2006-12-31", "symbol": "USB", "reportedCurrency": "USD", "cik": "0000036104", "fillingDate": "2007-02-26", "acceptedDate": "2007-02-26 17:27:14", "calendarYear": "2006", "period": "FY", "revenue": 13587000000, "costOfRevenue": 0, "grossProfit": 13587000000, "grossProfitRatio": 1, "researchAndDevelopmentExpenses": 0, "generalAndAdministrativeExpenses": 2994000000, "sellingAndMarketingExpenses": 217000000, "sellingGeneralAndAdministrativeExpenses": 3211000000, "otherExpenses": -4413000000, "operatingExpenses": -1202000000, "costAndExpenses": -1202000000, "interestIncome": 12263000000, "interestExpense": 5522000000, "depreciationAndAmortization": 588000000, "ebitda": 12973000000, "ebitdaratio": 0.9548097446, "operatingIncome": 12385000000, "operatingIncomeRatio": 0.9115330831, "totalOtherIncomeExpensesNet": -5522000000, "incomeBeforeTax": 6863000000, "incomeBeforeTaxRatio": 0.5051151836, "incomeTaxExpense": 2112000000, "netIncome": 4751000000, "netIncomeRatio": 0.349672481, "eps": 2.64, "epsdiluted": 2.61, "weightedAverageShsOut": 1778000000, "weightedAverageShsOutDil": 1804000000, "link": "https://www.sec.gov/Archives/edgar/data/36104/000095012407001116/0000950124-07-001116-index.htm", "finalLink": "https://www.sec.gov/Archives/edgar/data/36104/000095012407001116/c11185e10vk.htm", "calculatedOtherExpenses": -2009000000, "calculatedOperatingExpenses": 1202000000, "calculatedNetInterest": 6741000000, "calculatedOtherIncome": -12263000000, "calculatedIncomeNonControlling": 0, "calculatedEbitda": 12973000000}, {"date": "2005-12-31", "symbol": "USB", "reportedCurrency": "USD", "cik": "0000036104", "fillingDate": "2006-03-07", "acceptedDate": "2006-03-07 17:24:00", "calendarYear": "2005", "period": "FY", "revenue": 13100000000, "costOfRevenue": 0, "grossProfit": 13100000000, "grossProfitRatio": 1, "researchAndDevelopmentExpenses": 0, "generalAndAdministrativeExpenses": 2814000000, "sellingAndMarketingExpenses": 235000000, "sellingGeneralAndAdministrativeExpenses": 3049000000, "otherExpenses": -6082000000, "operatingExpenses": -3033000000, "costAndExpenses": -3033000000, "interestIncome": 10551000000, "interestExpense": 3496000000, "depreciationAndAmortization": 689000000, "ebitda": 10756000000, "ebitdaratio": 0.8210687023, "operatingIncome": 10067000000, "operatingIncomeRatio": 0.7684732824, "totalOtherIncomeExpensesNet": -3496000000, "incomeBeforeTax": 6571000000, "incomeBeforeTaxRatio": 0.5016030534, "incomeTaxExpense": 2082000000, "netIncome": 4489000000, "netIncomeRatio": 0.3426717557, "eps": 2.45, "epsdiluted": 2.42, "weightedAverageShsOut": 1831000000, "weightedAverageShsOutDil": 1857000000, "link": "https://www.sec.gov/Archives/edgar/data/36104/000095013406004429/0000950134-06-004429-index.htm", "finalLink": "https://www.sec.gov/Archives/edgar/data/36104/000095013406004429/c01303e10vk.htm", "calculatedOtherExpenses": -16000000, "calculatedOperatingExpenses": 3033000000, "calculatedNetInterest": 7055000000, "calculatedOtherIncome": -10551000000, "calculatedIncomeNonControlling": 0, "calculatedEbitda": 10756000000}, {"date": "2004-12-31", "symbol": "USB", "reportedCurrency": "USD", "cik": "0000036104", "fillingDate": "2005-02-28", "acceptedDate": "2005-02-28 16:11:46", "calendarYear": "2004", "period": "FY", "revenue": 12630500000, "costOfRevenue": 0, "grossProfit": 12630500000, "grossProfitRatio": 1, "researchAndDevelopmentExpenses": 0, "generalAndAdministrativeExpenses": 2641600000, "sellingAndMarketingExpenses": 148900000, "sellingGeneralAndAdministrativeExpenses": 2790500000, "otherExpenses": -7169400000, "operatingExpenses": -4378900000, "costAndExpenses": -4378900000, "interestIncome": 9186500000, "interestExpense": 2075200000, "depreciationAndAmortization": 794500000, "ebitda": 9046100000, "ebitdaratio": 0.7162107597, "operatingIncome": 8251600000, "operatingIncomeRatio": 0.65330747, "totalOtherIncomeExpensesNet": -2075200000, "incomeBeforeTax": 6176400000, "incomeBeforeTaxRatio": 0.4890067693, "incomeTaxExpense": 2009600000, "netIncome": 4166800000, "netIncomeRatio": 0.3298998456, "eps": 2.21, "epsdiluted": 2.18, "weightedAverageShsOut": 1887000000, "weightedAverageShsOutDil": 1913000000, "link": "https://www.sec.gov/Archives/edgar/data/36104/000095013405003890/0000950134-05-003890-index.htm", "finalLink": "https://www.sec.gov/Archives/edgar/data/36104/000095013405003890/c89834e10vk.htm", "calculatedOtherExpenses": 1588400000, "calculatedOperatingExpenses": 4378900000, "calculatedNetInterest": 7111300000, "calculatedOtherIncome": -9186500000, "calculatedIncomeNonControlling": 0, "calculatedEbitda": 9046100000}, {"date": "2003-12-31", "symbol": "USB", "reportedCurrency": "USD", "cik": "0000036104", "fillingDate": "2004-02-27", "acceptedDate": "2004-02-27 16:41:51", "calendarYear": "2003", "period": "FY", "revenue": 12502300000, "costOfRevenue": 0, "grossProfit": 12502300000, "grossProfitRatio": 1, "researchAndDevelopmentExpenses": 0, "generalAndAdministrativeExpenses": 2505200000, "sellingAndMarketingExpenses": 180300000, "sellingGeneralAndAdministrativeExpenses": 2685500000, "otherExpenses": -7445200000, "operatingExpenses": -4759700000, "costAndExpenses": -4759700000, "interestIncome": 9258000000, "interestExpense": 2068700000, "depreciationAndAmortization": 957600000, "ebitda": 8700200000, "ebitdaratio": 0.6958879566, "operatingIncome": 7742600000, "operatingIncomeRatio": 0.6192940499, "totalOtherIncomeExpensesNet": -2091200000, "incomeBeforeTax": 5651400000, "incomeBeforeTaxRatio": 0.4520288267, "incomeTaxExpense": 1941300000, "netIncome": 3732600000, "netIncomeRatio": 0.2985530662, "eps": 1.94, "epsdiluted": 1.93, "weightedAverageShsOut": 1924000000, "weightedAverageShsOutDil": 1936000000, "link": "https://www.sec.gov/Archives/edgar/data/36104/000095013404002667/0000950134-04-002667-index.htm", "finalLink": "https://www.sec.gov/Archives/edgar/data/36104/000095013404002667/c82279e10vk.htm", "calculatedOtherExpenses": 2074200000, "calculatedOperatingExpenses": 4759700000, "calculatedNetInterest": 7189300000, "calculatedOtherIncome": -9280500000, "calculatedIncomeNonControlling": -22500000, "calculatedEbitda": 8700200000}, {"date": "2002-12-31", "symbol": "USB", "reportedCurrency": "USD", "cik": "0000036104", "fillingDate": "2003-02-28", "acceptedDate": "2003-02-28 17:29:43", "calendarYear": "2002", "period": "FY", "revenue": 12708300000, "costOfRevenue": 0, "grossProfit": 12708300000, "grossProfitRatio": 1, "researchAndDevelopmentExpenses": 0, "generalAndAdministrativeExpenses": 2776900000, "sellingAndMarketingExpenses": 0, "sellingGeneralAndAdministrativeExpenses": 2776900000, "otherExpenses": -7705700000, "operatingExpenses": -4928800000, "costAndExpenses": -4928800000, "interestIncome": 9553700000, "interestExpense": 2714000000, "depreciationAndAmortization": 838300000, "ebitda": 8617800000, "ebitdaratio": 0.6781237459, "operatingIncome": 7779500000, "operatingIncomeRatio": 0.6121589827, "totalOtherIncomeExpensesNet": -2676800000, "incomeBeforeTax": 5102700000, "incomeBeforeTaxRatio": 0.4015249876, "incomeTaxExpense": 1776300000, "netIncome": 3289200000, "netIncomeRatio": 0.258822974, "eps": 1.65, "epsdiluted": 1.65, "weightedAverageShsOut": 1916000000, "weightedAverageShsOutDil": 1924800000, "link": "https://www.sec.gov/Archives/edgar/data/36104/000095013403003243/0000950134-03-003243-index.htm", "finalLink": "https://www.sec.gov/Archives/edgar/data/36104/000095013403003243/c74004e10vk.htm", "calculatedOtherExpenses": 2151900000, "calculatedOperatingExpenses": 4928800000, "calculatedNetInterest": 6839700000, "calculatedOtherIncome": -9516500000, "calculatedIncomeNonControlling": 37200000, "calculatedEbitda": 8617800000}, {"date": "2001-12-31", "symbol": "USB", "reportedCurrency": "USD", "cik": "0000036104", "fillingDate": "2002-02-28", "acceptedDate": "2002-02-28 00:00:00", "calendarYear": "2001", "period": "FY", "revenue": 11768200000, "costOfRevenue": 0, "grossProfit": 11768200000, "grossProfitRatio": 1, "researchAndDevelopmentExpenses": 0, "generalAndAdministrativeExpenses": 2713300000, "sellingAndMarketingExpenses": 0, "sellingGeneralAndAdministrativeExpenses": 2713300000, "otherExpenses": -7172500000, "operatingExpenses": -4459200000, "costAndExpenses": -4459200000, "interestIncome": 11083600000, "interestExpense": 4674800000, "depreciationAndAmortization": 813500000, "ebitda": 8122500000, "ebitdaratio": 0.6902075084, "operatingIncome": 7309000000, "operatingIncomeRatio": 0.6210805391, "totalOtherIncomeExpensesNet": -4674800000, "incomeBeforeTax": 2634200000, "incomeBeforeTaxRatio": 0.2238405194, "incomeTaxExpense": 927700000, "netIncome": 1706500000, "netIncomeRatio": 0.1450094322, "eps": 0.89, "epsdiluted": 0.88, "weightedAverageShsOut": 1927900000, "weightedAverageShsOutDil": 1939500000, "link": "https://www.sec.gov/Archives/edgar/data/36104/000095013702000971/0000950137-02-000971-index.htm", "finalLink": "https://www.sec.gov/Archives/edgar/data/36104/000095013702000971/c66817e10-k.txt", "calculatedOtherExpenses": 1745900000, "calculatedOperatingExpenses": 4459200000, "calculatedNetInterest": 6408800000, "calculatedOtherIncome": -11083600000, "calculatedIncomeNonControlling": 0, "calculatedEbitda": 8122500000}, {"date": "2000-12-31", "symbol": "USB", "reportedCurrency": "USD", "cik": "0000036104", "fillingDate": "2001-03-01", "acceptedDate": "2001-03-01 00:00:00", "calendarYear": "2000", "period": "FY", "revenue": 6729700000, "costOfRevenue": 0, "grossProfit": 6729700000, "grossProfitRatio": 1, "researchAndDevelopmentExpenses": 0, "generalAndAdministrativeExpenses": 1956000000, "sellingAndMarketingExpenses": 0, "sellingGeneralAndAdministrativeExpenses": 1956000000, "otherExpenses": -2988600000, "operatingExpenses": -1032600000, "costAndExpenses": -1032600000, "interestIncome": 6707100000, "interestExpense": 3235800000, "depreciationAndAmortization": 387300000, "ebitda": 6084400000, "ebitdaratio": 0.9041116246, "operatingIncome": 5697100000, "operatingIncomeRatio": 0.8465607679, "totalOtherIncomeExpensesNet": -3235800000, "incomeBeforeTax": 2461300000, "incomeBeforeTaxRatio": 0.3657369571, "incomeTaxExpense": 869300000, "netIncome": 1592000000, "netIncomeRatio": 0.2365632941, "eps": 1.51, "epsdiluted": 1.5, "weightedAverageShsOut": 1906000000, "weightedAverageShsOutDil": 1918500000, "link": "https://www.sec.gov/Archives/edgar/data/36104/000095012401001114/0000950124-01-001114-index.htm", "finalLink": "https://www.sec.gov/Archives/edgar/data/36104/000095012401001114/c59511e10-k405.txt", "calculatedOtherExpenses": -923400000, "calculatedOperatingExpenses": 1032600000, "calculatedNetInterest": 3471300000, "calculatedOtherIncome": -6707100000, "calculatedIncomeNonControlling": 0, "calculatedEbitda": 6084400000}, {"date": "1999-12-31", "symbol": "USB", "reportedCurrency": "USD", "cik": "0000036104", "fillingDate": "2000-02-25", "acceptedDate": "2000-02-25 00:00:00", "calendarYear": "1999", "period": "FY", "revenue": 4045700000, "costOfRevenue": 0, "grossProfit": 4045700000, "grossProfitRatio": 1, "researchAndDevelopmentExpenses": 0, "generalAndAdministrativeExpenses": 999700000, "sellingAndMarketingExpenses": 0, "sellingGeneralAndAdministrativeExpenses": 999700000, "otherExpenses": -1254300000, "operatingExpenses": -254600000, "costAndExpenses": -254600000, "interestIncome": 5021700000, "interestExpense": 2378600000, "depreciationAndAmortization": 292300000, "ebitda": 4083400000, "ebitdaratio": 1.0093185357, "operatingIncome": 3791100000, "operatingIncomeRatio": 0.9370689868, "totalOtherIncomeExpensesNet": -2378600000, "incomeBeforeTax": 1412500000, "incomeBeforeTaxRatio": 0.3491361198, "incomeTaxExpense": 537200000, "netIncome": 875300000, "netIncomeRatio": 0.2163531651, "eps": 2.07, "epsdiluted": 2.06, "weightedAverageShsOut": 727777778, "weightedAverageShsOutDil": 731310680, "link": "https://www.sec.gov/Archives/edgar/data/36104/000091205700008486/0000912057-00-008486-index.htm", "finalLink": "https://www.sec.gov/Archives/edgar/data/36104/000091205700008486/", "calculatedOtherExpenses": -745100000, "calculatedOperatingExpenses": 254600000, "calculatedNetInterest": 2643100000, "calculatedOtherIncome": -5021700000, "calculatedIncomeNonControlling": 0, "calculatedEbitda": 4083400000}, {"date": "1998-12-31", "symbol": "USB", "reportedCurrency": "USD", "cik": "0000036104", "fillingDate": "1999-02-26", "acceptedDate": "1999-02-26 00:00:00", "calendarYear": "1998", "period": "FY", "revenue": 2272900000, "costOfRevenue": 0, "grossProfit": 2272900000, "grossProfitRatio": 1, "researchAndDevelopmentExpenses": 0, "generalAndAdministrativeExpenses": 638000000, "sellingAndMarketingExpenses": 0, "sellingGeneralAndAdministrativeExpenses": 638000000, "otherExpenses": -1044100000, "operatingExpenses": -406100000, "costAndExpenses": -406100000, "interestIncome": 2641500000, "interestExpense": 1228700000, "depreciationAndAmortization": 194700000, "ebitda": 2061500000, "ebitdaratio": 0.9069910687, "operatingIncome": 1866800000, "operatingIncomeRatio": 0.821329579, "totalOtherIncomeExpensesNet": -1228700000, "incomeBeforeTax": 638100000, "incomeBeforeTaxRatio": 0.2807426636, "incomeTaxExpense": 208000000, "netIncome": 430100000, "netIncomeRatio": 0.1892296185, "eps": 1.81, "epsdiluted": 1.78, "weightedAverageShsOut": 2177285154, "weightedAverageShsOutDil": 2177285154, "link": "https://www.sec.gov/Archives/edgar/data/36104/000104746999007568/0001047469-99-007568-index.htm", "finalLink": "https://www.sec.gov/Archives/edgar/data/36104/000104746999007568/", "calculatedOtherExpenses": -231900000, "calculatedOperatingExpenses": 406100000, "calculatedNetInterest": 1412800000, "calculatedOtherIncome": -2641500000, "calculatedIncomeNonControlling": 0, "calculatedEbitda": 2061500000}, {"date": "1997-12-31", "symbol": "USB", "reportedCurrency": "USD", "cik": "0000036104", "fillingDate": "1998-02-27", "acceptedDate": "1998-02-27 15:54:19", "calendarYear": "1997", "period": "FY", "revenue": 666500000, "costOfRevenue": 0, "grossProfit": 666500000, "grossProfitRatio": 1, "researchAndDevelopmentExpenses": 0, "generalAndAdministrativeExpenses": 147100000, "sellingAndMarketingExpenses": 0, "sellingGeneralAndAdministrativeExpenses": 147100000, "otherExpenses": -179800000, "operatingExpenses": -32700000, "costAndExpenses": -32700000, "interestIncome": 804600000, "interestExpense": 342700000, "depreciationAndAmortization": 40300000, "ebitda": 674100000, "ebitdaratio": 1.0114028507, "operatingIncome": 633800000, "operatingIncomeRatio": 0.9509377344, "totalOtherIncomeExpensesNet": -342700000, "incomeBeforeTax": 291100000, "incomeBeforeTaxRatio": 0.4367591898, "incomeTaxExpense": 96300000, "netIncome": 194800000, "netIncomeRatio": 0.2922730683, "eps": 1.13, "epsdiluted": 1.11, "weightedAverageShsOut": 672743363, "weightedAverageShsOutDil": 684864865, "link": "https://www.sec.gov/Archives/edgar/data/36104/000104746998008045/0001047469-98-008045-index.htm", "finalLink": "https://www.sec.gov/Archives/edgar/data/36104/000104746998008045/", "calculatedOtherExpenses": -114400000, "calculatedOperatingExpenses": 32700000, "calculatedNetInterest": 461900000, "calculatedOtherIncome": -804600000, "calculatedIncomeNonControlling": 0, "calculatedEbitda": 674100000}, {"date": "1996-12-31", "symbol": "USB", "reportedCurrency": "USD", "cik": "0000036104", "fillingDate": "1997-02-28", "acceptedDate": "1997-02-28 00:00:00", "calendarYear": "1996", "period": "FY", "revenue": 588700000, "costOfRevenue": 0, "grossProfit": 588700000, "grossProfitRatio": 1, "researchAndDevelopmentExpenses": 0, "generalAndAdministrativeExpenses": 141300000, "sellingAndMarketingExpenses": 0, "sellingGeneralAndAdministrativeExpenses": 141300000, "otherExpenses": -172900000, "operatingExpenses": -31600000, "costAndExpenses": -31600000, "interestIncome": 735500000, "interestExpense": 317300000, "depreciationAndAmortization": 38400000, "ebitda": 595500000, "ebitdaratio": 1.0115508748, "operatingIncome": 557100000, "operatingIncomeRatio": 0.9463224053, "totalOtherIncomeExpensesNet": -317300000, "incomeBeforeTax": 239800000, "incomeBeforeTaxRatio": 0.4073382028, "incomeTaxExpense": 81400000, "netIncome": 158400000, "netIncomeRatio": 0.2690674367, "eps": 1.6, "epsdiluted": 1.57, "weightedAverageShsOut": 1243100430, "weightedAverageShsOutDil": 1243100430, "link": "https://www.sec.gov/Archives/edgar/data/36104/000095013197001484/0000950131-97-001484-index.htm", "finalLink": "https://www.sec.gov/Archives/edgar/data/36104/0000950131-97-001484.txt", "calculatedOtherExpenses": -109700000, "calculatedOperatingExpenses": 31600000, "calculatedNetInterest": 418200000, "calculatedOtherIncome": -735500000, "calculatedIncomeNonControlling": 0, "calculatedEbitda": 595500000}, {"date": "1995-12-31", "symbol": "USB", "reportedCurrency": "USD", "cik": "0000036104", "fillingDate": "1996-03-04", "acceptedDate": "1996-03-04 00:00:00", "calendarYear": "1995", "period": "FY", "revenue": 516300000, "costOfRevenue": 0, "grossProfit": 516300000, "grossProfitRatio": 1, "researchAndDevelopmentExpenses": 0, "generalAndAdministrativeExpenses": 133200000, "sellingAndMarketingExpenses": 0, "sellingGeneralAndAdministrativeExpenses": 133200000, "otherExpenses": -112300000, "operatingExpenses": 20900000, "costAndExpenses": 20900000, "interestIncome": 710400000, "interestExpense": 332200000, "depreciationAndAmortization": 33700000, "ebitda": 570900000, "ebitdaratio": 1.1057524695, "operatingIncome": 537200000, "operatingIncomeRatio": 1.0404803409, "totalOtherIncomeExpensesNet": -332200000, "incomeBeforeTax": 205000000, "incomeBeforeTaxRatio": 0.3970559752, "incomeTaxExpense": 68400000, "netIncome": 136600000, "netIncomeRatio": 0.2645748596, "eps": 0.47, "epsdiluted": 0.47, "weightedAverageShsOut": 1205424270, "weightedAverageShsOutDil": 1205424270, "link": "https://www.sec.gov/Archives/edgar/data/36104/000095013196000875/0000950131-96-000875-index.htm", "finalLink": "https://www.sec.gov/Archives/edgar/data/36104/000095013196000875/", "calculatedOtherExpenses": -154100000, "calculatedOperatingExpenses": -20900000, "calculatedNetInterest": 378200000, "calculatedOtherIncome": -710400000, "calculatedIncomeNonControlling": 0, "calculatedEbitda": 570900000}, {"date": "1994-12-31", "symbol": "USB", "reportedCurrency": "USD", "cik": "0000036104", "fillingDate": "1995-02-24", "acceptedDate": "1995-02-24 00:00:00", "calendarYear": "1994", "period": "FY", "revenue": 463100000, "costOfRevenue": 0, "grossProfit": 463100000, "grossProfitRatio": 1, "researchAndDevelopmentExpenses": 0, "generalAndAdministrativeExpenses": 125000000, "sellingAndMarketingExpenses": 0, "sellingGeneralAndAdministrativeExpenses": 125000000, "otherExpenses": -186100000, "operatingExpenses": -61100000, "costAndExpenses": -61100000, "interestIncome": 569700000, "interestExpense": 223600000, "depreciationAndAmortization": 30600000, "ebitda": 432600000, "ebitdaratio": 0.9341394947, "operatingIncome": 402000000, "operatingIncomeRatio": 0.8680630533, "totalOtherIncomeExpensesNet": -223600000, "incomeBeforeTax": 178400000, "incomeBeforeTaxRatio": 0.3852299719, "incomeTaxExpense": 61800000, "netIncome": 116600000, "netIncomeRatio": 0.2517814727, "eps": 0.4, "epsdiluted": 0.4, "weightedAverageShsOut": 1030903254, "weightedAverageShsOutDil": 1030903254, "link": "https://www.sec.gov/Archives/edgar/data/36104/000095013195000441/0000950131-95-000441-index.htm", "finalLink": "https://www.sec.gov/Archives/edgar/data/36104/0000950131-95-000441.txt", "calculatedOtherExpenses": -63900000, "calculatedOperatingExpenses": 61100000, "calculatedNetInterest": 346100000, "calculatedOtherIncome": -569700000, "calculatedIncomeNonControlling": 0, "calculatedEbitda": 432600000}, {"date": "1993-12-31", "symbol": "USB", "reportedCurrency": "USD", "cik": "0000036104", "fillingDate": "1994-03-01", "acceptedDate": "1994-03-01 00:00:00", "calendarYear": "1993", "period": "FY", "revenue": 1702500000, "costOfRevenue": 0, "grossProfit": 1702500000, "grossProfitRatio": 1, "researchAndDevelopmentExpenses": 0, "generalAndAdministrativeExpenses": 685700000, "sellingAndMarketingExpenses": 0, "sellingGeneralAndAdministrativeExpenses": 685700000, "otherExpenses": -1382500000, "operatingExpenses": -696800000, "costAndExpenses": -696800000, "interestIncome": 1661800000, "interestExpense": 528900000, "depreciationAndAmortization": 144500000, "ebitda": 1150200000, "ebitdaratio": 0.6755947137, "operatingIncome": 1005700000, "operatingIncomeRatio": 0.5907195301, "totalOtherIncomeExpensesNet": -528900000, "incomeBeforeTax": 476800000, "incomeBeforeTaxRatio": 0.2800587372, "incomeTaxExpense": 178800000, "netIncome": 298000000, "netIncomeRatio": 0.1750367107, "eps": 0.27, "epsdiluted": 0.27, "weightedAverageShsOut": 1017678861, "weightedAverageShsOutDil": 1017678861, "link": "https://www.sec.gov/Archives/edgar/data/36104/000091205794000732/0000912057-94-000732-index.html", "finalLink": "https://www.sec.gov/Archives/edgar/data/36104/", "calculatedOtherExpenses": 11100000, "calculatedOperatingExpenses": 696800000, "calculatedNetInterest": 1132900000, "calculatedOtherIncome": -1661800000, "calculatedIncomeNonControlling": 0, "calculatedEbitda": 1150200000}, {"date": "1992-12-31", "symbol": "USB", "reportedCurrency": "USD", "cik": "0000036104", "fillingDate": "1992-12-31", "acceptedDate": "1992-12-30 19:00:00", "calendarYear": "1992", "period": "FY", "revenue": 408900000, "costOfRevenue": 0, "grossProfit": 408900000, "grossProfitRatio": 1, "researchAndDevelopmentExpenses": 0, "generalAndAdministrativeExpenses": 118300000, "sellingAndMarketingExpenses": 0, "sellingGeneralAndAdministrativeExpenses": 118300000, "otherExpenses": -180100000, "operatingExpenses": -61800000, "costAndExpenses": -61800000, "interestIncome": 541400000, "interestExpense": 233000000, "depreciationAndAmortization": 26300000, "ebitda": 373400000, "ebitdaratio": 0.913181707, "operatingIncome": 347100000, "operatingIncomeRatio": 0.8488628026, "totalOtherIncomeExpensesNet": -233000000, "incomeBeforeTax": 114100000, "incomeBeforeTaxRatio": 0.2790413304, "incomeTaxExpense": 38000000, "netIncome": 76100000, "netIncomeRatio": 0.1861090731, "eps": 0.3, "epsdiluted": 0.3, "weightedAverageShsOut": 948249198, "weightedAverageShsOutDil": 948249198, "link": "", "finalLink": "", "calculatedOtherExpenses": -56500000, "calculatedOperatingExpenses": 61800000, "calculatedNetInterest": 308400000, "calculatedOtherIncome": -541400000, "calculatedIncomeNonControlling": 0, "calculatedEbitda": 373400000}, {"date": "1991-12-31", "symbol": "USB", "reportedCurrency": "USD", "cik": "0000036104", "fillingDate": "1991-12-31", "acceptedDate": "1991-12-30 19:00:00", "calendarYear": "1991", "period": "FY", "revenue": 351800000, "costOfRevenue": 0, "grossProfit": 351800000, "grossProfitRatio": 1, "researchAndDevelopmentExpenses": 0, "generalAndAdministrativeExpenses": 104300000, "sellingAndMarketingExpenses": 0, "sellingGeneralAndAdministrativeExpenses": 104300000, "otherExpenses": -52800000, "operatingExpenses": 51500000, "costAndExpenses": 51500000, "interestIncome": 576800000, "interestExpense": 307400000, "depreciationAndAmortization": 19600000, "ebitda": 422900000, "ebitdaratio": 1.2021034679, "operatingIncome": 403300000, "operatingIncomeRatio": 1.1463899943, "totalOtherIncomeExpensesNet": -307400000, "incomeBeforeTax": 95900000, "incomeBeforeTaxRatio": 0.2725980671, "incomeTaxExpense": 30100000, "netIncome": 65800000, "netIncomeRatio": 0.1870380898, "eps": 0.25, "epsdiluted": 0.25, "weightedAverageShsOut": 263200000, "weightedAverageShsOutDil": 263200000, "link": "", "finalLink": "", "calculatedOtherExpenses": -155800000, "calculatedOperatingExpenses": -51500000, "calculatedNetInterest": 269400000, "calculatedOtherIncome": -576800000, "calculatedIncomeNonControlling": 0, "calculatedEbitda": 422900000}, {"date": "1990-12-31", "symbol": "USB", "reportedCurrency": "USD", "cik": "0000036104", "fillingDate": "1990-12-31", "acceptedDate": "1990-12-30 19:00:00", "calendarYear": "1990", "period": "FY", "revenue": 322900000, "costOfRevenue": 0, "grossProfit": 322900000, "grossProfitRatio": 1, "researchAndDevelopmentExpenses": 0, "generalAndAdministrativeExpenses": 94800000, "sellingAndMarketingExpenses": 0, "sellingGeneralAndAdministrativeExpenses": 94800000, "otherExpenses": 15200000, "operatingExpenses": 110000000, "costAndExpenses": 110000000, "interestIncome": 586800000, "interestExpense": 340200000, "depreciationAndAmortization": 17900000, "ebitda": 450800000, "ebitdaratio": 1.3960978631, "operatingIncome": 432900000, "operatingIncomeRatio": 1.3406627439, "totalOtherIncomeExpensesNet": -340200000, "incomeBeforeTax": 92700000, "incomeBeforeTaxRatio": 0.2870857851, "incomeTaxExpense": 27800000, "netIncome": 64900000, "netIncomeRatio": 0.2009910189, "eps": 0.25, "epsdiluted": 0.25, "weightedAverageShsOut": 259600000, "weightedAverageShsOutDil": 259600000, "link": "", "finalLink": "", "calculatedOtherExpenses": -204800000, "calculatedOperatingExpenses": -110000000, "calculatedNetInterest": 246600000, "calculatedOtherIncome": -586800000, "calculatedIncomeNonControlling": 0, "calculatedEbitda": 450800000}, {"date": "1989-12-31", "symbol": "USB", "reportedCurrency": "USD", "cik": "0000036104", "fillingDate": "1989-12-31", "acceptedDate": "1989-12-30 19:00:00", "calendarYear": "1989", "period": "FY", "revenue": 299700000, "costOfRevenue": 0, "grossProfit": 299700000, "grossProfitRatio": 1, "researchAndDevelopmentExpenses": 0, "generalAndAdministrativeExpenses": 89100000, "sellingAndMarketingExpenses": 0, "sellingGeneralAndAdministrativeExpenses": 89100000, "otherExpenses": 27600000, "operatingExpenses": 116700000, "costAndExpenses": 116700000, "interestIncome": 563900000, "interestExpense": 336300000, "depreciationAndAmortization": 18000000, "ebitda": 434400000, "ebitdaratio": 1.4494494494, "operatingIncome": 416400000, "operatingIncomeRatio": 1.3893893894, "totalOtherIncomeExpensesNet": -336300000, "incomeBeforeTax": 80100000, "incomeBeforeTaxRatio": 0.2672672673, "incomeTaxExpense": 22100000, "netIncome": 58000000, "netIncomeRatio": 0.1935268602, "eps": 0.22, "epsdiluted": 0.22, "weightedAverageShsOut": 263636364, "weightedAverageShsOutDil": 263636364, "link": "", "finalLink": "", "calculatedOtherExpenses": -205800000, "calculatedOperatingExpenses": -116700000, "calculatedNetInterest": 227600000, "calculatedOtherIncome": -563900000, "calculatedIncomeNonControlling": 0, "calculatedEbitda": 434400000}, {"date": "1988-12-31", "symbol": "USB", "reportedCurrency": "USD", "cik": "0000036104", "fillingDate": "1988-12-31", "acceptedDate": "1988-12-30 19:00:00", "calendarYear": "1988", "period": "FY", "revenue": 0, "costOfRevenue": 0, "grossProfit": 0, "grossProfitRatio": 0, "researchAndDevelopmentExpenses": 0, "generalAndAdministrativeExpenses": 0, "sellingAndMarketingExpenses": 0, "sellingGeneralAndAdministrativeExpenses": 0, "otherExpenses": 55400000, "operatingExpenses": 55400000, "costAndExpenses": 55400000, "interestIncome": 0, "interestExpense": 0, "depreciationAndAmortization": 0, "ebitda": 55400000, "ebitdaratio": 0, "operatingIncome": 55400000, "operatingIncomeRatio": 0, "totalOtherIncomeExpensesNet": 0, "incomeBeforeTax": 0, "incomeBeforeTaxRatio": 0, "incomeTaxExpense": -55400000, "netIncome": 55400000, "netIncomeRatio": 0, "eps": 0.43, "epsdiluted": 0.43, "weightedAverageShsOut": 128837209, "weightedAverageShsOutDil": 128837209, "link": "", "finalLink": "", "calculatedOtherExpenses": -55400000, "calculatedOperatingExpenses": -55400000, "calculatedNetInterest": 0, "calculatedOtherIncome": -55400000, "calculatedIncomeNonControlling": 0, "calculatedEbitda": 55400000}, {"date": "1987-12-31", "symbol": "USB", "reportedCurrency": "USD", "cik": "0000036104", "fillingDate": "1987-12-31", "acceptedDate": "1987-12-30 19:00:00", "calendarYear": "1987", "period": "FY", "revenue": 0, "costOfRevenue": 0, "grossProfit": 0, "grossProfitRatio": 0, "researchAndDevelopmentExpenses": 0, "generalAndAdministrativeExpenses": 0, "sellingAndMarketingExpenses": 0, "sellingGeneralAndAdministrativeExpenses": 0, "otherExpenses": 41500000, "operatingExpenses": 41500000, "costAndExpenses": 41500000, "interestIncome": 0, "interestExpense": 0, "depreciationAndAmortization": 0, "ebitda": 41500000, "ebitdaratio": 0, "operatingIncome": 41500000, "operatingIncomeRatio": 0, "totalOtherIncomeExpensesNet": 0, "incomeBeforeTax": 0, "incomeBeforeTaxRatio": 0, "incomeTaxExpense": -41500000, "netIncome": 41500000, "netIncomeRatio": 0, "eps": 0.19, "epsdiluted": 0.19, "weightedAverageShsOut": 218421053, "weightedAverageShsOutDil": 218421053, "link": "", "finalLink": "", "calculatedOtherExpenses": -41500000, "calculatedOperatingExpenses": -41500000, "calculatedNetInterest": 0, "calculatedOtherIncome": -41500000, "calculatedIncomeNonControlling": 0, "calculatedEbitda": 41500000}, {"date": "1986-12-31", "symbol": "USB", "reportedCurrency": "USD", "cik": "0000036104", "fillingDate": "1986-12-31", "acceptedDate": "1986-12-30 19:00:00", "calendarYear": "1986", "period": "FY", "revenue": 0, "costOfRevenue": 0, "grossProfit": 0, "grossProfitRatio": 0, "researchAndDevelopmentExpenses": 0, "generalAndAdministrativeExpenses": 0, "sellingAndMarketingExpenses": 0, "sellingGeneralAndAdministrativeExpenses": 0, "otherExpenses": 40100000, "operatingExpenses": 40100000, "costAndExpenses": 40100000, "interestIncome": 0, "interestExpense": 0, "depreciationAndAmortization": 0, "ebitda": 40100000, "ebitdaratio": 0, "operatingIncome": 40100000, "operatingIncomeRatio": 0, "totalOtherIncomeExpensesNet": 0, "incomeBeforeTax": 0, "incomeBeforeTaxRatio": 0, "incomeTaxExpense": -40100000, "netIncome": 40100000, "netIncomeRatio": 0, "eps": 0.18, "epsdiluted": 0.18, "weightedAverageShsOut": 222777778, "weightedAverageShsOutDil": 222777778, "link": "", "finalLink": "", "calculatedOtherExpenses": -40100000, "calculatedOperatingExpenses": -40100000, "calculatedNetInterest": 0, "calculatedOtherIncome": -40100000, "calculatedIncomeNonControlling": 0, "calculatedEbitda": 40100000}, {"date": "1985-12-31", "symbol": "USB", "reportedCurrency": "USD", "cik": "0000036104", "fillingDate": "1985-12-31", "acceptedDate": "1985-12-30 19:00:00", "calendarYear": "1985", "period": "FY", "revenue": 0, "costOfRevenue": 0, "grossProfit": 0, "grossProfitRatio": 0, "researchAndDevelopmentExpenses": 0, "generalAndAdministrativeExpenses": 0, "sellingAndMarketingExpenses": 0, "sellingGeneralAndAdministrativeExpenses": 0, "otherExpenses": 34100000, "operatingExpenses": 34100000, "costAndExpenses": 34100000, "interestIncome": 0, "interestExpense": 0, "depreciationAndAmortization": 0, "ebitda": 34100000, "ebitdaratio": 0, "operatingIncome": 34100000, "operatingIncomeRatio": 0, "totalOtherIncomeExpensesNet": 0, "incomeBeforeTax": 0, "incomeBeforeTaxRatio": 0, "incomeTaxExpense": -34100000, "netIncome": 34100000, "netIncomeRatio": 0, "eps": 0.18, "epsdiluted": 0.18, "weightedAverageShsOut": 189444444, "weightedAverageShsOutDil": 189444444, "link": "", "finalLink": "", "calculatedOtherExpenses": -34100000, "calculatedOperatingExpenses": -34100000, "calculatedNetInterest": 0, "calculatedOtherIncome": -34100000, "calculatedIncomeNonControlling": 0, "calculatedEbitda": 34100000}]}