{"originalCurrency": "USD", "convertedCurrency": "USD", "report": [{"date": "2023-12-30", "symbol": "USFD", "reportedCurrency": "USD", "cik": "0001665918", "fillingDate": "2024-02-15", "acceptedDate": "2024-02-15 16:45:46", "calendarYear": "2023", "period": "FY", "revenue": 35597000000, "costOfRevenue": 29449000000, "grossProfit": 6148000000, "grossProfitRatio": 0.1727111835, "researchAndDevelopmentExpenses": 0, "generalAndAdministrativeExpenses": 2717000000, "sellingAndMarketingExpenses": 2400000000, "sellingGeneralAndAdministrativeExpenses": 5117000000, "otherExpenses": 6000000, "operatingExpenses": 5117000000, "costAndExpenses": 34566000000, "interestIncome": 324000000, "interestExpense": 324000000, "depreciationAndAmortization": 395000000, "ebitda": 1432000000, "ebitdaratio": 0.0402281091, "operatingIncome": 1017000000, "operatingIncomeRatio": 0.0285698233, "totalOtherIncomeExpensesNet": -29000000, "incomeBeforeTax": 678000000, "incomeBeforeTaxRatio": 0.0190465489, "incomeTaxExpense": 172000000, "netIncome": 506000000, "netIncomeRatio": 0.014214681, "eps": 2.09, "epsdiluted": 2, "weightedAverageShsOut": 239000000, "weightedAverageShsOutDil": 250000000, "link": "https://www.sec.gov/Archives/edgar/data/1665918/000166591824000014/0001665918-24-000014-index.htm", "finalLink": "https://www.sec.gov/Archives/edgar/data/1665918/000166591824000014/usfd-20231230.htm", "calculatedOtherExpenses": 14000000, "calculatedOperatingExpenses": 5131000000, "calculatedNetInterest": 0, "calculatedOtherIncome": -339000000, "calculatedIncomeNonControlling": 0, "calculatedEbitda": 1412000000}, {"date": "2022-12-31", "symbol": "USFD", "reportedCurrency": "USD", "cik": "0001665918", "fillingDate": "2023-02-17", "acceptedDate": "2023-02-16 17:55:47", "calendarYear": "2022", "period": "FY", "revenue": 34057000000, "costOfRevenue": 28565000000, "grossProfit": 5492000000, "grossProfitRatio": 0.1612590657, "researchAndDevelopmentExpenses": 0, "generalAndAdministrativeExpenses": 2586000000, "sellingAndMarketingExpenses": 2300000000, "sellingGeneralAndAdministrativeExpenses": 4886000000, "otherExpenses": 22000000, "operatingExpenses": 4886000000, "costAndExpenses": 33451000000, "interestIncome": 255000000, "interestExpense": 255000000, "depreciationAndAmortization": 406000000, "ebitda": 1000000000, "ebitdaratio": 0.0293625393, "operatingIncome": 594000000, "operatingIncomeRatio": 0.0174413483, "totalOtherIncomeExpensesNet": -233000000, "incomeBeforeTax": 361000000, "incomeBeforeTaxRatio": 0.0105998767, "incomeTaxExpense": 96000000, "netIncome": 265000000, "netIncomeRatio": 0.0077810729, "eps": 1.02, "epsdiluted": 1.01, "weightedAverageShsOut": 224000000, "weightedAverageShsOutDil": 226000000, "link": "https://www.sec.gov/Archives/edgar/data/1665918/000166591823000023/0001665918-23-000023-index.htm", "finalLink": "https://www.sec.gov/Archives/edgar/data/1665918/000166591823000023/usfd-20221231.htm", "calculatedOtherExpenses": 12000000, "calculatedOperatingExpenses": 4898000000, "calculatedNetInterest": 0, "calculatedOtherIncome": -233000000, "calculatedIncomeNonControlling": 0, "calculatedEbitda": 1000000000}, {"date": "2021-12-31", "symbol": "USFD", "reportedCurrency": "USD", "cik": "0001665918", "fillingDate": "2022-02-17", "acceptedDate": "2022-02-17 16:15:31", "calendarYear": "2021", "period": "FY", "revenue": 29487000000, "costOfRevenue": 24832000000, "grossProfit": 4655000000, "grossProfitRatio": 0.1578661783, "researchAndDevelopmentExpenses": 0, "generalAndAdministrativeExpenses": 2220000000, "sellingAndMarketingExpenses": 2000000000, "sellingGeneralAndAdministrativeExpenses": 4220000000, "otherExpenses": 26000000, "operatingExpenses": 4220000000, "costAndExpenses": 29052000000, "interestIncome": 213000000, "interestExpense": 213000000, "depreciationAndAmortization": 415000000, "ebitda": 839000000, "ebitdaratio": 0.0284532167, "operatingIncome": 424000000, "operatingIncomeRatio": 0.014379218, "totalOtherIncomeExpensesNet": -210000000, "incomeBeforeTax": 214000000, "incomeBeforeTaxRatio": 0.0072574355, "incomeTaxExpense": 50000000, "netIncome": 164000000, "netIncomeRatio": 0.005561773, "eps": 0.55, "epsdiluted": 0.54, "weightedAverageShsOut": 222000000, "weightedAverageShsOutDil": 225000000, "link": "https://www.sec.gov/Archives/edgar/data/1665918/000166591822000008/0001665918-22-000008-index.htm", "finalLink": "https://www.sec.gov/Archives/edgar/data/1665918/000166591822000008/usfd-20220101.htm", "calculatedOtherExpenses": 11000000, "calculatedOperatingExpenses": 4231000000, "calculatedNetInterest": 0, "calculatedOtherIncome": -210000000, "calculatedIncomeNonControlling": 0, "calculatedEbitda": 839000000}, {"date": "2020-12-31", "symbol": "USFD", "reportedCurrency": "USD", "cik": "0001665918", "fillingDate": "2021-02-16", "acceptedDate": "2021-02-16 16:41:58", "calendarYear": "2020", "period": "FY", "revenue": 22885000000, "costOfRevenue": 19166000000, "grossProfit": 3719000000, "grossProfitRatio": 0.1625081931, "researchAndDevelopmentExpenses": 0, "generalAndAdministrativeExpenses": 2057000000, "sellingAndMarketingExpenses": 1700000000, "sellingGeneralAndAdministrativeExpenses": 3757000000, "otherExpenses": 21000000, "operatingExpenses": 3757000000, "costAndExpenses": 22923000000, "interestIncome": 238000000, "interestExpense": 238000000, "depreciationAndAmortization": 422000000, "ebitda": 405000000, "ebitdaratio": 0.0176971816, "operatingIncome": -17000000, "operatingIncomeRatio": -0.0007428447, "totalOtherIncomeExpensesNet": -277000000, "incomeBeforeTax": -294000000, "incomeBeforeTaxRatio": -0.0128468429, "incomeTaxExpense": -68000000, "netIncome": -226000000, "netIncomeRatio": -0.0098754643, "eps": -1.03, "epsdiluted": -1.03, "weightedAverageShsOut": 220000000, "weightedAverageShsOutDil": 220000000, "link": "https://www.sec.gov/Archives/edgar/data/1665918/000166591821000008/0001665918-21-000008-index.htm", "finalLink": "https://www.sec.gov/Archives/edgar/data/1665918/000166591821000008/usfd-20210102.htm", "calculatedOtherExpenses": -21000000, "calculatedOperatingExpenses": 3736000000, "calculatedNetInterest": 0, "calculatedOtherIncome": -277000000, "calculatedIncomeNonControlling": 0, "calculatedEbitda": 405000000}, {"date": "2019-12-28", "symbol": "USFD", "reportedCurrency": "USD", "cik": "0001665918", "fillingDate": "2020-02-13", "acceptedDate": "2020-02-13 16:49:22", "calendarYear": "2019", "period": "FY", "revenue": 25939000000, "costOfRevenue": 21352000000, "grossProfit": 4587000000, "grossProfitRatio": 0.176837966, "researchAndDevelopmentExpenses": 0, "generalAndAdministrativeExpenses": 2088000000, "sellingAndMarketingExpenses": 1800000000, "sellingGeneralAndAdministrativeExpenses": 3888000000, "otherExpenses": -4000000, "operatingExpenses": 3888000000, "costAndExpenses": 25240000000, "interestIncome": 184000000, "interestExpense": 184000000, "depreciationAndAmortization": 358000000, "ebitda": 1057000000, "ebitdaratio": 0.0407494506, "operatingIncome": 699000000, "operatingIncomeRatio": 0.0269478392, "totalOtherIncomeExpensesNet": -188000000, "incomeBeforeTax": 511000000, "incomeBeforeTaxRatio": 0.0197000655, "incomeTaxExpense": 126000000, "netIncome": 385000000, "netIncomeRatio": 0.0148425151, "eps": 1.77, "epsdiluted": 1.75, "weightedAverageShsOut": 218000000, "weightedAverageShsOutDil": 220000000, "link": "https://www.sec.gov/Archives/edgar/data/1665918/000166591820000012/0001665918-20-000012-index.htm", "finalLink": "https://www.sec.gov/Archives/edgar/data/1665918/000166591820000012/usfd12281910k.htm", "calculatedOtherExpenses": 0, "calculatedOperatingExpenses": 3888000000, "calculatedNetInterest": 0, "calculatedOtherIncome": -188000000, "calculatedIncomeNonControlling": 0, "calculatedEbitda": 1057000000}, {"date": "2018-12-29", "symbol": "USFD", "reportedCurrency": "USD", "cik": "0001665918", "fillingDate": "2019-02-14", "acceptedDate": "2019-02-14 16:39:37", "calendarYear": "2018", "period": "FY", "revenue": 24175000000, "costOfRevenue": 19869000000, "grossProfit": 4306000000, "grossProfitRatio": 0.1781178904, "researchAndDevelopmentExpenses": 0, "generalAndAdministrativeExpenses": 0, "sellingAndMarketingExpenses": 0, "sellingGeneralAndAdministrativeExpenses": 3647000000, "otherExpenses": 13000000, "operatingExpenses": 3647000000, "costAndExpenses": 23516000000, "interestIncome": 0, "interestExpense": 175000000, "depreciationAndAmortization": 340000000, "ebitda": 1012000000, "ebitdaratio": 0.0418614271, "operatingIncome": 658000000, "operatingIncomeRatio": 0.0272182006, "totalOtherIncomeExpensesNet": 12000000, "incomeBeforeTax": 496000000, "incomeBeforeTaxRatio": 0.0205170631, "incomeTaxExpense": 89000000, "netIncome": 407000000, "netIncomeRatio": 0.0168355739, "eps": 1.88, "epsdiluted": 1.87, "weightedAverageShsOut": 216112021, "weightedAverageShsOutDil": 217825545, "link": "https://www.sec.gov/Archives/edgar/data/1665918/000166591819000012/0001665918-19-000012-index.htm", "finalLink": "https://www.sec.gov/Archives/edgar/data/1665918/000166591819000012/usfd12291810k.htm", "calculatedOtherExpenses": 1000000, "calculatedOperatingExpenses": 3648000000, "calculatedNetInterest": -175000000, "calculatedOtherIncome": 13000000, "calculatedIncomeNonControlling": 0, "calculatedEbitda": 998000000}, {"date": "2017-12-30", "symbol": "USFD", "reportedCurrency": "USD", "cik": "0001665918", "fillingDate": "2018-02-27", "acceptedDate": "2018-02-27 16:03:00", "calendarYear": "2017", "period": "FY", "revenue": 24147000000, "costOfRevenue": 19930000000, "grossProfit": 4217000000, "grossProfitRatio": 0.1746386715, "researchAndDevelopmentExpenses": 0, "generalAndAdministrativeExpenses": 0, "sellingAndMarketingExpenses": 0, "sellingGeneralAndAdministrativeExpenses": 3644000000, "otherExpenses": 0, "operatingExpenses": 3644000000, "costAndExpenses": 23574000000, "interestIncome": 0, "interestExpense": 170000000, "depreciationAndAmortization": 378000000, "ebitda": 951000000, "ebitdaratio": 0.0393837744, "operatingIncome": 574000000, "operatingIncomeRatio": 0.0237710689, "totalOtherIncomeExpensesNet": 1000000, "incomeBeforeTax": 404000000, "incomeBeforeTaxRatio": 0.0167308568, "incomeTaxExpense": -40000000, "netIncome": 444000000, "netIncomeRatio": 0.0183873773, "eps": 2, "epsdiluted": 1.97, "weightedAverageShsOut": 222383038, "weightedAverageShsOutDil": 225663785, "link": "https://www.sec.gov/Archives/edgar/data/1665918/000156459018003495/0001564590-18-003495-index.htm", "finalLink": "https://www.sec.gov/Archives/edgar/data/1665918/000156459018003495/usfd-10k_20171230.htm", "calculatedOtherExpenses": -1000000, "calculatedOperatingExpenses": 3643000000, "calculatedNetInterest": -170000000, "calculatedOtherIncome": 0, "calculatedIncomeNonControlling": 0, "calculatedEbitda": 952000000}, {"date": "2016-12-31", "symbol": "USFD", "reportedCurrency": "USD", "cik": "0001665918", "fillingDate": "2017-02-28", "acceptedDate": "2017-02-27 18:29:58", "calendarYear": "2016", "period": "FY", "revenue": 22919000000, "costOfRevenue": 18866000000, "grossProfit": 4053000000, "grossProfitRatio": 0.1768401763, "researchAndDevelopmentExpenses": 0, "generalAndAdministrativeExpenses": 0, "sellingAndMarketingExpenses": 0, "sellingGeneralAndAdministrativeExpenses": 3586000000, "otherExpenses": 53465000, "operatingExpenses": 3586000000, "costAndExpenses": 22452000000, "interestIncome": 0, "interestExpense": 229000000, "depreciationAndAmortization": 421000000, "ebitda": 888000000, "ebitdaratio": 0.0387451459, "operatingIncome": 414000000, "operatingIncomeRatio": 0.0180636153, "totalOtherIncomeExpensesNet": -107000000, "incomeBeforeTax": 131000000, "incomeBeforeTaxRatio": 0.0057157817, "incomeTaxExpense": -79000000, "netIncome": 210000000, "netIncomeRatio": 0.0091627034, "eps": 1.05, "epsdiluted": 1.03, "weightedAverageShsOut": 200129868, "weightedAverageShsOutDil": 204024726, "link": "https://www.sec.gov/Archives/edgar/data/1665918/000156459017002622/0001564590-17-002622-index.htm", "finalLink": "https://www.sec.gov/Archives/edgar/data/1665918/000156459017002622/usfd-10k_20161231.htm", "calculatedOtherExpenses": 53000000, "calculatedOperatingExpenses": 3639000000, "calculatedNetInterest": -229000000, "calculatedOtherIncome": -54000000, "calculatedIncomeNonControlling": 0, "calculatedEbitda": 835000000}, {"date": "2015-12-31", "symbol": "USFD", "reportedCurrency": "USD", "cik": "0001665918", "fillingDate": "2017-02-28", "acceptedDate": "2017-02-27 18:29:58", "calendarYear": "2015", "period": "FY", "revenue": 23127532000, "costOfRevenue": 19114293000, "grossProfit": 4013239000, "grossProfitRatio": 0.1735264705, "researchAndDevelopmentExpenses": 0, "generalAndAdministrativeExpenses": 0, "sellingAndMarketingExpenses": 0, "sellingGeneralAndAdministrativeExpenses": 3650704000, "otherExpenses": 0, "operatingExpenses": 3650704000, "costAndExpenses": 22764997000, "interestIncome": 0, "interestExpense": 285175000, "depreciationAndAmortization": 399247000, "ebitda": 761782000, "ebitdaratio": 0.0329383178, "operatingIncome": 189828000, "operatingIncomeRatio": 0.0082078797, "totalOtherIncomeExpensesNet": 114793000, "incomeBeforeTax": 192153000, "incomeBeforeTaxRatio": 0.0083084092, "incomeTaxExpense": 24635000, "netIncome": 167518000, "netIncomeRatio": 0.0072432285, "eps": 0.88, "epsdiluted": 0.87, "weightedAverageShsOut": 191248181, "weightedAverageShsOutDil": 192748285, "link": "https://www.sec.gov/Archives/edgar/data/1665918/000156459017002622/0001564590-17-002622-index.html", "finalLink": "https://www.sec.gov/Archives/edgar/data/1665918/000156459017002622/usfd-10k_20161231.htm", "calculatedOtherExpenses": 172707000, "calculatedOperatingExpenses": 3823411000, "calculatedNetInterest": -285175000, "calculatedOtherIncome": 287500000, "calculatedIncomeNonControlling": 0, "calculatedEbitda": 589075000}, {"date": "2014-12-31", "symbol": "USFD", "reportedCurrency": "USD", "cik": "0001665918", "fillingDate": "2015-12-31", "acceptedDate": "2015-12-30 19:00:00", "calendarYear": "2014", "period": "FY", "revenue": 23019801000, "costOfRevenue": 19222092000, "grossProfit": 3797709000, "grossProfitRatio": 0.1649757528, "researchAndDevelopmentExpenses": 0, "generalAndAdministrativeExpenses": 0, "sellingAndMarketingExpenses": 0, "sellingGeneralAndAdministrativeExpenses": 3545453000, "otherExpenses": 0, "operatingExpenses": 3545453000, "costAndExpenses": 22767545000, "interestIncome": 0, "interestExpense": 289202000, "depreciationAndAmortization": 411549000, "ebitda": 663805000, "ebitdaratio": 0.0288362614, "operatingIncome": 252256000, "operatingIncomeRatio": 0.0109582181, "totalOtherIncomeExpensesNet": -72405000, "incomeBeforeTax": -36946000, "incomeBeforeTaxRatio": -0.0016049661, "incomeTaxExpense": 35968000, "netIncome": -72914000, "netIncomeRatio": -0.003167447, "eps": -0.38, "epsdiluted": -0.38, "weightedAverageShsOut": 191248181, "weightedAverageShsOutDil": 192748285, "link": "", "finalLink": "", "calculatedOtherExpenses": 0, "calculatedOperatingExpenses": 3545453000, "calculatedNetInterest": -289202000, "calculatedOtherIncome": 0, "calculatedIncomeNonControlling": 0, "calculatedEbitda": 663805000}, {"date": "2013-12-31", "symbol": "USFD", "reportedCurrency": "USD", "cik": "0001665918", "fillingDate": "2014-12-31", "acceptedDate": "2014-12-30 19:00:00", "calendarYear": "2013", "period": "FY", "revenue": 22297178000, "costOfRevenue": 18474039000, "grossProfit": 3823139000, "grossProfitRatio": 0.1714629089, "researchAndDevelopmentExpenses": 0, "generalAndAdministrativeExpenses": 0, "sellingAndMarketingExpenses": 0, "sellingGeneralAndAdministrativeExpenses": 3494254000, "otherExpenses": 0, "operatingExpenses": 3494254000, "costAndExpenses": 21968293000, "interestIncome": 0, "interestExpense": 306087000, "depreciationAndAmortization": 388188000, "ebitda": 717073000, "ebitdaratio": 0.0321598096, "operatingIncome": 320499000, "operatingIncomeRatio": 0.0143739715, "totalOtherIncomeExpensesNet": -50182000, "incomeBeforeTax": -27384000, "incomeBeforeTaxRatio": -0.0012281375, "incomeTaxExpense": 29822000, "netIncome": -57206000, "netIncomeRatio": -0.0025656162, "eps": -0.3, "epsdiluted": -0.3, "weightedAverageShsOut": 191248181, "weightedAverageShsOutDil": 192748285, "link": "", "finalLink": "", "calculatedOtherExpenses": 8386000, "calculatedOperatingExpenses": 3502640000, "calculatedNetInterest": -306087000, "calculatedOtherIncome": -41796000, "calculatedIncomeNonControlling": 0, "calculatedEbitda": 708687000}, {"date": "2012-12-31", "symbol": "USFD", "reportedCurrency": "USD", "cik": "0001665918", "fillingDate": "2013-12-31", "acceptedDate": "2013-12-30 19:00:00", "calendarYear": "2012", "period": "FY", "revenue": 21664921000, "costOfRevenue": 17971949000, "grossProfit": 3692972000, "grossProfitRatio": 0.1704585953, "researchAndDevelopmentExpenses": 0, "generalAndAdministrativeExpenses": 0, "sellingAndMarketingExpenses": 0, "sellingGeneralAndAdministrativeExpenses": 3349539000, "otherExpenses": 0, "operatingExpenses": 3349539000, "costAndExpenses": 21321488000, "interestIncome": 0, "interestExpense": 311812000, "depreciationAndAmortization": 355892000, "ebitda": 699325000, "ebitdaratio": 0.0322791392, "operatingIncome": 334510000, "operatingIncomeRatio": 0.0154401671, "totalOtherIncomeExpensesNet": -40346000, "incomeBeforeTax": -8725000, "incomeBeforeTaxRatio": -0.0004027248, "incomeTaxExpense": 42448000, "netIncome": -51173000, "netIncomeRatio": -0.0023620211, "eps": -0.27, "epsdiluted": -0.27, "weightedAverageShsOut": 191248181, "weightedAverageShsOutDil": 192748285, "link": "", "finalLink": "", "calculatedOtherExpenses": 8923000, "calculatedOperatingExpenses": 3358462000, "calculatedNetInterest": -311812000, "calculatedOtherIncome": -31423000, "calculatedIncomeNonControlling": 0, "calculatedEbitda": 690402000}]}