{"originalCurrency": "USD", "convertedCurrency": "USD", "report": [{"date": "2023-12-31", "symbol": "USLM", "reportedCurrency": "USD", "cik": "0000082020", "fillingDate": "2024-02-29", "acceptedDate": "2024-02-29 16:45:04", "calendarYear": "2023", "period": "FY", "revenue": 281330000, "costOfRevenue": 178757000, "grossProfit": 102573000, "grossProfitRatio": 0.3646002915, "researchAndDevelopmentExpenses": 0, "generalAndAdministrativeExpenses": 0, "sellingAndMarketingExpenses": 0, "sellingGeneralAndAdministrativeExpenses": 17151000, "otherExpenses": 7940000, "operatingExpenses": 17151000, "costAndExpenses": 195908000, "interestIncome": 0, "interestExpense": 0, "depreciationAndAmortization": 23827000, "ebitda": 109249000, "ebitdaratio": 0.3883304305, "operatingIncome": 85422000, "operatingIncomeRatio": 0.303636299, "totalOtherIncomeExpensesNet": 7940000, "incomeBeforeTax": 93362000, "incomeBeforeTaxRatio": 0.3318593822, "incomeTaxExpense": 18813000, "netIncome": 74549000, "netIncomeRatio": 0.2649877368, "eps": 13.1, "epsdiluted": 13.06, "weightedAverageShsOut": 5692391, "weightedAverageShsOutDil": 5706676, "link": "https://www.sec.gov/Archives/edgar/data/82020/000155837024002201/0001558370-24-002201-index.htm", "finalLink": "https://www.sec.gov/Archives/edgar/data/82020/000155837024002201/uslm-20231231x10k.htm", "calculatedOtherExpenses": 0, "calculatedOperatingExpenses": 17151000, "calculatedNetInterest": 0, "calculatedOtherIncome": 7940000, "calculatedIncomeNonControlling": 0, "calculatedEbitda": 109249000}, {"date": "2022-12-31", "symbol": "USLM", "reportedCurrency": "USD", "cik": "0000082020", "fillingDate": "2023-02-23", "acceptedDate": "2023-02-23 16:01:03", "calendarYear": "2022", "period": "FY", "revenue": 236150000, "costOfRevenue": 165808000, "grossProfit": 70342000, "grossProfitRatio": 0.2978699979, "researchAndDevelopmentExpenses": 0, "generalAndAdministrativeExpenses": 0, "sellingAndMarketingExpenses": 0, "sellingGeneralAndAdministrativeExpenses": 15559000, "otherExpenses": 1779000, "operatingExpenses": 15559000, "costAndExpenses": 181367000, "interestIncome": 2033000, "interestExpense": 254000, "depreciationAndAmortization": 22199000, "ebitda": 56816000, "ebitdaratio": 0.2405928435, "operatingIncome": 34617000, "operatingIncomeRatio": 0.1465890324, "totalOtherIncomeExpensesNet": 21945000, "incomeBeforeTax": 56562000, "incomeBeforeTaxRatio": 0.239517256, "incomeTaxExpense": 11133000, "netIncome": 45429000, "netIncomeRatio": 0.1923734914, "eps": 8.01, "epsdiluted": 8, "weightedAverageShsOut": 5671960, "weightedAverageShsOutDil": 5680409, "link": "https://www.sec.gov/Archives/edgar/data/82020/000155837023001894/0001558370-23-001894-index.htm", "finalLink": "https://www.sec.gov/Archives/edgar/data/82020/000155837023001894/uslm-20221231x10k.htm", "calculatedOtherExpenses": 20166000, "calculatedOperatingExpenses": 35725000, "calculatedNetInterest": 1779000, "calculatedOtherIncome": 20166000, "calculatedIncomeNonControlling": 0, "calculatedEbitda": 56816000}, {"date": "2021-12-31", "symbol": "USLM", "reportedCurrency": "USD", "cik": "0000082020", "fillingDate": "2022-03-10", "acceptedDate": "2022-03-10 17:24:49", "calendarYear": "2021", "period": "FY", "revenue": 189255000, "costOfRevenue": 129995000, "grossProfit": 59260000, "grossProfitRatio": 0.3131225067, "researchAndDevelopmentExpenses": 0, "generalAndAdministrativeExpenses": 0, "sellingAndMarketingExpenses": 0, "sellingGeneralAndAdministrativeExpenses": 12843000, "otherExpenses": 101000, "operatingExpenses": 12843000, "costAndExpenses": 142838000, "interestIncome": 351000, "interestExpense": 250000, "depreciationAndAmortization": 20898000, "ebitda": 46768000, "ebitdaratio": 0.2471163245, "operatingIncome": 25870000, "operatingIncomeRatio": 0.1366938786, "totalOtherIncomeExpensesNet": 20648000, "incomeBeforeTax": 46518000, "incomeBeforeTaxRatio": 0.2457953555, "incomeTaxExpense": 9473000, "netIncome": 37045000, "netIncomeRatio": 0.1957411957, "eps": 6.55, "epsdiluted": 6.54, "weightedAverageShsOut": 5656367, "weightedAverageShsOutDil": 5668359, "link": "https://www.sec.gov/Archives/edgar/data/82020/000155837022003310/0001558370-22-003310-index.htm", "finalLink": "https://www.sec.gov/Archives/edgar/data/82020/000155837022003310/uslm-20211231x10k.htm", "calculatedOtherExpenses": 20547000, "calculatedOperatingExpenses": 33390000, "calculatedNetInterest": 101000, "calculatedOtherIncome": 20547000, "calculatedIncomeNonControlling": 0, "calculatedEbitda": 46768000}, {"date": "2020-12-31", "symbol": "USLM", "reportedCurrency": "USD", "cik": "0000082020", "fillingDate": "2021-02-26", "acceptedDate": "2021-02-26 16:03:20", "calendarYear": "2020", "period": "FY", "revenue": 160704000, "costOfRevenue": 113117000, "grossProfit": 47587000, "grossProfitRatio": 0.2961158403, "researchAndDevelopmentExpenses": 0, "generalAndAdministrativeExpenses": 0, "sellingAndMarketingExpenses": 0, "sellingGeneralAndAdministrativeExpenses": 12168000, "otherExpenses": 0, "operatingExpenses": 12168000, "costAndExpenses": 125285000, "interestIncome": 451000, "interestExpense": 248000, "depreciationAndAmortization": 19611000, "ebitda": 35870000, "ebitdaratio": 0.2232053963, "operatingIncome": 16259000, "operatingIncomeRatio": 0.1011735862, "totalOtherIncomeExpensesNet": 17813000, "incomeBeforeTax": 34072000, "incomeBeforeTaxRatio": 0.2120171247, "incomeTaxExpense": 5849000, "netIncome": 28223000, "netIncomeRatio": 0.1756210175, "eps": 5.01, "epsdiluted": 5, "weightedAverageShsOut": 5629425, "weightedAverageShsOutDil": 5639863, "link": "https://www.sec.gov/Archives/edgar/data/82020/000155837021002002/0001558370-21-002002-index.htm", "finalLink": "https://www.sec.gov/Archives/edgar/data/82020/000155837021002002/uslm-20201231x10k.htm", "calculatedOtherExpenses": 19160000, "calculatedOperatingExpenses": 31328000, "calculatedNetInterest": 203000, "calculatedOtherIncome": 17610000, "calculatedIncomeNonControlling": 0, "calculatedEbitda": 35870000}, {"date": "2019-12-31", "symbol": "USLM", "reportedCurrency": "USD", "cik": "0000082020", "fillingDate": "2020-02-28", "acceptedDate": "2020-02-28 16:03:54", "calendarYear": "2019", "period": "FY", "revenue": 158277000, "costOfRevenue": 116601000, "grossProfit": 41676000, "grossProfitRatio": 0.2633105252, "researchAndDevelopmentExpenses": 0, "generalAndAdministrativeExpenses": 0, "sellingAndMarketingExpenses": 0, "sellingGeneralAndAdministrativeExpenses": 11500000, "otherExpenses": 0, "operatingExpenses": 11500000, "costAndExpenses": 128101000, "interestIncome": 1898000, "interestExpense": 244000, "depreciationAndAmortization": 17617000, "ebitda": 32074000, "ebitdaratio": 0.2026447304, "operatingIncome": 14457000, "operatingIncomeRatio": 0.0913398662, "totalOtherIncomeExpensesNet": 16443000, "incomeBeforeTax": 30900000, "incomeBeforeTaxRatio": 0.1952273546, "incomeTaxExpense": 4844000, "netIncome": 26056000, "netIncomeRatio": 0.1646227816, "eps": 4.64, "epsdiluted": 4.64, "weightedAverageShsOut": 5612048, "weightedAverageShsOutDil": 5621138, "link": "https://www.sec.gov/Archives/edgar/data/82020/000155837020001775/0001558370-20-001775-index.htm", "finalLink": "https://www.sec.gov/Archives/edgar/data/82020/000155837020001775/uslm-20191231x10k.htm", "calculatedOtherExpenses": 15719000, "calculatedOperatingExpenses": 27219000, "calculatedNetInterest": 1654000, "calculatedOtherIncome": 14789000, "calculatedIncomeNonControlling": 0, "calculatedEbitda": 32074000}, {"date": "2018-12-31", "symbol": "USLM", "reportedCurrency": "USD", "cik": "0000082020", "fillingDate": "2019-03-01", "acceptedDate": "2019-03-01 17:05:52", "calendarYear": "2018", "period": "FY", "revenue": 144435000, "costOfRevenue": 113949000, "grossProfit": 30486000, "grossProfitRatio": 0.2110707239, "researchAndDevelopmentExpenses": 0, "generalAndAdministrativeExpenses": 10484000, "sellingAndMarketingExpenses": 0, "sellingGeneralAndAdministrativeExpenses": 10484000, "otherExpenses": 0, "operatingExpenses": 10484000, "costAndExpenses": 124433000, "interestIncome": 1809000, "interestExpense": 243000, "depreciationAndAmortization": 17603000, "ebitda": 21811000, "ebitdaratio": 0.1510091044, "operatingIncome": 20002000, "operatingIncomeRatio": 0.1384844394, "totalOtherIncomeExpensesNet": 1566000, "incomeBeforeTax": 21568000, "incomeBeforeTaxRatio": 0.1493266867, "incomeTaxExpense": 1883000, "netIncome": 19685000, "netIncomeRatio": 0.1362896805, "eps": 3.52, "epsdiluted": 3.51, "weightedAverageShsOut": 5595000, "weightedAverageShsOutDil": 5602000, "link": "https://www.sec.gov/Archives/edgar/data/82020/000155837019001435/0001558370-19-001435-index.htm", "finalLink": "https://www.sec.gov/Archives/edgar/data/82020/000155837019001435/ulsm-20181231x10k.htm", "calculatedOtherExpenses": 0, "calculatedOperatingExpenses": 10484000, "calculatedNetInterest": 1566000, "calculatedOtherIncome": 0, "calculatedIncomeNonControlling": 0, "calculatedEbitda": 37605000}, {"date": "2017-12-31", "symbol": "USLM", "reportedCurrency": "USD", "cik": "0000082020", "fillingDate": "2018-03-02", "acceptedDate": "2018-03-02 16:02:08", "calendarYear": "2017", "period": "FY", "revenue": 144844000, "costOfRevenue": 110464000, "grossProfit": 34380000, "grossProfitRatio": 0.2373588136, "researchAndDevelopmentExpenses": 0, "generalAndAdministrativeExpenses": 9944000, "sellingAndMarketingExpenses": 209000, "sellingGeneralAndAdministrativeExpenses": 10153000, "otherExpenses": 209000, "operatingExpenses": 10153000, "costAndExpenses": 120617000, "interestIncome": 957000, "interestExpense": 241000, "depreciationAndAmortization": 16549000, "ebitda": 25184000, "ebitdaratio": 0.1738698186, "operatingIncome": 24227000, "operatingIncomeRatio": 0.1672627102, "totalOtherIncomeExpensesNet": 716000, "incomeBeforeTax": 24943000, "incomeBeforeTaxRatio": 0.1722059595, "incomeTaxExpense": -2205000, "netIncome": 27148000, "netIncomeRatio": 0.1874292342, "eps": 4.87, "epsdiluted": 4.86, "weightedAverageShsOut": 5577000, "weightedAverageShsOutDil": 5588000, "link": "https://www.sec.gov/Archives/edgar/data/82020/000155837018001454/0001558370-18-001454-index.htm", "finalLink": "https://www.sec.gov/Archives/edgar/data/82020/000155837018001454/uslm-20171231x10k.htm", "calculatedOtherExpenses": 0, "calculatedOperatingExpenses": 10153000, "calculatedNetInterest": 716000, "calculatedOtherIncome": 0, "calculatedIncomeNonControlling": 0, "calculatedEbitda": 40776000}, {"date": "2016-12-31", "symbol": "USLM", "reportedCurrency": "USD", "cik": "0000082020", "fillingDate": "2017-03-03", "acceptedDate": "2017-03-03 15:20:21", "calendarYear": "2016", "period": "FY", "revenue": 139282000, "costOfRevenue": 106190000, "grossProfit": 33092000, "grossProfitRatio": 0.2375899255, "researchAndDevelopmentExpenses": 0, "generalAndAdministrativeExpenses": 9402000, "sellingAndMarketingExpenses": 210000, "sellingGeneralAndAdministrativeExpenses": 9612000, "otherExpenses": 384000, "operatingExpenses": 9612000, "costAndExpenses": 115802000, "interestIncome": 0, "interestExpense": 246000, "depreciationAndAmortization": 16141000, "ebitda": 23864000, "ebitdaratio": 0.171335851, "operatingIncome": 23480000, "operatingIncomeRatio": 0.1685788544, "totalOtherIncomeExpensesNet": 384000, "incomeBeforeTax": 23618000, "incomeBeforeTaxRatio": 0.1695696501, "incomeTaxExpense": 5864000, "netIncome": 17754000, "netIncomeRatio": 0.1274680145, "eps": 3.19, "epsdiluted": 3.19, "weightedAverageShsOut": 5568000, "weightedAverageShsOutDil": 5572000, "link": "https://www.sec.gov/Archives/edgar/data/82020/000155837017001327/0001558370-17-001327-index.htm", "finalLink": "https://www.sec.gov/Archives/edgar/data/82020/000155837017001327/uslm-20161231x10k.htm", "calculatedOtherExpenses": 0, "calculatedOperatingExpenses": 9612000, "calculatedNetInterest": -246000, "calculatedOtherIncome": 384000, "calculatedIncomeNonControlling": 0, "calculatedEbitda": 39621000}, {"date": "2015-12-31", "symbol": "USLM", "reportedCurrency": "USD", "cik": "0000082020", "fillingDate": "2016-03-04", "acceptedDate": "2016-03-04 15:03:23", "calendarYear": "2015", "period": "FY", "revenue": 130837000, "costOfRevenue": 102123000, "grossProfit": 28714000, "grossProfitRatio": 0.2194639131, "researchAndDevelopmentExpenses": 0, "generalAndAdministrativeExpenses": 9379000, "sellingAndMarketingExpenses": 249000, "sellingGeneralAndAdministrativeExpenses": 9628000, "otherExpenses": -569000, "operatingExpenses": 9628000, "costAndExpenses": 111751000, "interestIncome": 0, "interestExpense": 1036000, "depreciationAndAmortization": 16033000, "ebitda": 18517000, "ebitdaratio": 0.1415272438, "operatingIncome": 19086000, "operatingIncomeRatio": 0.1458761665, "totalOtherIncomeExpensesNet": -569000, "incomeBeforeTax": 17481000, "incomeBeforeTaxRatio": 0.1336089944, "incomeTaxExpense": 4595000, "netIncome": 12886000, "netIncomeRatio": 0.0984889595, "eps": 2.3, "epsdiluted": 2.3, "weightedAverageShsOut": 5599000, "weightedAverageShsOutDil": 5604000, "link": "https://www.sec.gov/Archives/edgar/data/82020/000155837016003845/0001558370-16-003845-index.htm", "finalLink": "https://www.sec.gov/Archives/edgar/data/82020/000155837016003845/uslm-20151231x10k.htm", "calculatedOtherExpenses": 0, "calculatedOperatingExpenses": 9628000, "calculatedNetInterest": -1036000, "calculatedOtherIncome": -569000, "calculatedIncomeNonControlling": 0, "calculatedEbitda": 35119000}, {"date": "2014-12-31", "symbol": "USLM", "reportedCurrency": "USD", "cik": "0000082020", "fillingDate": "2015-03-06", "acceptedDate": "2015-03-06 14:37:53", "calendarYear": "2014", "period": "FY", "revenue": 149841000, "costOfRevenue": 113050000, "grossProfit": 36791000, "grossProfitRatio": 0.2455335989, "researchAndDevelopmentExpenses": 0, "generalAndAdministrativeExpenses": 9469000, "sellingAndMarketingExpenses": 0, "sellingGeneralAndAdministrativeExpenses": 9469000, "otherExpenses": 129000, "operatingExpenses": 9469000, "costAndExpenses": 122519000, "interestIncome": 0, "interestExpense": 1529000, "depreciationAndAmortization": 14903000, "ebitda": 27451000, "ebitdaratio": 0.1832008596, "operatingIncome": 27322000, "operatingIncomeRatio": 0.182339947, "totalOtherIncomeExpensesNet": 129000, "incomeBeforeTax": 25922000, "incomeBeforeTaxRatio": 0.1729967098, "incomeTaxExpense": 6555000, "netIncome": 19367000, "netIncomeRatio": 0.1292503387, "eps": 3.47, "epsdiluted": 3.47, "weightedAverageShsOut": 5579000, "weightedAverageShsOutDil": 5589000, "link": "https://www.sec.gov/Archives/edgar/data/82020/000104746915001768/0001047469-15-001768-index.htm", "finalLink": "https://www.sec.gov/Archives/edgar/data/82020/000104746915001768/a2223416z10-k.htm", "calculatedOtherExpenses": 0, "calculatedOperatingExpenses": 9469000, "calculatedNetInterest": -1529000, "calculatedOtherIncome": 129000, "calculatedIncomeNonControlling": 0, "calculatedEbitda": 42225000}, {"date": "2013-12-31", "symbol": "USLM", "reportedCurrency": "USD", "cik": "0000082020", "fillingDate": "2014-03-07", "acceptedDate": "2014-03-07 11:39:25", "calendarYear": "2013", "period": "FY", "revenue": 133765000, "costOfRevenue": 102965000, "grossProfit": 30800000, "grossProfitRatio": 0.2302545509, "researchAndDevelopmentExpenses": 0, "generalAndAdministrativeExpenses": 9149000, "sellingAndMarketingExpenses": 0, "sellingGeneralAndAdministrativeExpenses": 9149000, "otherExpenses": 34000, "operatingExpenses": 9149000, "costAndExpenses": 112114000, "interestIncome": 0, "interestExpense": 1852000, "depreciationAndAmortization": 14498000, "ebitda": 21685000, "ebitdaratio": 0.1621126603, "operatingIncome": 21651000, "operatingIncomeRatio": 0.1618584832, "totalOtherIncomeExpensesNet": 34000, "incomeBeforeTax": 19833000, "incomeBeforeTaxRatio": 0.148267484, "incomeTaxExpense": 5033000, "netIncome": 14800000, "netIncomeRatio": 0.1106417972, "eps": 2.66, "epsdiluted": 2.66, "weightedAverageShsOut": 5561000, "weightedAverageShsOutDil": 5571000, "link": "https://www.sec.gov/Archives/edgar/data/82020/000104746914001954/0001047469-14-001954-index.htm", "finalLink": "https://www.sec.gov/Archives/edgar/data/82020/000104746914001954/a2218769z10-k.htm", "calculatedOtherExpenses": 0, "calculatedOperatingExpenses": 9149000, "calculatedNetInterest": -1852000, "calculatedOtherIncome": 34000, "calculatedIncomeNonControlling": 0, "calculatedEbitda": 36149000}, {"date": "2012-12-31", "symbol": "USLM", "reportedCurrency": "USD", "cik": "0000082020", "fillingDate": "2013-03-07", "acceptedDate": "2013-03-07 15:52:00", "calendarYear": "2012", "period": "FY", "revenue": 138525000, "costOfRevenue": 105087000, "grossProfit": 33438000, "grossProfitRatio": 0.2413860314, "researchAndDevelopmentExpenses": 0, "generalAndAdministrativeExpenses": 8999000, "sellingAndMarketingExpenses": 194000, "sellingGeneralAndAdministrativeExpenses": 9193000, "otherExpenses": 19000, "operatingExpenses": 9193000, "costAndExpenses": 114280000, "interestIncome": 0, "interestExpense": 2163000, "depreciationAndAmortization": 15044000, "ebitda": 24264000, "ebitdaratio": 0.1751597185, "operatingIncome": 24245000, "operatingIncomeRatio": 0.1750225591, "totalOtherIncomeExpensesNet": 19000, "incomeBeforeTax": 22101000, "incomeBeforeTaxRatio": 0.1595452084, "incomeTaxExpense": 5678000, "netIncome": 16423000, "netIncomeRatio": 0.1185562173, "eps": 2.88, "epsdiluted": 2.87, "weightedAverageShsOut": 5705000, "weightedAverageShsOutDil": 5716000, "link": "https://www.sec.gov/Archives/edgar/data/82020/000104746913002339/0001047469-13-002339-index.htm", "finalLink": "https://www.sec.gov/Archives/edgar/data/82020/000104746913002339/a2213421z10-k.htm", "calculatedOtherExpenses": 0, "calculatedOperatingExpenses": 9193000, "calculatedNetInterest": -2163000, "calculatedOtherIncome": 19000, "calculatedIncomeNonControlling": 0, "calculatedEbitda": 39289000}, {"date": "2011-12-31", "symbol": "USLM", "reportedCurrency": "USD", "cik": "0000082020", "fillingDate": "2012-03-01", "acceptedDate": "2012-03-01 14:03:33", "calendarYear": "2011", "period": "FY", "revenue": 142582000, "costOfRevenue": 101233000, "grossProfit": 41349000, "grossProfitRatio": 0.290001543, "researchAndDevelopmentExpenses": 0, "generalAndAdministrativeExpenses": 8662000, "sellingAndMarketingExpenses": 0, "sellingGeneralAndAdministrativeExpenses": 8662000, "otherExpenses": 184000, "operatingExpenses": 8846000, "costAndExpenses": 110079000, "interestIncome": 0, "interestExpense": 2495000, "depreciationAndAmortization": 13781000, "ebitda": 32503000, "ebitdaratio": 0.2279600511, "operatingIncome": 32503000, "operatingIncomeRatio": 0.2279600511, "totalOtherIncomeExpensesNet": 136000, "incomeBeforeTax": 30144000, "incomeBeforeTaxRatio": 0.2114151856, "incomeTaxExpense": 7958000, "netIncome": 22186000, "netIncomeRatio": 0.1556016889, "eps": 3.5, "epsdiluted": 3.49, "weightedAverageShsOut": 6344000, "weightedAverageShsOutDil": 6362000, "link": "https://www.sec.gov/Archives/edgar/data/82020/000104746912001978/0001047469-12-001978-index.htm", "finalLink": "https://www.sec.gov/Archives/edgar/data/82020/000104746912001978/a2207695z10-k.htm", "calculatedOtherExpenses": 184000, "calculatedOperatingExpenses": 8846000, "calculatedNetInterest": -2495000, "calculatedOtherIncome": 136000, "calculatedIncomeNonControlling": 0, "calculatedEbitda": 46284000}, {"date": "2010-12-31", "symbol": "USLM", "reportedCurrency": "USD", "cik": "0000082020", "fillingDate": "2011-03-08", "acceptedDate": "2011-03-08 17:29:41", "calendarYear": "2010", "period": "FY", "revenue": 132594000, "costOfRevenue": 96553000, "grossProfit": 36041000, "grossProfitRatio": 0.2718147126, "researchAndDevelopmentExpenses": 0, "generalAndAdministrativeExpenses": 8072000, "sellingAndMarketingExpenses": 0, "sellingGeneralAndAdministrativeExpenses": 8072000, "otherExpenses": 304000, "operatingExpenses": 8376000, "costAndExpenses": 104929000, "interestIncome": 0, "interestExpense": 2715000, "depreciationAndAmortization": 13611000, "ebitda": 41276000, "ebitdaratio": 0.3112961371, "operatingIncome": 27665000, "operatingIncomeRatio": 0.2086444334, "totalOtherIncomeExpensesNet": 108000, "incomeBeforeTax": 25058000, "incomeBeforeTaxRatio": 0.1889829102, "incomeTaxExpense": 7018000, "netIncome": 18040000, "netIncomeRatio": 0.1360544218, "eps": 2.82, "epsdiluted": 2.81, "weightedAverageShsOut": 6400958, "weightedAverageShsOutDil": 6417817, "link": "https://www.sec.gov/Archives/edgar/data/82020/000095012311023236/0000950123-11-023236-index.htm", "finalLink": "https://www.sec.gov/Archives/edgar/data/82020/000095012311023236/d80419e10vk.htm", "calculatedOtherExpenses": 304000, "calculatedOperatingExpenses": 8376000, "calculatedNetInterest": -2715000, "calculatedOtherIncome": 108000, "calculatedIncomeNonControlling": 0, "calculatedEbitda": 41276000}, {"date": "2009-12-31", "symbol": "USLM", "reportedCurrency": "USD", "cik": "0000082020", "fillingDate": "2010-03-02", "acceptedDate": "2010-03-02 16:35:01", "calendarYear": "2009", "period": "FY", "revenue": 117331000, "costOfRevenue": 88578000, "grossProfit": 28753000, "grossProfitRatio": 0.2450588506, "researchAndDevelopmentExpenses": 0, "generalAndAdministrativeExpenses": 7405000, "sellingAndMarketingExpenses": 0, "sellingGeneralAndAdministrativeExpenses": 7405000, "otherExpenses": 393000, "operatingExpenses": 7798000, "costAndExpenses": 96376000, "interestIncome": 0, "interestExpense": 2886000, "depreciationAndAmortization": 13475000, "ebitda": 34430000, "ebitdaratio": 0.2934433355, "operatingIncome": 20955000, "operatingIncomeRatio": 0.1785973017, "totalOtherIncomeExpensesNet": 75000, "incomeBeforeTax": 18144000, "incomeBeforeTaxRatio": 0.1546394389, "incomeTaxExpense": 4474000, "netIncome": 13670000, "netIncomeRatio": 0.1165079987, "eps": 2.14, "epsdiluted": 2.14, "weightedAverageShsOut": 6378457, "weightedAverageShsOutDil": 6397743, "link": "https://www.sec.gov/Archives/edgar/data/82020/000095012310020047/0000950123-10-020047-index.htm", "finalLink": "https://www.sec.gov/Archives/edgar/data/82020/000095012310020047/d71309e10vk.htm", "calculatedOtherExpenses": 393000, "calculatedOperatingExpenses": 7798000, "calculatedNetInterest": -2886000, "calculatedOtherIncome": 75000, "calculatedIncomeNonControlling": 0, "calculatedEbitda": 34430000}, {"date": "2008-12-31", "symbol": "USLM", "reportedCurrency": "USD", "cik": "0000082020", "fillingDate": "2009-03-06", "acceptedDate": "2009-03-05 19:19:38", "calendarYear": "2008", "period": "FY", "revenue": 142356000, "costOfRevenue": 111073000, "grossProfit": 31283000, "grossProfitRatio": 0.2197518896, "researchAndDevelopmentExpenses": 0, "generalAndAdministrativeExpenses": 7966000, "sellingAndMarketingExpenses": 0, "sellingGeneralAndAdministrativeExpenses": 7966000, "otherExpenses": 0, "operatingExpenses": 7966000, "costAndExpenses": 119039000, "interestIncome": 0, "interestExpense": 3486000, "depreciationAndAmortization": 13475000, "ebitda": 36792000, "ebitdaratio": 0.2584506449, "operatingIncome": 23317000, "operatingIncomeRatio": 0.1637935879, "totalOtherIncomeExpensesNet": -420000, "incomeBeforeTax": 19411000, "incomeBeforeTaxRatio": 0.1363553345, "incomeTaxExpense": 4978000, "netIncome": 14433000, "netIncomeRatio": 0.1013866644, "eps": 2.29, "epsdiluted": 2.27, "weightedAverageShsOut": 6305164, "weightedAverageShsOutDil": 6358150, "link": "https://www.sec.gov/Archives/edgar/data/82020/000095013409004608/0000950134-09-004608-index.htm", "finalLink": "https://www.sec.gov/Archives/edgar/data/82020/000095013409004608/d66660e10vk.htm", "calculatedOtherExpenses": 0, "calculatedOperatingExpenses": 7966000, "calculatedNetInterest": -3486000, "calculatedOtherIncome": -420000, "calculatedIncomeNonControlling": 0, "calculatedEbitda": 36792000}, {"date": "2007-12-31", "symbol": "USLM", "reportedCurrency": "USD", "cik": "0000082020", "fillingDate": "2008-03-13", "acceptedDate": "2008-03-13 17:24:02", "calendarYear": "2007", "period": "FY", "revenue": 125236000, "costOfRevenue": 99220000, "grossProfit": 26016000, "grossProfitRatio": 0.2077357948, "researchAndDevelopmentExpenses": 0, "generalAndAdministrativeExpenses": 6853000, "sellingAndMarketingExpenses": 0, "sellingGeneralAndAdministrativeExpenses": 6853000, "otherExpenses": 791000, "operatingExpenses": 7644000, "costAndExpenses": 106864000, "interestIncome": 0, "interestExpense": 4287000, "depreciationAndAmortization": 12903000, "ebitda": 31021000, "ebitdaratio": 0.2477003418, "operatingIncome": 18372000, "operatingIncomeRatio": 0.1466990322, "totalOtherIncomeExpensesNet": 254000, "incomeBeforeTax": 14339000, "incomeBeforeTaxRatio": 0.1144958319, "incomeTaxExpense": 3893000, "netIncome": 10446000, "netIncomeRatio": 0.0834105209, "eps": 1.67, "epsdiluted": 1.65, "weightedAverageShsOut": 6259663, "weightedAverageShsOutDil": 6332702, "link": "https://www.sec.gov/Archives/edgar/data/82020/000095013408004747/0000950134-08-004747-index.htm", "finalLink": "https://www.sec.gov/Archives/edgar/data/82020/000095013408004747/d54932e10vk.htm", "calculatedOtherExpenses": 791000, "calculatedOperatingExpenses": 7644000, "calculatedNetInterest": -4287000, "calculatedOtherIncome": 254000, "calculatedIncomeNonControlling": 0, "calculatedEbitda": 31275000}, {"date": "2006-12-31", "symbol": "USLM", "reportedCurrency": "USD", "cik": "0000082020", "fillingDate": "2007-03-16", "acceptedDate": "2007-03-16 15:05:27", "calendarYear": "2006", "period": "FY", "revenue": 118690000, "costOfRevenue": 90653000, "grossProfit": 28037000, "grossProfitRatio": 0.2362204061, "researchAndDevelopmentExpenses": 0, "generalAndAdministrativeExpenses": 7013000, "sellingAndMarketingExpenses": 0, "sellingGeneralAndAdministrativeExpenses": 7013000, "otherExpenses": 0, "operatingExpenses": 7013000, "costAndExpenses": 97666000, "interestIncome": 0, "interestExpense": 3106000, "depreciationAndAmortization": 10167000, "ebitda": 30969000, "ebitdaratio": 0.2609234139, "operatingIncome": 21024000, "operatingIncomeRatio": 0.1771337097, "totalOtherIncomeExpensesNet": 222000, "incomeBeforeTax": 18140000, "incomeBeforeTaxRatio": 0.1528351167, "incomeTaxExpense": 4889000, "netIncome": 12701000, "netIncomeRatio": 0.1070098576, "eps": 2.06, "epsdiluted": 2.02, "weightedAverageShsOut": 6165534, "weightedAverageShsOutDil": 6287624, "link": "https://www.sec.gov/Archives/edgar/data/82020/000095013407005937/0000950134-07-005937-index.htm", "finalLink": "https://www.sec.gov/Archives/edgar/data/82020/000095013407005937/d44656e10vk.htm", "calculatedOtherExpenses": 0, "calculatedOperatingExpenses": 7013000, "calculatedNetInterest": -3106000, "calculatedOtherIncome": 222000, "calculatedIncomeNonControlling": 550000, "calculatedEbitda": 31191000}, {"date": "2005-12-31", "symbol": "USLM", "reportedCurrency": "USD", "cik": "0000082020", "fillingDate": "2006-03-14", "acceptedDate": "2006-03-14 16:25:10", "calendarYear": "2005", "period": "FY", "revenue": 81085000, "costOfRevenue": 53838000, "grossProfit": 27247000, "grossProfitRatio": 0.3360300919, "researchAndDevelopmentExpenses": 0, "generalAndAdministrativeExpenses": 5522000, "sellingAndMarketingExpenses": 0, "sellingGeneralAndAdministrativeExpenses": 5522000, "otherExpenses": 7881000, "operatingExpenses": 13403000, "costAndExpenses": 67241000, "interestIncome": 0, "interestExpense": -5100, "depreciationAndAmortization": 8447000, "ebitda": 22190000, "ebitdaratio": 0.2736634396, "operatingIncome": 13844000, "operatingIncomeRatio": 0.1707344145, "totalOtherIncomeExpensesNet": 101000, "incomeBeforeTax": 9772000, "incomeBeforeTaxRatio": 0.1205155084, "incomeTaxExpense": 1824000, "netIncome": 7948000, "netIncomeRatio": 0.0980205957, "eps": 1.34, "epsdiluted": 1.31, "weightedAverageShsOut": 5931343, "weightedAverageShsOutDil": 6067176, "link": "https://www.sec.gov/Archives/edgar/data/82020/000095013406005029/0000950134-06-005029-index.htm", "finalLink": "https://www.sec.gov/Archives/edgar/data/82020/000095013406005029/d33971e10vk.htm", "calculatedOtherExpenses": 7881000, "calculatedOperatingExpenses": 13403000, "calculatedNetInterest": 5100, "calculatedOtherIncome": -4077100, "calculatedIncomeNonControlling": 0, "calculatedEbitda": 22291000}, {"date": "2004-12-31", "symbol": "USLM", "reportedCurrency": "USD", "cik": "0000082020", "fillingDate": "2005-03-24", "acceptedDate": "2005-03-24 17:29:58", "calendarYear": "2004", "period": "FY", "revenue": 55679000, "costOfRevenue": 31236000, "grossProfit": 24443000, "grossProfitRatio": 0.4389985452, "researchAndDevelopmentExpenses": 0, "generalAndAdministrativeExpenses": 5040000, "sellingAndMarketingExpenses": 0, "sellingGeneralAndAdministrativeExpenses": 5040000, "otherExpenses": 7423000, "operatingExpenses": 12463000, "costAndExpenses": 43699000, "interestIncome": 0, "interestExpense": -10100, "depreciationAndAmortization": 8798000, "ebitda": 19415000, "ebitdaratio": 0.3486951993, "operatingIncome": 11980000, "operatingIncomeRatio": 0.2151619102, "totalOtherIncomeExpensesNet": 1363000, "incomeBeforeTax": 7713000, "incomeBeforeTaxRatio": 0.1385261948, "incomeTaxExpense": 1384000, "netIncome": 6329000, "netIncomeRatio": 0.1136694265, "eps": 1.08, "epsdiluted": 1.07, "weightedAverageShsOut": 5860185, "weightedAverageShsOutDil": 5914953, "link": "https://www.sec.gov/Archives/edgar/data/82020/000095013405005940/0000950134-05-005940-index.htm", "finalLink": "https://www.sec.gov/Archives/edgar/data/82020/000095013405005940/d23747e10vk.htm", "calculatedOtherExpenses": 7423000, "calculatedOperatingExpenses": 12463000, "calculatedNetInterest": 10100, "calculatedOtherIncome": -4277100, "calculatedIncomeNonControlling": 0, "calculatedEbitda": 20778000}, {"date": "2003-12-31", "symbol": "USLM", "reportedCurrency": "USD", "cik": "0000082020", "fillingDate": "2004-03-30", "acceptedDate": "2004-03-30 16:21:32", "calendarYear": "2003", "period": "FY", "revenue": 45256000, "costOfRevenue": 26091000, "grossProfit": 19165000, "grossProfitRatio": 0.4234797596, "researchAndDevelopmentExpenses": 0, "generalAndAdministrativeExpenses": 4488000, "sellingAndMarketingExpenses": 0, "sellingGeneralAndAdministrativeExpenses": 4488000, "otherExpenses": 6103000, "operatingExpenses": 10591000, "costAndExpenses": 36682000, "interestIncome": 0, "interestExpense": 4577000, "depreciationAndAmortization": 6707000, "ebitda": 14474000, "ebitdaratio": 0.3198249956, "operatingIncome": 8574000, "operatingIncomeRatio": 0.1894555418, "totalOtherIncomeExpensesNet": 807000, "incomeBeforeTax": 4804000, "incomeBeforeTaxRatio": 0.1061516705, "incomeTaxExpense": 944000, "netIncome": 3860000, "netIncomeRatio": 0.0852925579, "eps": 0.67, "epsdiluted": 0.67, "weightedAverageShsOut": 5761194, "weightedAverageShsOutDil": 5787273, "link": "https://www.sec.gov/Archives/edgar/data/82020/000095013404004399/0000950134-04-004399-index.htm", "finalLink": "https://www.sec.gov/Archives/edgar/data/82020/000095013404004399/d13942e10vk.htm", "calculatedOtherExpenses": 6103000, "calculatedOperatingExpenses": 10591000, "calculatedNetInterest": -4577000, "calculatedOtherIncome": 807000, "calculatedIncomeNonControlling": 0, "calculatedEbitda": 15281000}, {"date": "2002-12-31", "symbol": "USLM", "reportedCurrency": "USD", "cik": "0000082020", "fillingDate": "2003-03-31", "acceptedDate": "2003-03-31 11:38:01", "calendarYear": "2002", "period": "FY", "revenue": 39162000, "costOfRevenue": 23484000, "grossProfit": 15678000, "grossProfitRatio": 0.4003370614, "researchAndDevelopmentExpenses": 0, "generalAndAdministrativeExpenses": 3969000, "sellingAndMarketingExpenses": 0, "sellingGeneralAndAdministrativeExpenses": 3969000, "otherExpenses": 6170000, "operatingExpenses": 10139000, "costAndExpenses": 33623000, "interestIncome": 0, "interestExpense": 0, "depreciationAndAmortization": 6657000, "ebitda": 12735000, "ebitdaratio": 0.3251876819, "operatingIncome": 5539000, "operatingIncomeRatio": 0.1414381288, "totalOtherIncomeExpensesNet": -539000, "incomeBeforeTax": 671000, "incomeBeforeTaxRatio": 0.0171339564, "incomeTaxExpense": 35000, "netIncome": 636000, "netIncomeRatio": 0.0162402329, "eps": 0.11, "epsdiluted": 0.11, "weightedAverageShsOut": 5781818, "weightedAverageShsOutDil": 5781818, "link": "https://www.sec.gov/Archives/edgar/data/82020/000095013403004962/0000950134-03-004962-index.htm", "finalLink": "https://www.sec.gov/Archives/edgar/data/82020/000095013403004962/d04441e10vk.txt", "calculatedOtherExpenses": 6170000, "calculatedOperatingExpenses": 10139000, "calculatedNetInterest": 0, "calculatedOtherIncome": -4868000, "calculatedIncomeNonControlling": 0, "calculatedEbitda": 12196000}, {"date": "2001-12-31", "symbol": "USLM", "reportedCurrency": "USD", "cik": "0000082020", "fillingDate": "2002-03-27", "acceptedDate": "2002-03-27 00:00:00", "calendarYear": "2001", "period": "FY", "revenue": 39753000, "costOfRevenue": 23371000, "grossProfit": 16382000, "grossProfitRatio": 0.4120946847, "researchAndDevelopmentExpenses": 0, "generalAndAdministrativeExpenses": 4075000, "sellingAndMarketingExpenses": 0, "sellingGeneralAndAdministrativeExpenses": 4075000, "otherExpenses": 0, "operatingExpenses": 4075000, "costAndExpenses": 27446000, "interestIncome": 0, "interestExpense": 0, "depreciationAndAmortization": 6340000, "ebitda": 19027000, "ebitdaratio": 0.4786305436, "operatingIncome": 6390000, "operatingIncomeRatio": 0.1607425855, "totalOtherIncomeExpensesNet": -380000, "incomeBeforeTax": 2189000, "incomeBeforeTaxRatio": 0.0550650265, "incomeTaxExpense": 416000, "netIncome": 1773000, "netIncomeRatio": 0.0446004075, "eps": 0.32, "epsdiluted": 0.32, "weightedAverageShsOut": 5540625, "weightedAverageShsOutDil": 5540625, "link": "https://www.sec.gov/Archives/edgar/data/82020/000095013402002680/0000950134-02-002680-index.htm", "finalLink": "https://www.sec.gov/Archives/edgar/data/82020/000095013402002680/d95420e10-k405.txt", "calculatedOtherExpenses": 5917000, "calculatedOperatingExpenses": 9992000, "calculatedNetInterest": 0, "calculatedOtherIncome": -4201000, "calculatedIncomeNonControlling": 0, "calculatedEbitda": 12730000}, {"date": "2000-12-31", "symbol": "USLM", "reportedCurrency": "USD", "cik": "0000082020", "fillingDate": "2001-03-27", "acceptedDate": "2001-03-27 00:00:00", "calendarYear": "2000", "period": "FY", "revenue": 32456000, "costOfRevenue": 20959000, "grossProfit": 11497000, "grossProfitRatio": 0.3542334237, "researchAndDevelopmentExpenses": 0, "generalAndAdministrativeExpenses": 3936000, "sellingAndMarketingExpenses": 0, "sellingGeneralAndAdministrativeExpenses": 3936000, "otherExpenses": 5320000, "operatingExpenses": 9256000, "costAndExpenses": 30215000, "interestIncome": 0, "interestExpense": 0, "depreciationAndAmortization": 5320000, "ebitda": 7004000, "ebitdaratio": 0.2157998521, "operatingIncome": 2241000, "operatingIncomeRatio": 0.0690473256, "totalOtherIncomeExpensesNet": 557000, "incomeBeforeTax": -376000, "incomeBeforeTaxRatio": -0.011584915, "incomeTaxExpense": -85000, "netIncome": -291000, "netIncomeRatio": -0.0089659847, "eps": -0.0733, "epsdiluted": -0.0733, "weightedAverageShsOut": 3968750, "weightedAverageShsOutDil": 3968750, "link": "https://www.sec.gov/Archives/edgar/data/82020/000095013401002624/0000950134-01-002624-index.htm", "finalLink": "https://www.sec.gov/Archives/edgar/data/82020/000095013401002624/d84972e10-k405.txt", "calculatedOtherExpenses": 5320000, "calculatedOperatingExpenses": 9256000, "calculatedNetInterest": 0, "calculatedOtherIncome": -2617000, "calculatedIncomeNonControlling": 0, "calculatedEbitda": 7561000}, {"date": "1999-12-31", "symbol": "USLM", "reportedCurrency": "USD", "cik": "0000082020", "fillingDate": "2000-03-02", "acceptedDate": "2000-03-02 00:00:00", "calendarYear": "1999", "period": "FY", "revenue": 31537000, "costOfRevenue": 17977000, "grossProfit": 13560000, "grossProfitRatio": 0.429971145, "researchAndDevelopmentExpenses": 0, "generalAndAdministrativeExpenses": 3482000, "sellingAndMarketingExpenses": 0, "sellingGeneralAndAdministrativeExpenses": 3482000, "otherExpenses": 4745000, "operatingExpenses": 8227000, "costAndExpenses": 26204000, "interestIncome": 0, "interestExpense": 0, "depreciationAndAmortization": 4745000, "ebitda": 9473000, "ebitdaratio": 0.3003773346, "operatingIncome": 5333000, "operatingIncomeRatio": 0.1691029584, "totalOtherIncomeExpensesNet": 605000, "incomeBeforeTax": 3377000, "incomeBeforeTaxRatio": 0.107080572, "incomeTaxExpense": 844000, "netIncome": 2533000, "netIncomeRatio": 0.0803183562, "eps": 0.64, "epsdiluted": 0.64, "weightedAverageShsOut": 3957812, "weightedAverageShsOutDil": 3957812, "link": "https://www.sec.gov/Archives/edgar/data/82020/000095013400001577/0000950134-00-001577-index.htm", "finalLink": "https://www.sec.gov/Archives/edgar/data/82020/000095013400001577/0000950134-00-001577.txt", "calculatedOtherExpenses": 4745000, "calculatedOperatingExpenses": 8227000, "calculatedNetInterest": 0, "calculatedOtherIncome": -1956000, "calculatedIncomeNonControlling": 0, "calculatedEbitda": 10078000}, {"date": "1998-12-31", "symbol": "USLM", "reportedCurrency": "USD", "cik": "0000082020", "fillingDate": "1999-03-05", "acceptedDate": "1999-03-05 00:00:00", "calendarYear": "1998", "period": "FY", "revenue": 28800000, "costOfRevenue": 18800000, "grossProfit": 10000000, "grossProfitRatio": 0.3472222222, "researchAndDevelopmentExpenses": 0, "generalAndAdministrativeExpenses": 3500000, "sellingAndMarketingExpenses": 0, "sellingGeneralAndAdministrativeExpenses": 3500000, "otherExpenses": 2900000, "operatingExpenses": 6400000, "costAndExpenses": 25200000, "interestIncome": 0, "interestExpense": 0, "depreciationAndAmortization": 2900000, "ebitda": 6200000, "ebitdaratio": 0.2152777778, "operatingIncome": 3600000, "operatingIncomeRatio": 0.125, "totalOtherIncomeExpensesNet": 300000, "incomeBeforeTax": 3800000, "incomeBeforeTaxRatio": 0.1319444444, "incomeTaxExpense": 900000, "netIncome": 2900000, "netIncomeRatio": 0.1006944444, "eps": 0.74, "epsdiluted": 0.74, "weightedAverageShsOut": 3918919, "weightedAverageShsOutDil": 3918919, "link": "https://www.sec.gov/Archives/edgar/data/82020/000095013499001487/0000950134-99-001487-index.htm", "finalLink": "https://www.sec.gov/Archives/edgar/data/82020/0000950134-99-001487.txt", "calculatedOtherExpenses": 2900000, "calculatedOperatingExpenses": 6400000, "calculatedNetInterest": 0, "calculatedOtherIncome": 200000, "calculatedIncomeNonControlling": 0, "calculatedEbitda": 6500000}, {"date": "1997-12-31", "symbol": "USLM", "reportedCurrency": "USD", "cik": "0000082020", "fillingDate": "1998-03-20", "acceptedDate": "1998-03-20 00:00:00", "calendarYear": "1997", "period": "FY", "revenue": 32400000, "costOfRevenue": 23600000, "grossProfit": 8800000, "grossProfitRatio": 0.2716049383, "researchAndDevelopmentExpenses": 0, "generalAndAdministrativeExpenses": 4500000, "sellingAndMarketingExpenses": 0, "sellingGeneralAndAdministrativeExpenses": 4500000, "otherExpenses": 3600000, "operatingExpenses": 8100000, "costAndExpenses": 31700000, "interestIncome": 0, "interestExpense": 0, "depreciationAndAmortization": 3600000, "ebitda": 3800000, "ebitdaratio": 0.1172839506, "operatingIncome": 700000, "operatingIncomeRatio": 0.0216049383, "totalOtherIncomeExpensesNet": 500000, "incomeBeforeTax": 1000000, "incomeBeforeTaxRatio": 0.0308641975, "incomeTaxExpense": -2100000, "netIncome": 3100000, "netIncomeRatio": 0.0956790123, "eps": 0.79, "epsdiluted": 0.78, "weightedAverageShsOut": 3924051, "weightedAverageShsOutDil": 3974359, "link": "https://www.sec.gov/Archives/edgar/data/82020/000095013498002209/0000950134-98-002209-index.htm", "finalLink": "https://www.sec.gov/Archives/edgar/data/82020/0000950134-98-002209.txt", "calculatedOtherExpenses": 3600000, "calculatedOperatingExpenses": 8100000, "calculatedNetInterest": 0, "calculatedOtherIncome": 300000, "calculatedIncomeNonControlling": 0, "calculatedEbitda": 4300000}, {"date": "1996-12-31", "symbol": "USLM", "reportedCurrency": "USD", "cik": "0000082020", "fillingDate": "1997-03-31", "acceptedDate": "1997-03-31 00:00:00", "calendarYear": "1996", "period": "FY", "revenue": 40200000, "costOfRevenue": 28400000, "grossProfit": 11800000, "grossProfitRatio": 0.2935323383, "researchAndDevelopmentExpenses": 0, "generalAndAdministrativeExpenses": 4400000, "sellingAndMarketingExpenses": 0, "sellingGeneralAndAdministrativeExpenses": 4400000, "otherExpenses": 3900000, "operatingExpenses": 8300000, "costAndExpenses": 36700000, "interestIncome": 0, "interestExpense": 0, "depreciationAndAmortization": 3900000, "ebitda": 7200000, "ebitdaratio": 0.1791044776, "operatingIncome": 3500000, "operatingIncomeRatio": 0.0870646766, "totalOtherIncomeExpensesNet": 200000, "incomeBeforeTax": 3200000, "incomeBeforeTaxRatio": 0.07960199, "incomeTaxExpense": 600000, "netIncome": 2600000, "netIncomeRatio": 0.0646766169, "eps": 0.67, "epsdiluted": 0.67, "weightedAverageShsOut": 3880597, "weightedAverageShsOutDil": 3906250, "link": "https://www.sec.gov/Archives/edgar/data/82020/000095013497002469/0000950134-97-002469-index.htm", "finalLink": "https://www.sec.gov/Archives/edgar/data/82020/0000950134-97-002469.txt", "calculatedOtherExpenses": 3900000, "calculatedOperatingExpenses": 8300000, "calculatedNetInterest": 0, "calculatedOtherIncome": -300000, "calculatedIncomeNonControlling": 0, "calculatedEbitda": 7400000}, {"date": "1995-12-31", "symbol": "USLM", "reportedCurrency": "USD", "cik": "0000082020", "fillingDate": "1996-02-29", "acceptedDate": "1996-02-29 00:00:00", "calendarYear": "1995", "period": "FY", "revenue": 41400000, "costOfRevenue": 27100000, "grossProfit": 14300000, "grossProfitRatio": 0.345410628, "researchAndDevelopmentExpenses": 0, "generalAndAdministrativeExpenses": 5200000, "sellingAndMarketingExpenses": 0, "sellingGeneralAndAdministrativeExpenses": 5200000, "otherExpenses": 3500000, "operatingExpenses": 8700000, "costAndExpenses": 35800000, "interestIncome": 0, "interestExpense": 0, "depreciationAndAmortization": 3500000, "ebitda": 8800000, "ebitdaratio": 0.2125603865, "operatingIncome": 5600000, "operatingIncomeRatio": 0.1352657005, "totalOtherIncomeExpensesNet": 300000, "incomeBeforeTax": 5300000, "incomeBeforeTaxRatio": 0.1280193237, "incomeTaxExpense": 1000000, "netIncome": 4300000, "netIncomeRatio": 0.1038647343, "eps": 1.11, "epsdiluted": 1.11, "weightedAverageShsOut": 3873874, "weightedAverageShsOutDil": 3873874, "link": "https://www.sec.gov/Archives/edgar/data/82020/000095013496000590/0000950134-96-000590-index.html", "finalLink": "https://www.sec.gov/Archives/edgar/data/82020/", "calculatedOtherExpenses": 3500000, "calculatedOperatingExpenses": 8700000, "calculatedNetInterest": 0, "calculatedOtherIncome": -300000, "calculatedIncomeNonControlling": 0, "calculatedEbitda": 9100000}, {"date": "1994-12-31", "symbol": "USLM", "reportedCurrency": "USD", "cik": "0000082020", "fillingDate": "1994-12-31", "acceptedDate": "1994-12-30 19:00:00", "calendarYear": "1994", "period": "FY", "revenue": 36900000, "costOfRevenue": 25300000, "grossProfit": 11600000, "grossProfitRatio": 0.3143631436, "researchAndDevelopmentExpenses": 0, "generalAndAdministrativeExpenses": 5100000, "sellingAndMarketingExpenses": 0, "sellingGeneralAndAdministrativeExpenses": 5100000, "otherExpenses": 3700000, "operatingExpenses": 8800000, "costAndExpenses": 34100000, "interestIncome": 0, "interestExpense": 0, "depreciationAndAmortization": 3700000, "ebitda": 6200000, "ebitdaratio": 0.1680216802, "operatingIncome": 2800000, "operatingIncomeRatio": 0.0758807588, "totalOtherIncomeExpensesNet": 300000, "incomeBeforeTax": 2200000, "incomeBeforeTaxRatio": 0.0596205962, "incomeTaxExpense": 300000, "netIncome": 1900000, "netIncomeRatio": 0.0514905149, "eps": 0.5, "epsdiluted": 0.5, "weightedAverageShsOut": 3800000, "weightedAverageShsOutDil": 3800000, "link": "", "finalLink": "", "calculatedOtherExpenses": 3700000, "calculatedOperatingExpenses": 8800000, "calculatedNetInterest": 0, "calculatedOtherIncome": -600000, "calculatedIncomeNonControlling": 0, "calculatedEbitda": 6500000}, {"date": "1993-12-31", "symbol": "USLM", "reportedCurrency": "USD", "cik": "0000082020", "fillingDate": "1993-12-31", "acceptedDate": "1993-12-30 19:00:00", "calendarYear": "1993", "period": "FY", "revenue": 32400000, "costOfRevenue": 21100000, "grossProfit": 11300000, "grossProfitRatio": 0.3487654321, "researchAndDevelopmentExpenses": 0, "generalAndAdministrativeExpenses": 0, "sellingAndMarketingExpenses": 0, "sellingGeneralAndAdministrativeExpenses": 5900000, "otherExpenses": 4500000, "operatingExpenses": 10400000, "costAndExpenses": 31500000, "interestIncome": 0, "interestExpense": 0, "depreciationAndAmortization": 4500000, "ebitda": 6000000, "ebitdaratio": 0.1851851852, "operatingIncome": 900000, "operatingIncomeRatio": 0.0277777778, "totalOtherIncomeExpensesNet": -600000, "incomeBeforeTax": -500000, "incomeBeforeTaxRatio": -0.0154320988, "incomeTaxExpense": -100000, "netIncome": 100000, "netIncomeRatio": 0.0030864198, "eps": 0.01, "epsdiluted": 0.01, "weightedAverageShsOut": 3333333, "weightedAverageShsOutDil": 3333333, "link": "", "finalLink": "", "calculatedOtherExpenses": 4500000, "calculatedOperatingExpenses": 10400000, "calculatedNetInterest": 0, "calculatedOtherIncome": -1400000, "calculatedIncomeNonControlling": -500000, "calculatedEbitda": 5400000}, {"date": "1992-12-31", "symbol": "USLM", "reportedCurrency": "USD", "cik": "0000082020", "fillingDate": "1992-12-31", "acceptedDate": "1992-12-30 19:00:00", "calendarYear": "1992", "period": "FY", "revenue": 36000000, "costOfRevenue": 23900000, "grossProfit": 12100000, "grossProfitRatio": 0.3361111111, "researchAndDevelopmentExpenses": 0, "generalAndAdministrativeExpenses": 0, "sellingAndMarketingExpenses": 0, "sellingGeneralAndAdministrativeExpenses": 5500000, "otherExpenses": 5000000, "operatingExpenses": 10500000, "costAndExpenses": 34400000, "interestIncome": 0, "interestExpense": 0, "depreciationAndAmortization": 5000000, "ebitda": -4100000, "ebitdaratio": -0.1138888889, "operatingIncome": 1600000, "operatingIncomeRatio": 0.0444444444, "totalOtherIncomeExpensesNet": 10700000, "incomeBeforeTax": 10500000, "incomeBeforeTaxRatio": 0.2916666667, "incomeTaxExpense": 600000, "netIncome": 9400000, "netIncomeRatio": 0.2611111111, "eps": 2.47, "epsdiluted": 2.47, "weightedAverageShsOut": 3805668, "weightedAverageShsOutDil": 3805668, "link": "", "finalLink": "", "calculatedOtherExpenses": 5000000, "calculatedOperatingExpenses": 10500000, "calculatedNetInterest": 0, "calculatedOtherIncome": 8900000, "calculatedIncomeNonControlling": 500000, "calculatedEbitda": 6600000}, {"date": "1991-12-31", "symbol": "USLM", "reportedCurrency": "USD", "cik": "0000082020", "fillingDate": "1991-12-31", "acceptedDate": "1991-12-30 19:00:00", "calendarYear": "1991", "period": "FY", "revenue": 39700000, "costOfRevenue": 26500000, "grossProfit": 13200000, "grossProfitRatio": 0.3324937028, "researchAndDevelopmentExpenses": 0, "generalAndAdministrativeExpenses": 0, "sellingAndMarketingExpenses": 0, "sellingGeneralAndAdministrativeExpenses": 6700000, "otherExpenses": 4800000, "operatingExpenses": 11500000, "costAndExpenses": 38000000, "interestIncome": 0, "interestExpense": 0, "depreciationAndAmortization": 4800000, "ebitda": 6800000, "ebitdaratio": 0.1712846348, "operatingIncome": 1700000, "operatingIncomeRatio": 0.0428211587, "totalOtherIncomeExpensesNet": -300000, "incomeBeforeTax": -600000, "incomeBeforeTaxRatio": -0.0151133501, "incomeTaxExpense": -200000, "netIncome": -1000000, "netIncomeRatio": -0.0251889169, "eps": -0.25, "epsdiluted": -0.25, "weightedAverageShsOut": 4000000, "weightedAverageShsOutDil": 4000000, "link": "", "finalLink": "", "calculatedOtherExpenses": 4800000, "calculatedOperatingExpenses": 11500000, "calculatedNetInterest": 0, "calculatedOtherIncome": -2300000, "calculatedIncomeNonControlling": 600000, "calculatedEbitda": 6500000}]}