{"originalCurrency": "USD", "convertedCurrency": "USD", "report": [{"date": "2023-12-31", "symbol": "USM", "reportedCurrency": "USD", "cik": "0000821130", "fillingDate": "2024-02-16", "acceptedDate": "2024-02-16 07:44:09", "calendarYear": "2023", "period": "FY", "revenue": 3906000000, "costOfRevenue": 1728000000, "grossProfit": 2178000000, "grossProfitRatio": 0.5576036866, "researchAndDevelopmentExpenses": 0, "generalAndAdministrativeExpenses": 0, "sellingAndMarketingExpenses": 0, "sellingGeneralAndAdministrativeExpenses": 1368000000, "otherExpenses": 1411000000, "operatingExpenses": 2024000000, "costAndExpenses": 3752000000, "interestIncome": 10000000, "interestExpense": 196000000, "depreciationAndAmortization": 656000000, "ebitda": 978000000, "ebitdaratio": 0.2503840246, "operatingIncome": 139000000, "operatingIncomeRatio": 0.0355862775, "totalOtherIncomeExpensesNet": 143000000, "incomeBeforeTax": 111000000, "incomeBeforeTaxRatio": 0.0284178187, "incomeTaxExpense": 53000000, "netIncome": 54000000, "netIncomeRatio": 0.0138248848, "eps": 0.64, "epsdiluted": 0.62, "weightedAverageShsOut": 85000000, "weightedAverageShsOutDil": 87000000, "link": "https://www.sec.gov/Archives/edgar/data/821130/000082113024000007/0000821130-24-000007-index.htm", "finalLink": "https://www.sec.gov/Archives/edgar/data/821130/000082113024000007/usm-20231231.htm", "calculatedOtherExpenses": 671000000, "calculatedOperatingExpenses": 2039000000, "calculatedNetInterest": -186000000, "calculatedOtherIncome": 158000000, "calculatedIncomeNonControlling": 4000000, "calculatedEbitda": 795000000}, {"date": "2022-12-31", "symbol": "USM", "reportedCurrency": "USD", "cik": "0000821130", "fillingDate": "2023-02-16", "acceptedDate": "2023-02-16 16:21:49", "calendarYear": "2022", "period": "FY", "revenue": 4169000000, "costOfRevenue": 1971000000, "grossProfit": 2198000000, "grossProfitRatio": 0.5272247541, "researchAndDevelopmentExpenses": 0, "generalAndAdministrativeExpenses": 0, "sellingAndMarketingExpenses": 0, "sellingGeneralAndAdministrativeExpenses": 1408000000, "otherExpenses": 700000000, "operatingExpenses": 2108000000, "costAndExpenses": 4079000000, "interestIncome": 8000000, "interestExpense": 163000000, "depreciationAndAmortization": 700000000, "ebitda": 956000000, "ebitdaratio": 0.2293115855, "operatingIncome": 256000000, "operatingIncomeRatio": 0.0614056129, "totalOtherIncomeExpensesNet": -184000000, "incomeBeforeTax": 72000000, "incomeBeforeTaxRatio": 0.0172703286, "incomeTaxExpense": 37000000, "netIncome": 30000000, "netIncomeRatio": 0.0071959703, "eps": 0.35, "epsdiluted": 0.35, "weightedAverageShsOut": 85000000, "weightedAverageShsOutDil": 86000000, "link": "https://www.sec.gov/Archives/edgar/data/821130/000082113023000007/0000821130-23-000007-index.htm", "finalLink": "https://www.sec.gov/Archives/edgar/data/821130/000082113023000007/usm-20221231.htm", "calculatedOtherExpenses": 534000000, "calculatedOperatingExpenses": 1942000000, "calculatedNetInterest": -155000000, "calculatedOtherIncome": -29000000, "calculatedIncomeNonControlling": 5000000, "calculatedEbitda": 956000000}, {"date": "2021-12-31", "symbol": "USM", "reportedCurrency": "USD", "cik": "0000821130", "fillingDate": "2022-02-17", "acceptedDate": "2022-02-17 16:24:40", "calendarYear": "2021", "period": "FY", "revenue": 4122000000, "costOfRevenue": 1908000000, "grossProfit": 2214000000, "grossProfitRatio": 0.5371179039, "researchAndDevelopmentExpenses": 0, "generalAndAdministrativeExpenses": 0, "sellingAndMarketingExpenses": 0, "sellingGeneralAndAdministrativeExpenses": 1345000000, "otherExpenses": 678000000, "operatingExpenses": 2023000000, "costAndExpenses": 3931000000, "interestIncome": 6000000, "interestExpense": 175000000, "depreciationAndAmortization": 678000000, "ebitda": 1054000000, "ebitdaratio": 0.255701116, "operatingIncome": 376000000, "operatingIncomeRatio": 0.0912178554, "totalOtherIncomeExpensesNet": -196000000, "incomeBeforeTax": 180000000, "incomeBeforeTaxRatio": 0.0436681223, "incomeTaxExpense": 20000000, "netIncome": 155000000, "netIncomeRatio": 0.0376031053, "eps": 1.8, "epsdiluted": 1.78, "weightedAverageShsOut": 86000000, "weightedAverageShsOutDil": 87000000, "link": "https://www.sec.gov/Archives/edgar/data/821130/000082113022000009/0000821130-22-000009-index.htm", "finalLink": "https://www.sec.gov/Archives/edgar/data/821130/000082113022000009/usm-20211231.htm", "calculatedOtherExpenses": 493000000, "calculatedOperatingExpenses": 1838000000, "calculatedNetInterest": -169000000, "calculatedOtherIncome": -27000000, "calculatedIncomeNonControlling": 5000000, "calculatedEbitda": 1054000000}, {"date": "2020-12-31", "symbol": "USM", "reportedCurrency": "USD", "cik": "0000821130", "fillingDate": "2021-02-18", "acceptedDate": "2021-02-18 16:29:51", "calendarYear": "2020", "period": "FY", "revenue": 4037000000, "costOfRevenue": 1793000000, "grossProfit": 2244000000, "grossProfitRatio": 0.5558583106, "researchAndDevelopmentExpenses": 0, "generalAndAdministrativeExpenses": 0, "sellingAndMarketingExpenses": 0, "sellingGeneralAndAdministrativeExpenses": 1368000000, "otherExpenses": 683000000, "operatingExpenses": 2051000000, "costAndExpenses": 3844000000, "interestIncome": 8000000, "interestExpense": 112000000, "depreciationAndAmortization": 683000000, "ebitda": 1063000000, "ebitdaratio": 0.2633143423, "operatingIncome": 380000000, "operatingIncomeRatio": 0.0941293039, "totalOtherIncomeExpensesNet": -130000000, "incomeBeforeTax": 250000000, "incomeBeforeTaxRatio": 0.0619271736, "incomeTaxExpense": 17000000, "netIncome": 229000000, "netIncomeRatio": 0.0567252911, "eps": 2.66, "epsdiluted": 2.63, "weightedAverageShsOut": 86000000, "weightedAverageShsOutDil": 87000000, "link": "https://www.sec.gov/Archives/edgar/data/821130/000082113021000008/0000821130-21-000008-index.htm", "finalLink": "https://www.sec.gov/Archives/edgar/data/821130/000082113021000008/usm-20201231.htm", "calculatedOtherExpenses": 496000000, "calculatedOperatingExpenses": 1864000000, "calculatedNetInterest": -104000000, "calculatedOtherIncome": -26000000, "calculatedIncomeNonControlling": 4000000, "calculatedEbitda": 1063000000}, {"date": "2019-12-31", "symbol": "USM", "reportedCurrency": "USD", "cik": "0000821130", "fillingDate": "2020-02-25", "acceptedDate": "2020-02-25 09:05:52", "calendarYear": "2019", "period": "FY", "revenue": 4022000000, "costOfRevenue": 1784000000, "grossProfit": 2238000000, "grossProfitRatio": 0.5564395823, "researchAndDevelopmentExpenses": 0, "generalAndAdministrativeExpenses": 0, "sellingAndMarketingExpenses": 0, "sellingGeneralAndAdministrativeExpenses": 1406000000, "otherExpenses": 702000000, "operatingExpenses": 2108000000, "costAndExpenses": 3892000000, "interestIncome": 17000000, "interestExpense": 110000000, "depreciationAndAmortization": 702000000, "ebitda": 1015000000, "ebitdaratio": 0.252362009, "operatingIncome": 313000000, "operatingIncomeRatio": 0.0778219791, "totalOtherIncomeExpensesNet": -128000000, "incomeBeforeTax": 185000000, "incomeBeforeTaxRatio": 0.0459970164, "incomeTaxExpense": 52000000, "netIncome": 127000000, "netIncomeRatio": 0.0315763302, "eps": 1.48, "epsdiluted": 1.44, "weightedAverageShsOut": 86000000, "weightedAverageShsOutDil": 88000000, "link": "https://www.sec.gov/Archives/edgar/data/821130/000082113020000018/0000821130-20-000018-index.htm", "finalLink": "https://www.sec.gov/Archives/edgar/data/821130/000082113020000018/usm1231201910-k.htm", "calculatedOtherExpenses": 519000000, "calculatedOperatingExpenses": 1925000000, "calculatedNetInterest": -93000000, "calculatedOtherIncome": -35000000, "calculatedIncomeNonControlling": 6000000, "calculatedEbitda": 1015000000}, {"date": "2018-12-31", "symbol": "USM", "reportedCurrency": "USD", "cik": "0000821130", "fillingDate": "2019-02-22", "acceptedDate": "2019-02-22 09:50:32", "calendarYear": "2018", "period": "FY", "revenue": 3967000000, "costOfRevenue": 1789000000, "grossProfit": 2178000000, "grossProfitRatio": 0.5490294933, "researchAndDevelopmentExpenses": 0, "generalAndAdministrativeExpenses": 1388000000, "sellingAndMarketingExpenses": 0, "sellingGeneralAndAdministrativeExpenses": 1388000000, "otherExpenses": -1000000, "operatingExpenses": 2028000000, "costAndExpenses": 3817000000, "interestIncome": 15000000, "interestExpense": 116000000, "depreciationAndAmortization": 640000000, "ebitda": 963000000, "ebitdaratio": 0.2427527099, "operatingIncome": 158000000, "operatingIncomeRatio": 0.0398285858, "totalOtherIncomeExpensesNet": 166000000, "incomeBeforeTax": 215000000, "incomeBeforeTaxRatio": 0.0541971263, "incomeTaxExpense": 51000000, "netIncome": 150000000, "netIncomeRatio": 0.0378119486, "eps": 1.74, "epsdiluted": 1.72, "weightedAverageShsOut": 86000000, "weightedAverageShsOutDil": 87000000, "link": "https://www.sec.gov/Archives/edgar/data/821130/000082113019000014/0000821130-19-000014-index.htm", "finalLink": "https://www.sec.gov/Archives/edgar/data/821130/000082113019000014/usm1231201810-k.htm", "calculatedOtherExpenses": 632000000, "calculatedOperatingExpenses": 2020000000, "calculatedNetInterest": -101000000, "calculatedOtherIncome": 158000000, "calculatedIncomeNonControlling": 14000000, "calculatedEbitda": 798000000}, {"date": "2017-12-31", "symbol": "USM", "reportedCurrency": "USD", "cik": "0000821130", "fillingDate": "2018-02-26", "acceptedDate": "2018-02-26 08:48:11", "calendarYear": "2017", "period": "FY", "revenue": 3890000000, "costOfRevenue": 1803000000, "grossProfit": 2087000000, "grossProfitRatio": 0.536503856, "researchAndDevelopmentExpenses": 0, "generalAndAdministrativeExpenses": 1412000000, "sellingAndMarketingExpenses": 0, "sellingGeneralAndAdministrativeExpenses": 1412000000, "otherExpenses": 615000000, "operatingExpenses": 2027000000, "costAndExpenses": 3830000000, "interestIncome": 8000000, "interestExpense": 113000000, "depreciationAndAmortization": 615000000, "ebitda": 820000000, "ebitdaratio": 0.2107969152, "operatingIncome": -304000000, "operatingIncomeRatio": -0.0781491003, "totalOtherIncomeExpensesNet": -227000000, "incomeBeforeTax": -272000000, "incomeBeforeTaxRatio": -0.0699228792, "incomeTaxExpense": -287000000, "netIncome": 12000000, "netIncomeRatio": 0.0030848329, "eps": 0.14, "epsdiluted": 0.14, "weightedAverageShsOut": 85000000, "weightedAverageShsOutDil": 86000000, "link": "https://www.sec.gov/Archives/edgar/data/821130/000082113018000008/0000821130-18-000008-index.htm", "finalLink": "https://www.sec.gov/Archives/edgar/data/821130/000082113018000008/usm10k.htm", "calculatedOtherExpenses": 979000000, "calculatedOperatingExpenses": 2391000000, "calculatedNetInterest": -105000000, "calculatedOtherIncome": 137000000, "calculatedIncomeNonControlling": 3000000, "calculatedEbitda": 311000000}, {"date": "2016-12-31", "symbol": "USM", "reportedCurrency": "USD", "cik": "0000821130", "fillingDate": "2017-02-24", "acceptedDate": "2017-02-24 08:42:38", "calendarYear": "2016", "period": "FY", "revenue": 3939000000, "costOfRevenue": 1841000000, "grossProfit": 2098000000, "grossProfitRatio": 0.532622493, "researchAndDevelopmentExpenses": 0, "generalAndAdministrativeExpenses": 1480000000, "sellingAndMarketingExpenses": 245000000, "sellingGeneralAndAdministrativeExpenses": 1480000000, "otherExpenses": 1000000, "operatingExpenses": 2098000000, "costAndExpenses": 3939000000, "interestIncome": 57000000, "interestExpense": 113000000, "depreciationAndAmortization": 618000000, "ebitda": 816000000, "ebitdaratio": 0.2071591775, "operatingIncome": -3000000, "operatingIncomeRatio": -0.0007616146, "totalOtherIncomeExpensesNet": 138000000, "incomeBeforeTax": 82000000, "incomeBeforeTaxRatio": 0.0208174664, "incomeTaxExpense": 33000000, "netIncome": 48000000, "netIncomeRatio": 0.012185834, "eps": 0.56, "epsdiluted": 0.56, "weightedAverageShsOut": 85000000, "weightedAverageShsOutDil": 85000000, "link": "https://www.sec.gov/Archives/edgar/data/821130/000082113017000010/0000821130-17-000010-index.htm", "finalLink": "https://www.sec.gov/Archives/edgar/data/821130/000082113017000010/USMform10k.htm", "calculatedOtherExpenses": 621000000, "calculatedOperatingExpenses": 2101000000, "calculatedNetInterest": -56000000, "calculatedOtherIncome": 141000000, "calculatedIncomeNonControlling": 1000000, "calculatedEbitda": 615000000}, {"date": "2015-12-31", "symbol": "USM", "reportedCurrency": "USD", "cik": "0000821130", "fillingDate": "2016-02-24", "acceptedDate": "2016-02-24 09:01:56", "calendarYear": "2015", "period": "FY", "revenue": 3996853000, "costOfRevenue": 1827852000, "grossProfit": 2169001000, "grossProfitRatio": 0.5426772013, "researchAndDevelopmentExpenses": 0, "generalAndAdministrativeExpenses": 1493730000, "sellingAndMarketingExpenses": 231000000, "sellingGeneralAndAdministrativeExpenses": 1493730000, "otherExpenses": 466000, "operatingExpenses": 2100185000, "costAndExpenses": 3928037000, "interestIncome": 36332000, "interestExpense": 86194000, "depreciationAndAmortization": 606455000, "ebitda": 852152000, "ebitdaratio": 0.2132057396, "operatingIncome": 312942000, "operatingIncomeRatio": 0.0782971002, "totalOtherIncomeExpensesNet": 384675000, "incomeBeforeTax": 403629000, "incomeBeforeTaxRatio": 0.1009867013, "incomeTaxExpense": 156334000, "netIncome": 241347000, "netIncomeRatio": 0.0603842573, "eps": 2.86, "epsdiluted": 2.84, "weightedAverageShsOut": 84248000, "weightedAverageShsOutDil": 84891000, "link": "https://www.sec.gov/Archives/edgar/data/821130/000082113016000050/0000821130-16-000050-index.htm", "finalLink": "https://www.sec.gov/Archives/edgar/data/821130/000082113016000050/usmform10k.htm", "calculatedOtherExpenses": 362329000, "calculatedOperatingExpenses": 1856059000, "calculatedNetInterest": -49862000, "calculatedOtherIncome": 140549000, "calculatedIncomeNonControlling": 5948000, "calculatedEbitda": 919397000}, {"date": "2014-12-31", "symbol": "USM", "reportedCurrency": "USD", "cik": "0000821130", "fillingDate": "2015-02-25", "acceptedDate": "2015-02-25 09:31:42", "calendarYear": "2014", "period": "FY", "revenue": 3892747000, "costOfRevenue": 1962580000, "grossProfit": 1930167000, "grossProfitRatio": 0.4958367446, "researchAndDevelopmentExpenses": 0, "generalAndAdministrativeExpenses": 1591914000, "sellingAndMarketingExpenses": 205000000, "sellingGeneralAndAdministrativeExpenses": 1591914000, "otherExpenses": 160000, "operatingExpenses": 2197911000, "costAndExpenses": 4160491000, "interestIncome": 12148000, "interestExpense": 57386000, "depreciationAndAmortization": 605997000, "ebitda": 480325000, "ebitdaratio": 0.1233897297, "operatingIncome": -143390000, "operatingIncomeRatio": -0.0368351706, "totalOtherIncomeExpensesNet": 254278000, "incomeBeforeTax": -58704000, "incomeBeforeTaxRatio": -0.0150803533, "incomeTaxExpense": -11782000, "netIncome": -42812000, "netIncomeRatio": -0.0109978892, "eps": -0.51, "epsdiluted": -0.51, "weightedAverageShsOut": 84000125, "weightedAverageShsOutDil": 84213000, "link": "https://www.sec.gov/Archives/edgar/data/821130/000082113015000010/0000821130-15-000010-index.htm", "finalLink": "https://www.sec.gov/Archives/edgar/data/821130/000082113015000010/form_10k.htm", "calculatedOtherExpenses": 481643000, "calculatedOperatingExpenses": 2073557000, "calculatedNetInterest": -45238000, "calculatedOtherIncome": 129924000, "calculatedIncomeNonControlling": -4110000, "calculatedEbitda": 462607000}, {"date": "2013-12-31", "symbol": "USM", "reportedCurrency": "USD", "cik": "0000821130", "fillingDate": "2014-02-28", "acceptedDate": "2014-02-28 08:54:28", "calendarYear": "2013", "period": "FY", "revenue": 3918836000, "costOfRevenue": 1762435000, "grossProfit": 2156401000, "grossProfitRatio": 0.5502656911, "researchAndDevelopmentExpenses": 0, "generalAndAdministrativeExpenses": 1677395000, "sellingAndMarketingExpenses": 199900000, "sellingGeneralAndAdministrativeExpenses": 1677395000, "otherExpenses": 288000, "operatingExpenses": 2481176000, "costAndExpenses": 4243611000, "interestIncome": 3961000, "interestExpense": 43963000, "depreciationAndAmortization": 803781000, "ebitda": 615204000, "ebitdaratio": 0.1569864113, "operatingIncome": 146865000, "operatingIncomeRatio": 0.0374766895, "totalOtherIncomeExpensesNet": 622433000, "incomeBeforeTax": 257656000, "incomeBeforeTaxRatio": 0.0657480946, "incomeTaxExpense": 113134000, "netIncome": 140038000, "netIncomeRatio": 0.0357345906, "eps": 1.67, "epsdiluted": 1.65, "weightedAverageShsOut": 83968000, "weightedAverageShsOutDil": 84730000, "link": "https://www.sec.gov/Archives/edgar/data/821130/000082113014000009/0000821130-14-000009-index.htm", "finalLink": "https://www.sec.gov/Archives/edgar/data/821130/000082113014000009/form_10k.htm", "calculatedOtherExpenses": 332141000, "calculatedOperatingExpenses": 2009536000, "calculatedNetInterest": -40002000, "calculatedOtherIncome": 150793000, "calculatedIncomeNonControlling": 4484000, "calculatedEbitda": 950646000}, {"date": "2012-12-31", "symbol": "USM", "reportedCurrency": "USD", "cik": "0000821130", "fillingDate": "2013-02-26", "acceptedDate": "2013-02-26 16:09:23", "calendarYear": "2012", "period": "FY", "revenue": 4452084000, "costOfRevenue": 1882752000, "grossProfit": 2569332000, "grossProfitRatio": 0.5771077096, "researchAndDevelopmentExpenses": 0, "generalAndAdministrativeExpenses": 1764933000, "sellingAndMarketingExpenses": 227000000, "sellingGeneralAndAdministrativeExpenses": 1764933000, "otherExpenses": 500000, "operatingExpenses": 2373566000, "costAndExpenses": 4256318000, "interestIncome": 3644000, "interestExpense": 42393000, "depreciationAndAmortization": 608633000, "ebitda": 898907000, "ebitdaratio": 0.201907017, "operatingIncome": 156656000, "operatingIncomeRatio": 0.0351871169, "totalOtherIncomeExpensesNet": 48036000, "incomeBeforeTax": 205053000, "incomeBeforeTaxRatio": 0.0460577563, "incomeTaxExpense": 63977000, "netIncome": 111006000, "netIncomeRatio": 0.0249334918, "eps": 1.31, "epsdiluted": 1.3, "weightedAverageShsOut": 84645000, "weightedAverageShsOutDil": 85230000, "link": "https://www.sec.gov/Archives/edgar/data/821130/000104746913001702/0001047469-13-001702-index.htm", "finalLink": "https://www.sec.gov/Archives/edgar/data/821130/000104746913001702/a2213083z10-k.htm", "calculatedOtherExpenses": 647743000, "calculatedOperatingExpenses": 2412676000, "calculatedNetInterest": -38749000, "calculatedOtherIncome": 87146000, "calculatedIncomeNonControlling": 30070000, "calculatedEbitda": 765289000}, {"date": "2011-12-31", "symbol": "USM", "reportedCurrency": "USD", "cik": "0000821130", "fillingDate": "2012-02-27", "acceptedDate": "2012-02-24 18:48:41", "calendarYear": "2011", "period": "FY", "revenue": 4343346000, "costOfRevenue": 1711679000, "grossProfit": 2631667000, "grossProfitRatio": 0.6059077495, "researchAndDevelopmentExpenses": 0, "generalAndAdministrativeExpenses": 1779203000, "sellingAndMarketingExpenses": 0, "sellingGeneralAndAdministrativeExpenses": 1779203000, "otherExpenses": 573557000, "operatingExpenses": 2352760000, "costAndExpenses": 4064439000, "interestIncome": 3395000, "interestExpense": 65614000, "depreciationAndAmortization": 573557000, "ebitda": 939425000, "ebitdaratio": 0.2162906202, "operatingIncome": 280780000, "operatingIncomeRatio": 0.0646460125, "totalOtherIncomeExpensesNet": 96134000, "incomeBeforeTax": 312822000, "incomeBeforeTaxRatio": 0.0720232742, "incomeTaxExpense": 114078000, "netIncome": 175041000, "netIncomeRatio": 0.0403009569, "eps": 2.06, "epsdiluted": 2.05, "weightedAverageShsOut": 84877000, "weightedAverageShsOutDil": 85448000, "link": "https://www.sec.gov/Archives/edgar/data/821130/000104746912001493/0001047469-12-001493-index.htm", "finalLink": "https://www.sec.gov/Archives/edgar/data/821130/000104746912001493/a2207455z10-k.htm", "calculatedOtherExpenses": 571684000, "calculatedOperatingExpenses": 2350887000, "calculatedNetInterest": -62219000, "calculatedOtherIncome": 94261000, "calculatedIncomeNonControlling": 23703000, "calculatedEbitda": 854337000}, {"date": "2010-12-31", "symbol": "USM", "reportedCurrency": "USD", "cik": "0000821130", "fillingDate": "2011-02-25", "acceptedDate": "2011-02-25 16:21:32", "calendarYear": "2010", "period": "FY", "revenue": 4177681000, "costOfRevenue": 1597912000, "grossProfit": 2579769000, "grossProfitRatio": 0.6175122035, "researchAndDevelopmentExpenses": 0, "generalAndAdministrativeExpenses": 1796624000, "sellingAndMarketingExpenses": 0, "sellingGeneralAndAdministrativeExpenses": 1796624000, "otherExpenses": 577054000, "operatingExpenses": 2384395000, "costAndExpenses": 3982307000, "interestIncome": 3808000, "interestExpense": 61555000, "depreciationAndAmortization": 577054000, "ebitda": 873554000, "ebitdaratio": 0.2091002161, "operatingIncome": 195374000, "operatingIncomeRatio": 0.0467661365, "totalOtherIncomeExpensesNet": 97390000, "incomeBeforeTax": 235017000, "incomeBeforeTaxRatio": 0.0562553723, "incomeTaxExpense": 79609000, "netIncome": 132324000, "netIncomeRatio": 0.0316740316, "eps": 1.54, "epsdiluted": 1.53, "weightedAverageShsOut": 86128000, "weightedAverageShsOutDil": 86518000, "link": "https://www.sec.gov/Archives/edgar/data/821130/000104746911001405/0001047469-11-001405-index.htm", "finalLink": "https://www.sec.gov/Archives/edgar/data/821130/000104746911001405/a2202099z10-k.htm", "calculatedOtherExpenses": 587771000, "calculatedOperatingExpenses": 2384395000, "calculatedNetInterest": -57747000, "calculatedOtherIncome": 97390000, "calculatedIncomeNonControlling": 23084000, "calculatedEbitda": 772428000}, {"date": "2009-12-31", "symbol": "USM", "reportedCurrency": "USD", "cik": "0000821130", "fillingDate": "2010-02-25", "acceptedDate": "2010-02-25 15:12:58", "calendarYear": "2009", "period": "FY", "revenue": 4214611000, "costOfRevenue": 1539610000, "grossProfit": 2675001000, "grossProfitRatio": 0.63469701, "researchAndDevelopmentExpenses": 0, "generalAndAdministrativeExpenses": 1748760000, "sellingAndMarketingExpenses": 0, "sellingGeneralAndAdministrativeExpenses": 1748760000, "otherExpenses": 585834000, "operatingExpenses": 2334594000, "costAndExpenses": 3874204000, "interestIncome": 3597000, "interestExpense": 76367000, "depreciationAndAmortization": 570658000, "ebitda": 1011462000, "ebitdaratio": 0.2399894083, "operatingIncome": 326407000, "operatingIncomeRatio": 0.0774465307, "totalOtherIncomeExpensesNet": 84242000, "incomeBeforeTax": 351879000, "incomeBeforeTaxRatio": 0.0834902675, "incomeTaxExpense": 114103000, "netIncome": 216008000, "netIncomeRatio": 0.0512521796, "eps": 2.38, "epsdiluted": 2.37, "weightedAverageShsOut": 86946000, "weightedAverageShsOutDil": 87168000, "link": "https://www.sec.gov/Archives/edgar/data/821130/000104746910001341/0001047469-10-001341-index.htm", "finalLink": "https://www.sec.gov/Archives/edgar/data/821130/000104746910001341/a2196627z10-k.htm", "calculatedOtherExpenses": 599834000, "calculatedOperatingExpenses": 2348594000, "calculatedNetInterest": -72770000, "calculatedOtherIncome": 98242000, "calculatedIncomeNonControlling": 21768000, "calculatedEbitda": 897065000}, {"date": "2008-12-31", "symbol": "USM", "reportedCurrency": "USD", "cik": "0000821130", "fillingDate": "2009-02-26", "acceptedDate": "2009-02-26 16:03:03", "calendarYear": "2008", "period": "FY", "revenue": 4243185000, "costOfRevenue": 743406000, "grossProfit": 3499779000, "grossProfitRatio": 0.8248000028, "researchAndDevelopmentExpenses": 0, "generalAndAdministrativeExpenses": 1701050000, "sellingAndMarketingExpenses": 0, "sellingGeneralAndAdministrativeExpenses": 1701050000, "otherExpenses": 600309000, "operatingExpenses": 3085416000, "costAndExpenses": 3828822000, "interestIncome": 5730000, "interestExpense": 77190000, "depreciationAndAmortization": 576931000, "ebitda": 1089005000, "ebitdaratio": 0.2566480132, "operatingIncome": 27710000, "operatingIncomeRatio": 0.0065304718, "totalOtherIncomeExpensesNet": -276775000, "incomeBeforeTax": 66128000, "incomeBeforeTaxRatio": 0.0155845196, "incomeTaxExpense": 8055000, "netIncome": 32990000, "netIncomeRatio": 0.0077748201, "eps": 0.38, "epsdiluted": 0.38, "weightedAverageShsOut": 87457000, "weightedAverageShsOutDil": 87754000, "link": "https://www.sec.gov/Archives/edgar/data/821130/000104746909001882/0001047469-09-001882-index.htm", "finalLink": "https://www.sec.gov/Archives/edgar/data/821130/000104746909001882/a2190855z10-k.htm", "calculatedOtherExpenses": 1771019000, "calculatedOperatingExpenses": 3472069000, "calculatedNetInterest": -71460000, "calculatedOtherIncome": 109878000, "calculatedIncomeNonControlling": 25083000, "calculatedEbitda": 604641000}, {"date": "2007-12-31", "symbol": "USM", "reportedCurrency": "USD", "cik": "0000821130", "fillingDate": "2008-02-29", "acceptedDate": "2008-02-29 15:45:42", "calendarYear": "2007", "period": "FY", "revenue": 3946264000, "costOfRevenue": 1357300000, "grossProfit": 2588964000, "grossProfitRatio": 0.6560544353, "researchAndDevelopmentExpenses": 0, "generalAndAdministrativeExpenses": 1555639000, "sellingAndMarketingExpenses": 0, "sellingGeneralAndAdministrativeExpenses": 1555639000, "otherExpenses": 637126000, "operatingExpenses": 2192765000, "costAndExpenses": 3550065000, "interestIncome": 0, "interestExpense": 0, "depreciationAndAmortization": 582269000, "ebitda": 901436000, "ebitdaratio": 0.2284276977, "operatingIncome": 396199000, "operatingIncomeRatio": 0.1003985035, "totalOtherIncomeExpensesNet": 167065000, "incomeBeforeTax": 546501000, "incomeBeforeTaxRatio": 0.1384856664, "incomeTaxExpense": 216711000, "netIncome": 314734000, "netIncomeRatio": 0.0797549277, "eps": 3.59, "epsdiluted": 3.56, "weightedAverageShsOut": 87730000, "weightedAverageShsOutDil": 88481000, "link": "https://www.sec.gov/Archives/edgar/data/821130/000104746908002060/0001047469-08-002060-index.htm", "finalLink": "https://www.sec.gov/Archives/edgar/data/821130/000104746908002060/a2182849z10-k.htm", "calculatedOtherExpenses": 637126000, "calculatedOperatingExpenses": 2192765000, "calculatedNetInterest": 0, "calculatedOtherIncome": 150302000, "calculatedIncomeNonControlling": 15056000, "calculatedEbitda": 978468000}, {"date": "2006-12-31", "symbol": "USM", "reportedCurrency": "USD", "cik": "0000821130", "fillingDate": "2007-04-23", "acceptedDate": "2007-04-23 13:22:12", "calendarYear": "2006", "period": "FY", "revenue": 3473155000, "costOfRevenue": 1208586000, "grossProfit": 2264569000, "grossProfitRatio": 0.6520207132, "researchAndDevelopmentExpenses": 0, "generalAndAdministrativeExpenses": 1399561000, "sellingAndMarketingExpenses": 0, "sellingGeneralAndAdministrativeExpenses": 1399561000, "otherExpenses": 575112000, "operatingExpenses": 1974673000, "costAndExpenses": 3183259000, "interestIncome": 0, "interestExpense": 0, "depreciationAndAmortization": 575112000, "ebitda": 857748000, "ebitdaratio": 0.2469650793, "operatingIncome": 289896000, "operatingIncomeRatio": 0.0834676253, "totalOtherIncomeExpensesNet": 100379000, "incomeBeforeTax": 313138000, "incomeBeforeTaxRatio": 0.0901595235, "incomeTaxExpense": 120604000, "netIncome": 179490000, "netIncomeRatio": 0.0516792369, "eps": 2.05, "epsdiluted": 2.04, "weightedAverageShsOut": 87346000, "weightedAverageShsOutDil": 88109000, "link": "https://www.sec.gov/Archives/edgar/data/821130/000110465907030334/0001104659-07-030334-index.htm", "finalLink": "https://www.sec.gov/Archives/edgar/data/821130/000110465907030334/a07-10583_110k.htm", "calculatedOtherExpenses": 575112000, "calculatedOperatingExpenses": 1974673000, "calculatedNetInterest": 0, "calculatedOtherIncome": 23242000, "calculatedIncomeNonControlling": 13044000, "calculatedEbitda": 865008000}, {"date": "2005-12-31", "symbol": "USM", "reportedCurrency": "USD", "cik": "0000821130", "fillingDate": "2006-07-28", "acceptedDate": "2006-07-28 13:06:23", "calendarYear": "2005", "period": "FY", "revenue": 3035887000, "costOfRevenue": 1114299000, "grossProfit": 1921588000, "grossProfitRatio": 0.6329576825, "researchAndDevelopmentExpenses": 0, "generalAndAdministrativeExpenses": 1212874000, "sellingAndMarketingExpenses": 0, "sellingGeneralAndAdministrativeExpenses": 1212874000, "otherExpenses": 464412000, "operatingExpenses": 1677286000, "costAndExpenses": 2791585000, "interestIncome": 0, "interestExpense": 0, "depreciationAndAmortization": 509072000, "ebitda": 645329000, "ebitdaratio": 0.2125668709, "operatingIncome": 244302000, "operatingIncomeRatio": 0.0804713746, "totalOtherIncomeExpensesNet": 108045000, "incomeBeforeTax": 234260000, "incomeBeforeTaxRatio": 0.0771636098, "incomeTaxExpense": 88404000, "netIncome": 134748000, "netIncomeRatio": 0.0443850512, "eps": 1.79, "epsdiluted": 1.77, "weightedAverageShsOut": 86775000, "weightedAverageShsOutDil": 87464000, "link": "https://www.sec.gov/Archives/edgar/data/821130/000110465906049535/0001104659-06-049535-index.htm", "finalLink": "https://www.sec.gov/Archives/edgar/data/821130/000110465906049535/a06-12109_210k.htm", "calculatedOtherExpenses": 464412000, "calculatedOperatingExpenses": 1677286000, "calculatedNetInterest": 0, "calculatedOtherIncome": -10042000, "calculatedIncomeNonControlling": 11108000, "calculatedEbitda": 753374000}, {"date": "2004-12-31", "symbol": "USM", "reportedCurrency": "USD", "cik": "0000821130", "fillingDate": "2005-03-11", "acceptedDate": "2005-03-11 14:45:25", "calendarYear": "2004", "period": "FY", "revenue": 2837619000, "costOfRevenue": 1050021000, "grossProfit": 1787598000, "grossProfitRatio": 0.6299640649, "researchAndDevelopmentExpenses": 0, "generalAndAdministrativeExpenses": 1122700000, "sellingAndMarketingExpenses": 0, "sellingGeneralAndAdministrativeExpenses": 1122700000, "otherExpenses": 487136000, "operatingExpenses": 1609836000, "costAndExpenses": 2659857000, "interestIncome": 0, "interestExpense": 0, "depreciationAndAmortization": 497942000, "ebitda": 574588000, "ebitdaratio": 0.2024894815, "operatingIncome": 177762000, "operatingIncomeRatio": 0.0626447737, "totalOtherIncomeExpensesNet": 101116000, "incomeBeforeTax": 192632000, "incomeBeforeTaxRatio": 0.0678850825, "incomeTaxExpense": 73708000, "netIncome": 109021000, "netIncomeRatio": 0.0384198865, "eps": 1.05, "epsdiluted": 1.05, "weightedAverageShsOut": 86244000, "weightedAverageShsOutDil": 86736000, "link": "https://www.sec.gov/Archives/edgar/data/821130/000104746905006191/0001047469-05-006191-index.htm", "finalLink": "https://www.sec.gov/Archives/edgar/data/821130/000104746905006191/a2152923z10-k.htm", "calculatedOtherExpenses": 487136000, "calculatedOperatingExpenses": 1609836000, "calculatedNetInterest": 0, "calculatedOtherIncome": 14870000, "calculatedIncomeNonControlling": 9903000, "calculatedEbitda": 675704000}, {"date": "2003-12-31", "symbol": "USM", "reportedCurrency": "USD", "cik": "0000821130", "fillingDate": "2004-03-12", "acceptedDate": "2004-03-11 20:40:08", "calendarYear": "2003", "period": "FY", "revenue": 2582783000, "costOfRevenue": 931309000, "grossProfit": 1651474000, "grossProfitRatio": 0.6394164744, "researchAndDevelopmentExpenses": 0, "generalAndAdministrativeExpenses": 1004655000, "sellingAndMarketingExpenses": 0, "sellingGeneralAndAdministrativeExpenses": 1004655000, "otherExpenses": 480180000, "operatingExpenses": 1484835000, "costAndExpenses": 2416144000, "interestIncome": 0, "interestExpense": 0, "depreciationAndAmortization": 432333000, "ebitda": 596605000, "ebitdaratio": 0.2309930799, "operatingIncome": 166639000, "operatingIncomeRatio": 0.064519164, "totalOtherIncomeExpensesNet": 2367000, "incomeBeforeTax": 141854000, "incomeBeforeTaxRatio": 0.0549229262, "incomeTaxExpense": 66774000, "netIncome": 60774000, "netIncomeRatio": 0.0235304321, "eps": 0.05, "epsdiluted": 0.05, "weightedAverageShsOut": 86136000, "weightedAverageShsOutDil": 86602000, "link": "https://www.sec.gov/Archives/edgar/data/821130/000104746904007559/0001047469-04-007559-index.htm", "finalLink": "https://www.sec.gov/Archives/edgar/data/821130/000104746904007559/a2129465z10-k.htm", "calculatedOtherExpenses": 480180000, "calculatedOperatingExpenses": 1484835000, "calculatedNetInterest": 0, "calculatedOtherIncome": -24785000, "calculatedIncomeNonControlling": 14306000, "calculatedEbitda": 598972000}, {"date": "2002-12-31", "symbol": "USM", "reportedCurrency": "USD", "cik": "0000821130", "fillingDate": "2003-03-20", "acceptedDate": "2003-03-20 16:47:46", "calendarYear": "2002", "period": "FY", "revenue": 2184478000, "costOfRevenue": 678033000, "grossProfit": 1506445000, "grossProfitRatio": 0.6896132623, "researchAndDevelopmentExpenses": 0, "generalAndAdministrativeExpenses": 874125000, "sellingAndMarketingExpenses": 0, "sellingGeneralAndAdministrativeExpenses": 874125000, "otherExpenses": 351154000, "operatingExpenses": 1225279000, "costAndExpenses": 1903312000, "interestIncome": 0, "interestExpense": 0, "depreciationAndAmortization": 351154000, "ebitda": 882407000, "ebitdaratio": 0.4039441001, "operatingIncome": 281166000, "operatingIncomeRatio": 0.1287108408, "totalOtherIncomeExpensesNet": -250087000, "incomeBeforeTax": -25926000, "incomeBeforeTaxRatio": -0.0118682816, "incomeTaxExpense": -7541000, "netIncome": -14288000, "netIncomeRatio": -0.006540693, "eps": -0.17, "epsdiluted": -0.17, "weightedAverageShsOut": 86086000, "weightedAverageShsOutDil": 86086000, "link": "https://www.sec.gov/Archives/edgar/data/821130/000104746903009441/0001047469-03-009441-index.htm", "finalLink": "https://www.sec.gov/Archives/edgar/data/821130/000104746903009441/a2103341z10-k.htm", "calculatedOtherExpenses": 351154000, "calculatedOperatingExpenses": 1225279000, "calculatedNetInterest": 0, "calculatedOtherIncome": -307092000, "calculatedIncomeNonControlling": -4097000, "calculatedEbitda": 632320000}, {"date": "2001-12-31", "symbol": "USM", "reportedCurrency": "USD", "cik": "0000821130", "fillingDate": "2002-03-27", "acceptedDate": "2002-03-27 00:00:00", "calendarYear": "2001", "period": "FY", "revenue": 1894830000, "costOfRevenue": 545142000, "grossProfit": 1349688000, "grossProfitRatio": 0.7123003119, "researchAndDevelopmentExpenses": 0, "generalAndAdministrativeExpenses": 731818000, "sellingAndMarketingExpenses": 0, "sellingGeneralAndAdministrativeExpenses": 731818000, "otherExpenses": 300658000, "operatingExpenses": 1032476000, "costAndExpenses": 1577618000, "interestIncome": 0, "interestExpense": 0, "depreciationAndAmortization": 300658000, "ebitda": 571925000, "ebitdaratio": 0.3018344654, "operatingIncome": 317212000, "operatingIncomeRatio": 0.1674092135, "totalOtherIncomeExpensesNet": 45945000, "incomeBeforeTax": 328147000, "incomeBeforeTaxRatio": 0.1731801798, "incomeTaxExpense": 147315000, "netIncome": 173876000, "netIncomeRatio": 0.0917633772, "eps": 2.04, "epsdiluted": 2.01, "weightedAverageShsOut": 86200000, "weightedAverageShsOutDil": 89977000, "link": "https://www.sec.gov/Archives/edgar/data/821130/000091205702011939/0000912057-02-011939-index.htm", "finalLink": "https://www.sec.gov/Archives/edgar/data/821130/000091205702011939/a2073366z10-k405.htm", "calculatedOtherExpenses": 300658000, "calculatedOperatingExpenses": 1032476000, "calculatedNetInterest": 0, "calculatedOtherIncome": 10935000, "calculatedIncomeNonControlling": 6956000, "calculatedEbitda": 617870000}, {"date": "2000-12-31", "symbol": "USM", "reportedCurrency": "USD", "cik": "0000821130", "fillingDate": "2001-03-28", "acceptedDate": "2001-03-28 00:00:00", "calendarYear": "2000", "period": "FY", "revenue": 1716640000, "costOfRevenue": 490161000, "grossProfit": 1226479000, "grossProfitRatio": 0.7144648849, "researchAndDevelopmentExpenses": 0, "generalAndAdministrativeExpenses": 668468000, "sellingAndMarketingExpenses": 0, "sellingGeneralAndAdministrativeExpenses": 668468000, "otherExpenses": 265698000, "operatingExpenses": 934166000, "costAndExpenses": 1424327000, "interestIncome": 0, "interestExpense": 0, "depreciationAndAmortization": 265698000, "ebitda": 416730000, "ebitdaratio": 0.2427591108, "operatingIncome": 292313000, "operatingIncomeRatio": 0.1702820626, "totalOtherIncomeExpensesNet": 141281000, "incomeBeforeTax": 406406000, "incomeBeforeTaxRatio": 0.2367450368, "incomeTaxExpense": 171968000, "netIncome": 192907000, "netIncomeRatio": 0.1123747553, "eps": 2.23, "epsdiluted": 2.22, "weightedAverageShsOut": 86355000, "weightedAverageShsOutDil": 90874000, "link": "https://www.sec.gov/Archives/edgar/data/821130/000091205701008585/0000912057-01-008585-index.htm", "finalLink": "https://www.sec.gov/Archives/edgar/data/821130/000091205701008585/a2040657z10-k405.htm", "calculatedOtherExpenses": 265698000, "calculatedOperatingExpenses": 934166000, "calculatedNetInterest": 0, "calculatedOtherIncome": 114093000, "calculatedIncomeNonControlling": 41531000, "calculatedEbitda": 558011000}, {"date": "1999-12-31", "symbol": "USM", "reportedCurrency": "USD", "cik": "0000821130", "fillingDate": "2000-03-30", "acceptedDate": "2000-03-30 00:00:00", "calendarYear": "1999", "period": "FY", "revenue": 1417200000, "costOfRevenue": 334000000, "grossProfit": 1083200000, "grossProfitRatio": 0.7643240192, "researchAndDevelopmentExpenses": 0, "generalAndAdministrativeExpenses": 598500000, "sellingAndMarketingExpenses": 0, "sellingGeneralAndAdministrativeExpenses": 598500000, "otherExpenses": 230000000, "operatingExpenses": 828500000, "costAndExpenses": 1162500000, "interestIncome": 0, "interestExpense": 0, "depreciationAndAmortization": 230000000, "ebitda": 187000000, "ebitdaratio": 0.1319503246, "operatingIncome": 254700000, "operatingIncomeRatio": 0.1797205758, "totalOtherIncomeExpensesNet": 297700000, "incomeBeforeTax": 516100000, "incomeBeforeTaxRatio": 0.3641687835, "incomeTaxExpense": 215300000, "netIncome": 300800000, "netIncomeRatio": 0.2122495061, "eps": 3.44, "epsdiluted": 3.28, "weightedAverageShsOut": 87478000, "weightedAverageShsOutDil": 91707317, "link": "https://www.sec.gov/Archives/edgar/data/821130/000091205700014565/0000912057-00-014565-index.html", "finalLink": "https://www.sec.gov/Archives/edgar/data/821130/000091205700014565/", "calculatedOtherExpenses": 230000000, "calculatedOperatingExpenses": 828500000, "calculatedNetInterest": 0, "calculatedOtherIncome": 261400000, "calculatedIncomeNonControlling": 0, "calculatedEbitda": 484700000}, {"date": "1998-12-31", "symbol": "USM", "reportedCurrency": "USD", "cik": "0000821130", "fillingDate": "1999-03-31", "acceptedDate": "1999-03-31 00:00:00", "calendarYear": "1998", "period": "FY", "revenue": 1162500000, "costOfRevenue": 288000000, "grossProfit": 874500000, "grossProfitRatio": 0.7522580645, "researchAndDevelopmentExpenses": 0, "generalAndAdministrativeExpenses": 491600000, "sellingAndMarketingExpenses": 0, "sellingGeneralAndAdministrativeExpenses": 491600000, "otherExpenses": 207800000, "operatingExpenses": 699400000, "costAndExpenses": 987400000, "interestIncome": 0, "interestExpense": 0, "depreciationAndAmortization": 207800000, "ebitda": 123900000, "ebitdaratio": 0.1065806452, "operatingIncome": 175100000, "operatingIncomeRatio": 0.1506236559, "totalOtherIncomeExpensesNet": 259000000, "incomeBeforeTax": 388100000, "incomeBeforeTaxRatio": 0.3338494624, "incomeTaxExpense": 171200000, "netIncome": 216900000, "netIncomeRatio": 0.1865806452, "eps": 2.48, "epsdiluted": 2.39, "weightedAverageShsOut": 87323000, "weightedAverageShsOutDil": 90753138, "link": "https://www.sec.gov/Archives/edgar/data/821130/000104746999012608/0001047469-99-012608-index.html", "finalLink": "https://www.sec.gov/Archives/edgar/data/821130/", "calculatedOtherExpenses": 207800000, "calculatedOperatingExpenses": 699400000, "calculatedNetInterest": 0, "calculatedOtherIncome": 213000000, "calculatedIncomeNonControlling": 0, "calculatedEbitda": 382900000}, {"date": "1997-12-31", "symbol": "USM", "reportedCurrency": "USD", "cik": "0000821130", "fillingDate": "1998-03-27", "acceptedDate": "1998-03-27 00:00:00", "calendarYear": "1997", "period": "FY", "revenue": 877000000, "costOfRevenue": 237500000, "grossProfit": 639500000, "grossProfitRatio": 0.7291904219, "researchAndDevelopmentExpenses": 0, "generalAndAdministrativeExpenses": 379600000, "sellingAndMarketingExpenses": 0, "sellingGeneralAndAdministrativeExpenses": 379600000, "otherExpenses": 132400000, "operatingExpenses": 512000000, "costAndExpenses": 749500000, "interestIncome": 0, "interestExpense": 0, "depreciationAndAmortization": 132400000, "ebitda": 150200000, "ebitdaratio": 0.1712656784, "operatingIncome": 127500000, "operatingIncomeRatio": 0.145381984, "totalOtherIncomeExpensesNet": 109700000, "incomeBeforeTax": 195400000, "incomeBeforeTaxRatio": 0.2228050171, "incomeTaxExpense": 83900000, "netIncome": 111500000, "netIncomeRatio": 0.1271379704, "eps": 1.29, "epsdiluted": 1.29, "weightedAverageShsOut": 86346000, "weightedAverageShsOutDil": 86346000, "link": "https://www.sec.gov/Archives/edgar/data/821130/000104746998012111/0001047469-98-012111-index.html", "finalLink": "https://www.sec.gov/Archives/edgar/data/821130/", "calculatedOtherExpenses": 132400000, "calculatedOperatingExpenses": 512000000, "calculatedNetInterest": 0, "calculatedOtherIncome": 67900000, "calculatedIncomeNonControlling": 0, "calculatedEbitda": 259900000}, {"date": "1996-12-31", "symbol": "USM", "reportedCurrency": "USD", "cik": "0000821130", "fillingDate": "1997-03-21", "acceptedDate": "1997-03-21 00:00:00", "calendarYear": "1996", "period": "FY", "revenue": 707800000, "costOfRevenue": 192800000, "grossProfit": 515000000, "grossProfitRatio": 0.7276066686, "researchAndDevelopmentExpenses": 0, "generalAndAdministrativeExpenses": 320200000, "sellingAndMarketingExpenses": 0, "sellingGeneralAndAdministrativeExpenses": 320200000, "otherExpenses": 108800000, "operatingExpenses": 429000000, "costAndExpenses": 621800000, "interestIncome": 0, "interestExpense": 0, "depreciationAndAmortization": 108800000, "ebitda": 2400000, "ebitdaratio": 0.0033907884, "operatingIncome": 86000000, "operatingIncomeRatio": 0.1215032495, "totalOtherIncomeExpensesNet": 192400000, "incomeBeforeTax": 241500000, "incomeBeforeTaxRatio": 0.3411980786, "incomeTaxExpense": 111600000, "netIncome": 129900000, "netIncomeRatio": 0.1835264199, "eps": 1.51, "epsdiluted": 1.51, "weightedAverageShsOut": 86026490, "weightedAverageShsOutDil": 86026490, "link": "https://www.sec.gov/Archives/edgar/data/821130/000091205797009652/0000912057-97-009652-index.html", "finalLink": "https://www.sec.gov/Archives/edgar/data/821130/", "calculatedOtherExpenses": 108800000, "calculatedOperatingExpenses": 429000000, "calculatedNetInterest": 0, "calculatedOtherIncome": 155500000, "calculatedIncomeNonControlling": 0, "calculatedEbitda": 194800000}, {"date": "1995-12-31", "symbol": "USM", "reportedCurrency": "USD", "cik": "0000821130", "fillingDate": "1996-03-22", "acceptedDate": "1996-03-22 00:00:00", "calendarYear": "1995", "period": "FY", "revenue": 492400000, "costOfRevenue": 125300000, "grossProfit": 367100000, "grossProfitRatio": 0.7455320877, "researchAndDevelopmentExpenses": 0, "generalAndAdministrativeExpenses": 234800000, "sellingAndMarketingExpenses": 0, "sellingGeneralAndAdministrativeExpenses": 234800000, "otherExpenses": 90500000, "operatingExpenses": 325300000, "costAndExpenses": 450600000, "interestIncome": 0, "interestExpense": 0, "depreciationAndAmortization": 90500000, "ebitda": 6600000, "ebitdaratio": 0.0134037368, "operatingIncome": 41800000, "operatingIncomeRatio": 0.0848903331, "totalOtherIncomeExpensesNet": 125700000, "incomeBeforeTax": 132200000, "incomeBeforeTaxRatio": 0.2684809098, "incomeTaxExpense": 32500000, "netIncome": 99700000, "netIncomeRatio": 0.2024776604, "eps": 1.21, "epsdiluted": 1.19, "weightedAverageShsOut": 82396694, "weightedAverageShsOutDil": 83781513, "link": "https://www.sec.gov/Archives/edgar/data/821130/000091205796004924/0000912057-96-004924-index.html", "finalLink": "https://www.sec.gov/Archives/edgar/data/821130/", "calculatedOtherExpenses": 90500000, "calculatedOperatingExpenses": 325300000, "calculatedNetInterest": 0, "calculatedOtherIncome": 90400000, "calculatedIncomeNonControlling": 0, "calculatedEbitda": 132300000}, {"date": "1994-12-31", "symbol": "USM", "reportedCurrency": "USD", "cik": "0000821130", "fillingDate": "1995-03-24", "acceptedDate": "1995-03-24 00:00:00", "calendarYear": "1994", "period": "FY", "revenue": 332400000, "costOfRevenue": 86300000, "grossProfit": 246100000, "grossProfitRatio": 0.7403730445, "researchAndDevelopmentExpenses": 0, "generalAndAdministrativeExpenses": 163300000, "sellingAndMarketingExpenses": 0, "sellingGeneralAndAdministrativeExpenses": 163300000, "otherExpenses": 66400000, "operatingExpenses": 229700000, "costAndExpenses": 316000000, "interestIncome": 0, "interestExpense": 0, "depreciationAndAmortization": 66400000, "ebitda": 51000000, "ebitdaratio": 0.1534296029, "operatingIncome": 16400000, "operatingIncomeRatio": 0.0493381468, "totalOtherIncomeExpensesNet": 31800000, "incomeBeforeTax": 21300000, "incomeBeforeTaxRatio": 0.0640794224, "incomeTaxExpense": 4900000, "netIncome": 16400000, "netIncomeRatio": 0.0493381468, "eps": 0.21, "epsdiluted": 0.21, "weightedAverageShsOut": 79514000, "weightedAverageShsOutDil": 80000000, "link": "https://www.sec.gov/Archives/edgar/data/821130/000091205795001648/0000912057-95-001648-index.html", "finalLink": "https://www.sec.gov/Archives/edgar/data/821130/", "calculatedOtherExpenses": 66400000, "calculatedOperatingExpenses": 229700000, "calculatedNetInterest": 0, "calculatedOtherIncome": 4900000, "calculatedIncomeNonControlling": 0, "calculatedEbitda": 82800000}, {"date": "1993-12-31", "symbol": "USM", "reportedCurrency": "USD", "cik": "0000821130", "fillingDate": "1994-03-29", "acceptedDate": "1994-03-29 00:00:00", "calendarYear": "1993", "period": "FY", "revenue": 247300000, "costOfRevenue": 92000000, "grossProfit": 155300000, "grossProfitRatio": 0.6279822078, "researchAndDevelopmentExpenses": 0, "generalAndAdministrativeExpenses": 0, "sellingAndMarketingExpenses": 0, "sellingGeneralAndAdministrativeExpenses": 117900000, "otherExpenses": 45900000, "operatingExpenses": 163800000, "costAndExpenses": 255800000, "interestIncome": 0, "interestExpense": 0, "depreciationAndAmortization": 45900000, "ebitda": 14800000, "ebitdaratio": 0.0598463405, "operatingIncome": -8500000, "operatingIncomeRatio": -0.0343712091, "totalOtherIncomeExpensesNet": 22600000, "incomeBeforeTax": -22700000, "incomeBeforeTaxRatio": -0.0917913465, "incomeTaxExpense": 2700000, "netIncome": -25400000, "netIncomeRatio": -0.10270926, "eps": -0.45, "epsdiluted": -0.45, "weightedAverageShsOut": 56444444, "weightedAverageShsOutDil": 56444444, "link": "https://www.sec.gov/Archives/edgar/data/821130/000091205794001090/0000912057-94-001090-index.html", "finalLink": "https://www.sec.gov/Archives/edgar/data/821130/", "calculatedOtherExpenses": 45900000, "calculatedOperatingExpenses": 163800000, "calculatedNetInterest": 0, "calculatedOtherIncome": -14200000, "calculatedIncomeNonControlling": 0, "calculatedEbitda": 37400000}, {"date": "1992-12-31", "symbol": "USM", "reportedCurrency": "USD", "cik": "0000821130", "fillingDate": "1992-12-31", "acceptedDate": "1992-12-30 19:00:00", "calendarYear": "1992", "period": "FY", "revenue": 164100000, "costOfRevenue": 52000000, "grossProfit": 112100000, "grossProfitRatio": 0.6831200488, "researchAndDevelopmentExpenses": 0, "generalAndAdministrativeExpenses": 0, "sellingAndMarketingExpenses": 0, "sellingGeneralAndAdministrativeExpenses": 81500000, "otherExpenses": 30200000, "operatingExpenses": 111700000, "costAndExpenses": 163700000, "interestIncome": 0, "interestExpense": 0, "depreciationAndAmortization": 30200000, "ebitda": 38400000, "ebitdaratio": 0.2340036563, "operatingIncome": 400000, "operatingIncomeRatio": 0.0024375381, "totalOtherIncomeExpensesNet": 30600000, "incomeBeforeTax": 8200000, "incomeBeforeTaxRatio": 0.0499695308, "incomeTaxExpense": 2000000, "netIncome": 6200000, "netIncomeRatio": 0.0377818403, "eps": 0.11, "epsdiluted": 0.11, "weightedAverageShsOut": 56363636, "weightedAverageShsOutDil": 56363636, "link": "", "finalLink": "", "calculatedOtherExpenses": 30200000, "calculatedOperatingExpenses": 111700000, "calculatedNetInterest": 0, "calculatedOtherIncome": 7800000, "calculatedIncomeNonControlling": 0, "calculatedEbitda": 30600000}, {"date": "1991-12-31", "symbol": "USM", "reportedCurrency": "USD", "cik": "0000821130", "fillingDate": "1991-12-31", "acceptedDate": "1991-12-30 19:00:00", "calendarYear": "1991", "period": "FY", "revenue": 99500000, "costOfRevenue": 43300000, "grossProfit": 56200000, "grossProfitRatio": 0.5648241206, "researchAndDevelopmentExpenses": 0, "generalAndAdministrativeExpenses": 0, "sellingAndMarketingExpenses": 0, "sellingGeneralAndAdministrativeExpenses": 52600000, "otherExpenses": 20400000, "operatingExpenses": 73000000, "costAndExpenses": 116300000, "interestIncome": 0, "interestExpense": 0, "depreciationAndAmortization": 20400000, "ebitda": -6800000, "ebitdaratio": -0.0683417085, "operatingIncome": -16800000, "operatingIncomeRatio": -0.1688442211, "totalOtherIncomeExpensesNet": 10400000, "incomeBeforeTax": -6400000, "incomeBeforeTaxRatio": -0.064321608, "incomeTaxExpense": 7600000, "netIncome": -24400000, "netIncomeRatio": -0.2452261307, "eps": -0.63, "epsdiluted": -0.63, "weightedAverageShsOut": 38730159, "weightedAverageShsOutDil": 38730159, "link": "", "finalLink": "", "calculatedOtherExpenses": 20400000, "calculatedOperatingExpenses": 73000000, "calculatedNetInterest": 0, "calculatedOtherIncome": 10400000, "calculatedIncomeNonControlling": 10400000, "calculatedEbitda": 3600000}, {"date": "1990-12-31", "symbol": "USM", "reportedCurrency": "USD", "cik": "0000821130", "fillingDate": "1990-12-31", "acceptedDate": "1990-12-30 19:00:00", "calendarYear": "1990", "period": "FY", "revenue": 63000000, "costOfRevenue": 30400000, "grossProfit": 32600000, "grossProfitRatio": 0.5174603175, "researchAndDevelopmentExpenses": 0, "generalAndAdministrativeExpenses": 0, "sellingAndMarketingExpenses": 0, "sellingGeneralAndAdministrativeExpenses": 29200000, "otherExpenses": 12500000, "operatingExpenses": 41700000, "costAndExpenses": 72100000, "interestIncome": 0, "interestExpense": 0, "depreciationAndAmortization": 12500000, "ebitda": -2700000, "ebitdaratio": -0.0428571429, "operatingIncome": -9100000, "operatingIncomeRatio": -0.1444444444, "totalOtherIncomeExpensesNet": 6100000, "incomeBeforeTax": -14600000, "incomeBeforeTaxRatio": -0.2317460317, "incomeTaxExpense": 100000, "netIncome": -14700000, "netIncomeRatio": -0.2333333333, "eps": -0.51, "epsdiluted": -0.51, "weightedAverageShsOut": 28823529, "weightedAverageShsOutDil": 28823529, "link": "", "finalLink": "", "calculatedOtherExpenses": 12500000, "calculatedOperatingExpenses": 41700000, "calculatedNetInterest": 0, "calculatedOtherIncome": -5500000, "calculatedIncomeNonControlling": 0, "calculatedEbitda": 3400000}, {"date": "1989-12-31", "symbol": "USM", "reportedCurrency": "USD", "cik": "0000821130", "fillingDate": "1989-12-31", "acceptedDate": "1989-12-30 19:00:00", "calendarYear": "1989", "period": "FY", "revenue": 40300000, "costOfRevenue": 23700000, "grossProfit": 16600000, "grossProfitRatio": 0.41191067, "researchAndDevelopmentExpenses": 0, "generalAndAdministrativeExpenses": 0, "sellingAndMarketingExpenses": 0, "sellingGeneralAndAdministrativeExpenses": 23100000, "otherExpenses": 9100000, "operatingExpenses": 32200000, "costAndExpenses": 55900000, "interestIncome": 0, "interestExpense": 0, "depreciationAndAmortization": 9100000, "ebitda": -9000000, "ebitdaratio": -0.223325062, "operatingIncome": -15600000, "operatingIncomeRatio": -0.3870967742, "totalOtherIncomeExpensesNet": 2500000, "incomeBeforeTax": -18200000, "incomeBeforeTaxRatio": -0.4516129032, "incomeTaxExpense": 100000, "netIncome": -18300000, "netIncomeRatio": -0.4540942928, "eps": -0.65, "epsdiluted": -0.65, "weightedAverageShsOut": 28153846, "weightedAverageShsOutDil": 28153846, "link": "", "finalLink": "", "calculatedOtherExpenses": 9100000, "calculatedOperatingExpenses": 32200000, "calculatedNetInterest": 0, "calculatedOtherIncome": -2600000, "calculatedIncomeNonControlling": 0, "calculatedEbitda": -6500000}, {"date": "1988-12-31", "symbol": "USM", "reportedCurrency": "USD", "cik": "0000821130", "fillingDate": "1988-12-31", "acceptedDate": "1988-12-30 19:00:00", "calendarYear": "1988", "period": "FY", "revenue": 18100000, "costOfRevenue": 11300000, "grossProfit": 6800000, "grossProfitRatio": 0.3756906077, "researchAndDevelopmentExpenses": 0, "generalAndAdministrativeExpenses": 0, "sellingAndMarketingExpenses": 0, "sellingGeneralAndAdministrativeExpenses": 11100000, "otherExpenses": 4200000, "operatingExpenses": 15300000, "costAndExpenses": 26600000, "interestIncome": 0, "interestExpense": 0, "depreciationAndAmortization": 4200000, "ebitda": -8300000, "ebitdaratio": -0.4585635359, "operatingIncome": -8500000, "operatingIncomeRatio": -0.4696132597, "totalOtherIncomeExpensesNet": 4000000, "incomeBeforeTax": -6500000, "incomeBeforeTaxRatio": -0.3591160221, "incomeTaxExpense": 100000, "netIncome": -6600000, "netIncomeRatio": -0.364640884, "eps": -0.24, "epsdiluted": -0.24, "weightedAverageShsOut": 27500000, "weightedAverageShsOutDil": 27500000, "link": "", "finalLink": "", "calculatedOtherExpenses": 4200000, "calculatedOperatingExpenses": 15300000, "calculatedNetInterest": 0, "calculatedOtherIncome": 2000000, "calculatedIncomeNonControlling": 0, "calculatedEbitda": -4300000}, {"date": "1987-12-31", "symbol": "USM", "reportedCurrency": "USD", "cik": "0000821130", "fillingDate": "1987-12-31", "acceptedDate": "1987-12-30 19:00:00", "calendarYear": "1987", "period": "FY", "revenue": 10300000, "costOfRevenue": 4800000, "grossProfit": 5500000, "grossProfitRatio": 0.5339805825, "researchAndDevelopmentExpenses": 0, "generalAndAdministrativeExpenses": 0, "sellingAndMarketingExpenses": 0, "sellingGeneralAndAdministrativeExpenses": 9800000, "otherExpenses": 1500000, "operatingExpenses": 11300000, "costAndExpenses": 16100000, "interestIncome": 0, "interestExpense": 0, "depreciationAndAmortization": 1500000, "ebitda": -7100000, "ebitdaratio": -0.6893203883, "operatingIncome": -5800000, "operatingIncomeRatio": -0.5631067961, "totalOtherIncomeExpensesNet": 2800000, "incomeBeforeTax": -4600000, "incomeBeforeTaxRatio": -0.4466019417, "incomeTaxExpense": -500000, "netIncome": -4100000, "netIncomeRatio": -0.3980582524, "eps": -0.15, "epsdiluted": -0.15, "weightedAverageShsOut": 27738000, "weightedAverageShsOutDil": 27738000, "link": "", "finalLink": "", "calculatedOtherExpenses": 1500000, "calculatedOperatingExpenses": 11300000, "calculatedNetInterest": 0, "calculatedOtherIncome": 1200000, "calculatedIncomeNonControlling": 0, "calculatedEbitda": -4300000}, {"date": "1986-12-31", "symbol": "USM", "reportedCurrency": "USD", "cik": "0000821130", "fillingDate": "1986-12-31", "acceptedDate": "1986-12-30 19:00:00", "calendarYear": "1986", "period": "FY", "revenue": 7000000, "costOfRevenue": 1200000, "grossProfit": 5800000, "grossProfitRatio": 0.8285714286, "researchAndDevelopmentExpenses": 0, "generalAndAdministrativeExpenses": 0, "sellingAndMarketingExpenses": 0, "sellingGeneralAndAdministrativeExpenses": 9500000, "otherExpenses": 1700000, "operatingExpenses": 11200000, "costAndExpenses": 12400000, "interestIncome": 0, "interestExpense": 0, "depreciationAndAmortization": 1700000, "ebitda": -6200000, "ebitdaratio": -0.8857142857, "operatingIncome": -5400000, "operatingIncomeRatio": -0.7714285714, "totalOtherIncomeExpensesNet": 2500000, "incomeBeforeTax": -4700000, "incomeBeforeTaxRatio": -0.6714285714, "incomeTaxExpense": -2100000, "netIncome": -2600000, "netIncomeRatio": -0.3714285714, "eps": -0.09, "epsdiluted": -0.09, "weightedAverageShsOut": 28888889, "weightedAverageShsOutDil": 28888889, "link": "", "finalLink": "", "calculatedOtherExpenses": 1700000, "calculatedOperatingExpenses": 11200000, "calculatedNetInterest": 0, "calculatedOtherIncome": 700000, "calculatedIncomeNonControlling": 0, "calculatedEbitda": -3700000}]}