{"originalCurrency": "USD", "convertedCurrency": "USD", "report": [{"date": "2023-12-31", "symbol": "UTHR", "reportedCurrency": "USD", "cik": "0001082554", "fillingDate": "2024-02-21", "acceptedDate": "2024-02-21 06:03:30", "calendarYear": "2023", "period": "FY", "revenue": 2327500000, "costOfRevenue": 257500000, "grossProfit": 2070000000, "grossProfitRatio": 0.8893662728, "researchAndDevelopmentExpenses": 408000000, "generalAndAdministrativeExpenses": 395300000, "sellingAndMarketingExpenses": 81800000, "sellingGeneralAndAdministrativeExpenses": 477100000, "otherExpenses": -14000000, "operatingExpenses": 885100000, "costAndExpenses": 1142600000, "interestIncome": 162700000, "interestExpense": 59300000, "depreciationAndAmortization": 53200000, "ebitda": 1386800000, "ebitdaratio": 0.5958324382, "operatingIncome": 1184900000, "operatingIncomeRatio": 0.5090870032, "totalOtherIncomeExpensesNet": -14000000, "incomeBeforeTax": 1274300000, "incomeBeforeTaxRatio": 0.5474973147, "incomeTaxExpense": 289500000, "netIncome": 984800000, "netIncomeRatio": 0.4231149302, "eps": 21.04, "epsdiluted": 19.81, "weightedAverageShsOut": 46800000, "weightedAverageShsOutDil": 49700000, "link": "https://www.sec.gov/Archives/edgar/data/1082554/000108255424000005/0001082554-24-000005-index.htm", "finalLink": "https://www.sec.gov/Archives/edgar/data/1082554/000108255424000005/uthr-20231231.htm", "calculatedOtherExpenses": 0, "calculatedOperatingExpenses": 885100000, "calculatedNetInterest": 103400000, "calculatedOtherIncome": -14000000, "calculatedIncomeNonControlling": 0, "calculatedEbitda": 1238100000}, {"date": "2022-12-31", "symbol": "UTHR", "reportedCurrency": "USD", "cik": "0001082554", "fillingDate": "2023-02-22", "acceptedDate": "2023-02-22 06:03:42", "calendarYear": "2022", "period": "FY", "revenue": 1936300000, "costOfRevenue": 146700000, "grossProfit": 1789600000, "grossProfitRatio": 0.9242369468, "researchAndDevelopmentExpenses": 322900000, "generalAndAdministrativeExpenses": 416200000, "sellingAndMarketingExpenses": 70800000, "sellingGeneralAndAdministrativeExpenses": 487000000, "otherExpenses": -40200000, "operatingExpenses": 809900000, "costAndExpenses": 956600000, "interestIncome": 45200000, "interestExpense": 32400000, "depreciationAndAmortization": 5000000, "ebitda": 984700000, "ebitdaratio": 0.5085472293, "operatingIncome": 979700000, "operatingIncomeRatio": 0.5059649848, "totalOtherIncomeExpensesNet": -29100000, "incomeBeforeTax": 950600000, "incomeBeforeTaxRatio": 0.4909363219, "incomeTaxExpense": 223300000, "netIncome": 727300000, "netIncomeRatio": 0.3756132831, "eps": 15.98, "epsdiluted": 15, "weightedAverageShsOut": 45500000, "weightedAverageShsOutDil": 48500000, "link": "https://www.sec.gov/Archives/edgar/data/1082554/000108255423000005/0001082554-23-000005-index.htm", "finalLink": "https://www.sec.gov/Archives/edgar/data/1082554/000108255423000005/uthr-20221231.htm", "calculatedOtherExpenses": 0, "calculatedOperatingExpenses": 809900000, "calculatedNetInterest": 12800000, "calculatedOtherIncome": -41900000, "calculatedIncomeNonControlling": 0, "calculatedEbitda": 984700000}, {"date": "2021-12-31", "symbol": "UTHR", "reportedCurrency": "USD", "cik": "0001082554", "fillingDate": "2022-02-24", "acceptedDate": "2022-02-24 06:05:01", "calendarYear": "2021", "period": "FY", "revenue": 1685500000, "costOfRevenue": 122500000, "grossProfit": 1563000000, "grossProfitRatio": 0.9273212697, "researchAndDevelopmentExpenses": 540100000, "generalAndAdministrativeExpenses": 402600000, "sellingAndMarketingExpenses": 64400000, "sellingGeneralAndAdministrativeExpenses": 467000000, "otherExpenses": 42200000, "operatingExpenses": 1007100000, "costAndExpenses": 1129600000, "interestIncome": 16700000, "interestExpense": 18600000, "depreciationAndAmortization": 58900000, "ebitda": 614800000, "ebitdaratio": 0.364758232, "operatingIncome": 555900000, "operatingIncomeRatio": 0.3298131118, "totalOtherIncomeExpensesNet": 38000000, "incomeBeforeTax": 593900000, "incomeBeforeTaxRatio": 0.3523583506, "incomeTaxExpense": 118100000, "netIncome": 475800000, "netIncomeRatio": 0.2822901216, "eps": 10.6, "epsdiluted": 10.06, "weightedAverageShsOut": 44900000, "weightedAverageShsOutDil": 47300000, "link": "https://www.sec.gov/Archives/edgar/data/1082554/000108255422000004/0001082554-22-000004-index.htm", "finalLink": "https://www.sec.gov/Archives/edgar/data/1082554/000108255422000004/uthr-20211231.htm", "calculatedOtherExpenses": 0, "calculatedOperatingExpenses": 1007100000, "calculatedNetInterest": -1900000, "calculatedOtherIncome": 39900000, "calculatedIncomeNonControlling": 0, "calculatedEbitda": 614800000}, {"date": "2020-12-31", "symbol": "UTHR", "reportedCurrency": "USD", "cik": "0001082554", "fillingDate": "2021-02-24", "acceptedDate": "2021-02-24 06:07:56", "calendarYear": "2020", "period": "FY", "revenue": 1483300000, "costOfRevenue": 108100000, "grossProfit": 1375200000, "grossProfitRatio": 0.9271219578, "researchAndDevelopmentExpenses": 357700000, "generalAndAdministrativeExpenses": 369000000, "sellingAndMarketingExpenses": 54900000, "sellingGeneralAndAdministrativeExpenses": 423900000, "otherExpenses": 49300000, "operatingExpenses": 781600000, "costAndExpenses": 889700000, "interestIncome": 28600000, "interestExpense": 23500000, "depreciationAndAmortization": 77900000, "ebitda": 671500000, "ebitdaratio": 0.4527068024, "operatingIncome": 593600000, "operatingIncomeRatio": 0.4001887683, "totalOtherIncomeExpensesNet": 45300000, "incomeBeforeTax": 638900000, "incomeBeforeTaxRatio": 0.4307287804, "incomeTaxExpense": 124100000, "netIncome": 514800000, "netIncomeRatio": 0.347063979, "eps": 11.65, "epsdiluted": 11.54, "weightedAverageShsOut": 44200000, "weightedAverageShsOutDil": 44600000, "link": "https://www.sec.gov/Archives/edgar/data/1082554/000108255421000008/0001082554-21-000008-index.htm", "finalLink": "https://www.sec.gov/Archives/edgar/data/1082554/000108255421000008/uthr-20201231.htm", "calculatedOtherExpenses": 0, "calculatedOperatingExpenses": 781600000, "calculatedNetInterest": 5100000, "calculatedOtherIncome": 40200000, "calculatedIncomeNonControlling": 0, "calculatedEbitda": 671500000}, {"date": "2019-12-31", "symbol": "UTHR", "reportedCurrency": "USD", "cik": "0001082554", "fillingDate": "2020-02-26", "acceptedDate": "2020-02-26 06:12:34", "calendarYear": "2019", "period": "FY", "revenue": 1448800000, "costOfRevenue": 117600000, "grossProfit": 1331200000, "grossProfitRatio": 0.918829376, "researchAndDevelopmentExpenses": 1182600000, "generalAndAdministrativeExpenses": 275500000, "sellingAndMarketingExpenses": 60700000, "sellingGeneralAndAdministrativeExpenses": 336200000, "otherExpenses": 22600000, "operatingExpenses": 1518800000, "costAndExpenses": 1636400000, "interestIncome": 44200000, "interestExpense": 44200000, "depreciationAndAmortization": 66800000, "ebitda": -120800000, "ebitdaratio": -0.0833793484, "operatingIncome": -187600000, "operatingIncomeRatio": -0.1294864716, "totalOtherIncomeExpensesNet": 22600000, "incomeBeforeTax": -165000000, "incomeBeforeTaxRatio": -0.1138873551, "incomeTaxExpense": -60500000, "netIncome": -104500000, "netIncomeRatio": -0.0721286582, "eps": -2.39, "epsdiluted": -2.39, "weightedAverageShsOut": 43800000, "weightedAverageShsOutDil": 43800000, "link": "https://www.sec.gov/Archives/edgar/data/1082554/000110465920025009/0001104659-20-025009-index.htm", "finalLink": "https://www.sec.gov/Archives/edgar/data/1082554/000110465920025009/uthr-20191231x10k0be536.htm", "calculatedOtherExpenses": 0, "calculatedOperatingExpenses": 1518800000, "calculatedNetInterest": 0, "calculatedOtherIncome": 22600000, "calculatedIncomeNonControlling": 0, "calculatedEbitda": -120800000}, {"date": "2018-12-31", "symbol": "UTHR", "reportedCurrency": "USD", "cik": "0001082554", "fillingDate": "2019-02-27", "acceptedDate": "2019-02-27 06:03:23", "calendarYear": "2018", "period": "FY", "revenue": 1627800000, "costOfRevenue": 198700000, "grossProfit": 1429100000, "grossProfitRatio": 0.8779334071, "researchAndDevelopmentExpenses": 357900000, "generalAndAdministrativeExpenses": 206700000, "sellingAndMarketingExpenses": 59100000, "sellingGeneralAndAdministrativeExpenses": 265800000, "otherExpenses": -7700000, "operatingExpenses": 623700000, "costAndExpenses": 822400000, "interestIncome": 28600000, "interestExpense": 13900000, "depreciationAndAmortization": 35900000, "ebitda": 826300000, "ebitdaratio": 0.5076176434, "operatingIncome": 805400000, "operatingIncomeRatio": 0.4947782283, "totalOtherIncomeExpensesNet": -61200000, "incomeBeforeTax": 758900000, "incomeBeforeTaxRatio": 0.4662120654, "incomeTaxExpense": 169700000, "netIncome": 589200000, "netIncomeRatio": 0.3619609289, "eps": 13.54, "epsdiluted": 13.39, "weightedAverageShsOut": 43500000, "weightedAverageShsOutDil": 44000000, "link": "https://www.sec.gov/Archives/edgar/data/1082554/000104746919000724/0001047469-19-000724-index.htm", "finalLink": "https://www.sec.gov/Archives/edgar/data/1082554/000104746919000724/a2237754z10-k.htm", "calculatedOtherExpenses": 0, "calculatedOperatingExpenses": 623700000, "calculatedNetInterest": 14700000, "calculatedOtherIncome": -61200000, "calculatedIncomeNonControlling": 0, "calculatedEbitda": 841300000}, {"date": "2017-12-31", "symbol": "UTHR", "reportedCurrency": "USD", "cik": "0001082554", "fillingDate": "2018-02-21", "acceptedDate": "2018-02-21 06:04:01", "calendarYear": "2017", "period": "FY", "revenue": 1725300000, "costOfRevenue": 105700000, "grossProfit": 1619600000, "grossProfitRatio": 0.9387352924, "researchAndDevelopmentExpenses": 264600000, "generalAndAdministrativeExpenses": 265800000, "sellingAndMarketingExpenses": 64300000, "sellingGeneralAndAdministrativeExpenses": 330100000, "otherExpenses": 13200000, "operatingExpenses": 594700000, "costAndExpenses": 700400000, "interestIncome": 0, "interestExpense": 9000000, "depreciationAndAmortization": 31000000, "ebitda": 1038100000, "ebitdaratio": 0.6016924593, "operatingIncome": 814900000, "operatingIncomeRatio": 0.4723236539, "totalOtherIncomeExpensesNet": -246400000, "incomeBeforeTax": 769500000, "incomeBeforeTaxRatio": 0.4460093897, "incomeTaxExpense": 351600000, "netIncome": 417900000, "netIncomeRatio": 0.2422187446, "eps": 9.5, "epsdiluted": 9.31, "weightedAverageShsOut": 44000000, "weightedAverageShsOutDil": 44900000, "link": "https://www.sec.gov/Archives/edgar/data/1082554/000104746918000911/0001047469-18-000911-index.htm", "finalLink": "https://www.sec.gov/Archives/edgar/data/1082554/000104746918000911/a2234069z10-k.htm", "calculatedOtherExpenses": 210000000, "calculatedOperatingExpenses": 804700000, "calculatedNetInterest": -9000000, "calculatedOtherIncome": -36400000, "calculatedIncomeNonControlling": 0, "calculatedEbitda": 845900000}, {"date": "2016-12-31", "symbol": "UTHR", "reportedCurrency": "USD", "cik": "0001082554", "fillingDate": "2017-02-22", "acceptedDate": "2017-02-22 06:03:04", "calendarYear": "2016", "period": "FY", "revenue": 1598800000, "costOfRevenue": 72700000, "grossProfit": 1526100000, "grossProfitRatio": 0.9545283963, "researchAndDevelopmentExpenses": 147600000, "generalAndAdministrativeExpenses": 232200000, "sellingAndMarketingExpenses": 84600000, "sellingGeneralAndAdministrativeExpenses": 316800000, "otherExpenses": 2400000, "operatingExpenses": 464400000, "costAndExpenses": 537100000, "interestIncome": 0, "interestExpense": 3900000, "depreciationAndAmortization": 31600000, "ebitda": 1064100000, "ebitdaratio": 0.6655616713, "operatingIncome": 1061700000, "operatingIncomeRatio": 0.6640605454, "totalOtherIncomeExpensesNet": 2400000, "incomeBeforeTax": 1060200000, "incomeBeforeTaxRatio": 0.6631223418, "incomeTaxExpense": 346500000, "netIncome": 713700000, "netIncomeRatio": 0.446397298, "eps": 16.29, "epsdiluted": 15.25, "weightedAverageShsOut": 43800000, "weightedAverageShsOutDil": 46800000, "link": "https://www.sec.gov/Archives/edgar/data/1082554/000104746917000802/0001047469-17-000802-index.htm", "finalLink": "https://www.sec.gov/Archives/edgar/data/1082554/000104746917000802/a2230931z10-k.htm", "calculatedOtherExpenses": 0, "calculatedOperatingExpenses": 464400000, "calculatedNetInterest": -3900000, "calculatedOtherIncome": 2400000, "calculatedIncomeNonControlling": 0, "calculatedEbitda": 1093300000}, {"date": "2015-12-31", "symbol": "UTHR", "reportedCurrency": "USD", "cik": "0001082554", "fillingDate": "2016-02-25", "acceptedDate": "2016-02-25 06:07:14", "calendarYear": "2015", "period": "FY", "revenue": 1465761000, "costOfRevenue": 69036000, "grossProfit": 1396725000, "grossProfitRatio": 0.9529009163, "researchAndDevelopmentExpenses": 245098000, "generalAndAdministrativeExpenses": 358315000, "sellingAndMarketingExpenses": 94297000, "sellingGeneralAndAdministrativeExpenses": 452612000, "otherExpenses": 157000, "operatingExpenses": 697710000, "costAndExpenses": 766746000, "interestIncome": 0, "interestExpense": 4735000, "depreciationAndAmortization": 32921000, "ebitda": 699172000, "ebitdaratio": 0.477002731, "operatingIncome": 699015000, "operatingIncomeRatio": 0.4768956194, "totalOtherIncomeExpensesNet": 350157000, "incomeBeforeTax": 1044437000, "incomeBeforeTaxRatio": 0.7125561398, "incomeTaxExpense": 392798000, "netIncome": 651639000, "netIncomeRatio": 0.4445738425, "eps": 14.17, "epsdiluted": 12.72, "weightedAverageShsOut": 46000000, "weightedAverageShsOutDil": 51221000, "link": "https://www.sec.gov/Archives/edgar/data/1082554/000104746916010392/0001047469-16-010392-index.htm", "finalLink": "https://www.sec.gov/Archives/edgar/data/1082554/000104746916010392/a2227374z10-k.htm", "calculatedOtherExpenses": 0, "calculatedOperatingExpenses": 697710000, "calculatedNetInterest": -4735000, "calculatedOtherIncome": 350157000, "calculatedIncomeNonControlling": 0, "calculatedEbitda": 731936000}, {"date": "2014-12-31", "symbol": "UTHR", "reportedCurrency": "USD", "cik": "0001082554", "fillingDate": "2015-02-24", "acceptedDate": "2015-02-24 06:02:43", "calendarYear": "2014", "period": "FY", "revenue": 1288519000, "costOfRevenue": 125883000, "grossProfit": 1162636000, "grossProfitRatio": 0.9023041181, "researchAndDevelopmentExpenses": 242549000, "generalAndAdministrativeExpenses": 299287000, "sellingAndMarketingExpenses": 82000000, "sellingGeneralAndAdministrativeExpenses": 381287000, "otherExpenses": 3972000, "operatingExpenses": 623836000, "costAndExpenses": 749719000, "interestIncome": 0, "interestExpense": 17592000, "depreciationAndAmortization": 32245000, "ebitda": 542772000, "ebitdaratio": 0.4212370947, "operatingIncome": 538800000, "operatingIncomeRatio": 0.4181544859, "totalOtherIncomeExpensesNet": 3972000, "incomeBeforeTax": 525180000, "incomeBeforeTaxRatio": 0.407584211, "incomeTaxExpense": 185106000, "netIncome": 340074000, "netIncomeRatio": 0.2639262595, "eps": 7.06, "epsdiluted": 6.28, "weightedAverageShsOut": 48176000, "weightedAverageShsOutDil": 54155000, "link": "https://www.sec.gov/Archives/edgar/data/1082554/000104746915001069/0001047469-15-001069-index.htm", "finalLink": "https://www.sec.gov/Archives/edgar/data/1082554/000104746915001069/a2223076z10-k.htm", "calculatedOtherExpenses": 0, "calculatedOperatingExpenses": 623836000, "calculatedNetInterest": -17592000, "calculatedOtherIncome": 3972000, "calculatedIncomeNonControlling": 0, "calculatedEbitda": 571045000}, {"date": "2013-12-31", "symbol": "UTHR", "reportedCurrency": "USD", "cik": "0001082554", "fillingDate": "2014-02-25", "acceptedDate": "2014-02-25 06:09:36", "calendarYear": "2013", "period": "FY", "revenue": 1116984000, "costOfRevenue": 131127000, "grossProfit": 985857000, "grossProfitRatio": 0.8826061967, "researchAndDevelopmentExpenses": 299348000, "generalAndAdministrativeExpenses": 0, "sellingAndMarketingExpenses": 0, "sellingGeneralAndAdministrativeExpenses": 394010000, "otherExpenses": 635000, "operatingExpenses": 693358000, "costAndExpenses": 824485000, "interestIncome": 3827000, "interestExpense": 18058000, "depreciationAndAmortization": 31259000, "ebitda": 296961000, "ebitdaratio": 0.2658596721, "operatingIncome": 292499000, "operatingIncomeRatio": 0.2618649864, "totalOtherIncomeExpensesNet": 635000, "incomeBeforeTax": 278903000, "incomeBeforeTaxRatio": 0.2496929231, "incomeTaxExpense": 104343000, "netIncome": 174560000, "netIncomeRatio": 0.1562779771, "eps": 3.49, "epsdiluted": 3.28, "weightedAverageShsOut": 50076000, "weightedAverageShsOutDil": 53231000, "link": "https://www.sec.gov/Archives/edgar/data/1082554/000104746914001267/0001047469-14-001267-index.htm", "finalLink": "https://www.sec.gov/Archives/edgar/data/1082554/000104746914001267/a2218268z10-k.htm", "calculatedOtherExpenses": 0, "calculatedOperatingExpenses": 693358000, "calculatedNetInterest": -14231000, "calculatedOtherIncome": 635000, "calculatedIncomeNonControlling": 0, "calculatedEbitda": 323758000}, {"date": "2012-12-31", "symbol": "UTHR", "reportedCurrency": "USD", "cik": "0001082554", "fillingDate": "2013-02-26", "acceptedDate": "2013-02-26 06:15:09", "calendarYear": "2012", "period": "FY", "revenue": 916076000, "costOfRevenue": 119297000, "grossProfit": 796779000, "grossProfitRatio": 0.8697739052, "researchAndDevelopmentExpenses": 173387000, "generalAndAdministrativeExpenses": 0, "sellingAndMarketingExpenses": 0, "sellingGeneralAndAdministrativeExpenses": 201746000, "otherExpenses": 31866000, "operatingExpenses": 375133000, "costAndExpenses": 494430000, "interestIncome": 3941000, "interestExpense": 16639000, "depreciationAndAmortization": 27145000, "ebitda": 484455000, "ebitdaratio": 0.5288371271, "operatingIncome": 421646000, "operatingIncomeRatio": 0.4602740384, "totalOtherIncomeExpensesNet": 31723000, "incomeBeforeTax": 440671000, "incomeBeforeTaxRatio": 0.481041966, "incomeTaxExpense": 136229000, "netIncome": 304442000, "netIncomeRatio": 0.3323326886, "eps": 5.84, "epsdiluted": 5.71, "weightedAverageShsOut": 52093000, "weightedAverageShsOutDil": 53280000, "link": "https://www.sec.gov/Archives/edgar/data/1082554/000104746913001660/0001047469-13-001660-index.htm", "finalLink": "https://www.sec.gov/Archives/edgar/data/1082554/000104746913001660/a2213006z10-k.htm", "calculatedOtherExpenses": 0, "calculatedOperatingExpenses": 375133000, "calculatedNetInterest": -12698000, "calculatedOtherIncome": 31723000, "calculatedIncomeNonControlling": 0, "calculatedEbitda": 448791000}, {"date": "2011-12-31", "symbol": "UTHR", "reportedCurrency": "USD", "cik": "0001082554", "fillingDate": "2012-02-28", "acceptedDate": "2012-02-27 20:18:30", "calendarYear": "2011", "period": "FY", "revenue": 743183000, "costOfRevenue": 88904000, "grossProfit": 654279000, "grossProfitRatio": 0.8803740129, "researchAndDevelopmentExpenses": 180015000, "generalAndAdministrativeExpenses": 0, "sellingAndMarketingExpenses": 0, "sellingGeneralAndAdministrativeExpenses": 156482000, "otherExpenses": 156482000, "operatingExpenses": 336497000, "costAndExpenses": 425401000, "interestIncome": 3450000, "interestExpense": 21367000, "depreciationAndAmortization": 20535000, "ebitda": 321113000, "ebitdaratio": 0.4320779673, "operatingIncome": 317782000, "operatingIncomeRatio": 0.427595895, "totalOtherIncomeExpensesNet": -748000, "incomeBeforeTax": 299117000, "incomeBeforeTaxRatio": 0.4024809502, "incomeTaxExpense": 81874000, "netIncome": 217868000, "netIncomeRatio": 0.2931552525, "eps": 3.81, "epsdiluted": 3.67, "weightedAverageShsOut": 57163000, "weightedAverageShsOutDil": 59395000, "link": "https://www.sec.gov/Archives/edgar/data/1082554/000104746912001646/0001047469-12-001646-index.htm", "finalLink": "https://www.sec.gov/Archives/edgar/data/1082554/000104746912001646/a2207475z10-k.htm", "calculatedOtherExpenses": 0, "calculatedOperatingExpenses": 336497000, "calculatedNetInterest": -17917000, "calculatedOtherIncome": -748000, "calculatedIncomeNonControlling": -625000, "calculatedEbitda": 338317000}, {"date": "2010-12-31", "symbol": "UTHR", "reportedCurrency": "USD", "cik": "0001082554", "fillingDate": "2011-02-24", "acceptedDate": "2011-02-24 07:03:13", "calendarYear": "2010", "period": "FY", "revenue": 603831000, "costOfRevenue": 73465000, "grossProfit": 530366000, "grossProfitRatio": 0.8783351633, "researchAndDevelopmentExpenses": 166761000, "generalAndAdministrativeExpenses": 0, "sellingAndMarketingExpenses": 0, "sellingGeneralAndAdministrativeExpenses": 199600000, "otherExpenses": 199600000, "operatingExpenses": 366361000, "costAndExpenses": 439826000, "interestIncome": 2939000, "interestExpense": 19714000, "depreciationAndAmortization": 17920000, "ebitda": 166784000, "ebitdaratio": 0.2762097342, "operatingIncome": 164005000, "operatingIncomeRatio": 0.2716074531, "totalOtherIncomeExpensesNet": 609000, "incomeBeforeTax": 147839000, "incomeBeforeTaxRatio": 0.2448350615, "incomeTaxExpense": 41923000, "netIncome": 105916000, "netIncomeRatio": 0.1754066949, "eps": 1.89, "epsdiluted": 1.78, "weightedAverageShsOut": 56142000, "weightedAverageShsOutDil": 59516000, "link": "https://www.sec.gov/Archives/edgar/data/1082554/000104746911001229/0001047469-11-001229-index.htm", "finalLink": "https://www.sec.gov/Archives/edgar/data/1082554/000104746911001229/a2202121z10-k.htm", "calculatedOtherExpenses": 0, "calculatedOperatingExpenses": 366361000, "calculatedNetInterest": -16775000, "calculatedOtherIncome": 609000, "calculatedIncomeNonControlling": 0, "calculatedEbitda": 181925000}, {"date": "2009-12-31", "symbol": "UTHR", "reportedCurrency": "USD", "cik": "0001082554", "fillingDate": "2010-02-26", "acceptedDate": "2010-02-26 13:53:55", "calendarYear": "2009", "period": "FY", "revenue": 369848000, "costOfRevenue": 45321000, "grossProfit": 324527000, "grossProfitRatio": 0.8774604702, "researchAndDevelopmentExpenses": 122188000, "generalAndAdministrativeExpenses": 0, "sellingAndMarketingExpenses": 0, "sellingGeneralAndAdministrativeExpenses": 176338000, "otherExpenses": 176338000, "operatingExpenses": 298526000, "costAndExpenses": 343847000, "interestIncome": 5146000, "interestExpense": 12875000, "depreciationAndAmortization": 11394000, "ebitda": 31006000, "ebitdaratio": 0.0838344401, "operatingIncome": 26001000, "operatingIncomeRatio": 0.0703018537, "totalOtherIncomeExpensesNet": 495000, "incomeBeforeTax": 18767000, "incomeBeforeTaxRatio": 0.0507424672, "incomeTaxExpense": -695000, "netIncome": 19462000, "netIncomeRatio": 0.0526216175, "eps": 0.37, "epsdiluted": 0.35, "weightedAverageShsOut": 53314000, "weightedAverageShsOutDil": 56133000, "link": "https://www.sec.gov/Archives/edgar/data/1082554/000104746910001503/0001047469-10-001503-index.htm", "finalLink": "https://www.sec.gov/Archives/edgar/data/1082554/000104746910001503/a2196607z10-k.htm", "calculatedOtherExpenses": 0, "calculatedOperatingExpenses": 298526000, "calculatedNetInterest": -7729000, "calculatedOtherIncome": 495000, "calculatedIncomeNonControlling": 0, "calculatedEbitda": 37395000}, {"date": "2008-12-31", "symbol": "UTHR", "reportedCurrency": "USD", "cik": "0001082554", "fillingDate": "2009-02-26", "acceptedDate": "2009-02-26 11:01:32", "calendarYear": "2008", "period": "FY", "revenue": 281497000, "costOfRevenue": 30066000, "grossProfit": 251431000, "grossProfitRatio": 0.8931924674, "researchAndDevelopmentExpenses": 239181000, "generalAndAdministrativeExpenses": 0, "sellingAndMarketingExpenses": 0, "sellingGeneralAndAdministrativeExpenses": 94306000, "otherExpenses": 94306000, "operatingExpenses": 333487000, "costAndExpenses": 363553000, "interestIncome": 11025000, "interestExpense": 16000, "depreciationAndAmortization": 4536000, "ebitda": -71257000, "ebitdaratio": -0.2531359126, "operatingIncome": -82056000, "operatingIncomeRatio": -0.2914986661, "totalOtherIncomeExpensesNet": -1251000, "incomeBeforeTax": -72298000, "incomeBeforeTaxRatio": -0.2568339982, "incomeTaxExpense": -29509000, "netIncome": -42789000, "netIncomeRatio": -0.1520051723, "eps": -0.93, "epsdiluted": -0.93, "weightedAverageShsOut": 45802000, "weightedAverageShsOutDil": 45802000, "link": "https://www.sec.gov/Archives/edgar/data/1082554/000104746909001859/0001047469-09-001859-index.htm", "finalLink": "https://www.sec.gov/Archives/edgar/data/1082554/000104746909001859/a2190414z10-k.htm", "calculatedOtherExpenses": 0, "calculatedOperatingExpenses": 333487000, "calculatedNetInterest": 11009000, "calculatedOtherIncome": -1251000, "calculatedIncomeNonControlling": 0, "calculatedEbitda": -77520000}, {"date": "2007-12-31", "symbol": "UTHR", "reportedCurrency": "USD", "cik": "0001082554", "fillingDate": "2008-02-29", "acceptedDate": "2008-02-28 21:35:07", "calendarYear": "2007", "period": "FY", "revenue": 210943000, "costOfRevenue": 22261000, "grossProfit": 188682000, "grossProfitRatio": 0.894469122, "researchAndDevelopmentExpenses": 83352000, "generalAndAdministrativeExpenses": 0, "sellingAndMarketingExpenses": 0, "sellingGeneralAndAdministrativeExpenses": 99027000, "otherExpenses": 99027000, "operatingExpenses": 182379000, "costAndExpenses": 204640000, "interestIncome": 13602000, "interestExpense": 2175000, "depreciationAndAmortization": 957000, "ebitda": 8086000, "ebitdaratio": 0.0383326301, "operatingIncome": 6303000, "operatingIncomeRatio": 0.0298801098, "totalOtherIncomeExpensesNet": -1147000, "incomeBeforeTax": 16583000, "incomeBeforeTaxRatio": 0.0786136539, "incomeTaxExpense": -3276000, "netIncome": 19859000, "netIncomeRatio": 0.0941439157, "eps": 0.47, "epsdiluted": 0.44, "weightedAverageShsOut": 42448000, "weightedAverageShsOutDil": 44902000, "link": "https://www.sec.gov/Archives/edgar/data/1082554/000104746908001971/0001047469-08-001971-index.htm", "finalLink": "https://www.sec.gov/Archives/edgar/data/1082554/000104746908001971/a2182934z10-k.htm", "calculatedOtherExpenses": 0, "calculatedOperatingExpenses": 182379000, "calculatedNetInterest": 11427000, "calculatedOtherIncome": -1147000, "calculatedIncomeNonControlling": 0, "calculatedEbitda": 7260000}, {"date": "2006-12-31", "symbol": "UTHR", "reportedCurrency": "USD", "cik": "0001082554", "fillingDate": "2007-02-28", "acceptedDate": "2007-02-27 18:55:08", "calendarYear": "2006", "period": "FY", "revenue": 159632000, "costOfRevenue": 17028000, "grossProfit": 142604000, "grossProfitRatio": 0.8933296582, "researchAndDevelopmentExpenses": 57570000, "generalAndAdministrativeExpenses": 0, "sellingAndMarketingExpenses": 0, "sellingGeneralAndAdministrativeExpenses": 54028000, "otherExpenses": 56052000, "operatingExpenses": 113622000, "costAndExpenses": 130650000, "interestIncome": 10700000, "interestExpense": 482000, "depreciationAndAmortization": 1464000, "ebitda": 31271000, "ebitdaratio": 0.1958943069, "operatingIncome": 28982000, "operatingIncomeRatio": 0.1815550767, "totalOtherIncomeExpensesNet": -1316000, "incomeBeforeTax": 39908000, "incomeBeforeTaxRatio": 0.25, "incomeTaxExpense": -34057000, "netIncome": 73965000, "netIncomeRatio": 0.463346948, "eps": 1.61, "epsdiluted": 1.53, "weightedAverageShsOut": 46020000, "weightedAverageShsOutDil": 48276000, "link": "https://www.sec.gov/Archives/edgar/data/1082554/000110465907014511/0001104659-07-014511-index.htm", "finalLink": "https://www.sec.gov/Archives/edgar/data/1082554/000110465907014511/a07-5898_110k.htm", "calculatedOtherExpenses": 2024000, "calculatedOperatingExpenses": 113622000, "calculatedNetInterest": 10218000, "calculatedOtherIncome": 708000, "calculatedIncomeNonControlling": 0, "calculatedEbitda": 30446000}, {"date": "2005-12-31", "symbol": "UTHR", "reportedCurrency": "USD", "cik": "0001082554", "fillingDate": "2006-02-27", "acceptedDate": "2006-02-27 16:24:26", "calendarYear": "2005", "period": "FY", "revenue": 115915000, "costOfRevenue": 12315000, "grossProfit": 103600000, "grossProfitRatio": 0.8937583574, "researchAndDevelopmentExpenses": 36052000, "generalAndAdministrativeExpenses": 0, "sellingAndMarketingExpenses": 0, "sellingGeneralAndAdministrativeExpenses": 24655000, "otherExpenses": 24655000, "operatingExpenses": 60707000, "costAndExpenses": 73022000, "interestIncome": 5359000, "interestExpense": 29000, "depreciationAndAmortization": 2414000, "ebitda": 45254000, "ebitdaratio": 0.3904067636, "operatingIncome": 42893000, "operatingIncomeRatio": 0.3700383902, "totalOtherIncomeExpensesNet": -701000, "incomeBeforeTax": 47522000, "incomeBeforeTaxRatio": 0.4099728249, "incomeTaxExpense": -17494000, "netIncome": 65016000, "netIncomeRatio": 0.5608937584, "eps": 1.43, "epsdiluted": 1.29, "weightedAverageShsOut": 45650000, "weightedAverageShsOutDil": 50412000, "link": "https://www.sec.gov/Archives/edgar/data/1082554/000110465906012236/0001104659-06-012236-index.htm", "finalLink": "https://www.sec.gov/Archives/edgar/data/1082554/000110465906012236/a06-5750_110k.htm", "calculatedOtherExpenses": 0, "calculatedOperatingExpenses": 60707000, "calculatedNetInterest": 5330000, "calculatedOtherIncome": -701000, "calculatedIncomeNonControlling": 0, "calculatedEbitda": 45307000}, {"date": "2004-12-31", "symbol": "UTHR", "reportedCurrency": "USD", "cik": "0001082554", "fillingDate": "2005-02-25", "acceptedDate": "2005-02-25 14:30:53", "calendarYear": "2004", "period": "FY", "revenue": 73590000, "costOfRevenue": 8250000, "grossProfit": 65340000, "grossProfitRatio": 0.8878923767, "researchAndDevelopmentExpenses": 30602000, "generalAndAdministrativeExpenses": 0, "sellingAndMarketingExpenses": 0, "sellingGeneralAndAdministrativeExpenses": 21529000, "otherExpenses": 21529000, "operatingExpenses": 52131000, "costAndExpenses": 60381000, "interestIncome": 2986000, "interestExpense": 4000, "depreciationAndAmortization": 2276000, "ebitda": 15442000, "ebitdaratio": 0.2098382932, "operatingIncome": 13209000, "operatingIncomeRatio": 0.1794944965, "totalOtherIncomeExpensesNet": -742000, "incomeBeforeTax": 15449000, "incomeBeforeTaxRatio": 0.2099334149, "incomeTaxExpense": -3025000, "netIncome": 15449000, "netIncomeRatio": 0.2099334149, "eps": 0.36, "epsdiluted": 0.33, "weightedAverageShsOut": 43452000, "weightedAverageShsOutDil": 46702000, "link": "https://www.sec.gov/Archives/edgar/data/1082554/000095013305000741/0000950133-05-000741-index.htm", "finalLink": "https://www.sec.gov/Archives/edgar/data/1082554/000095013305000741/w06145e10vk.htm", "calculatedOtherExpenses": 0, "calculatedOperatingExpenses": 52131000, "calculatedNetInterest": 2982000, "calculatedOtherIncome": -742000, "calculatedIncomeNonControlling": 3025000, "calculatedEbitda": 15485000}, {"date": "2003-12-31", "symbol": "UTHR", "reportedCurrency": "USD", "cik": "0001082554", "fillingDate": "2004-03-12", "acceptedDate": "2004-03-12 09:55:57", "calendarYear": "2003", "period": "FY", "revenue": 53341000, "costOfRevenue": 6783000, "grossProfit": 46558000, "grossProfitRatio": 0.8728370297, "researchAndDevelopmentExpenses": 35417000, "generalAndAdministrativeExpenses": 0, "sellingAndMarketingExpenses": 0, "sellingGeneralAndAdministrativeExpenses": 22667000, "otherExpenses": 22667000, "operatingExpenses": 58084000, "costAndExpenses": 64867000, "interestIncome": 2435000, "interestExpense": 112000, "depreciationAndAmortization": 2325000, "ebitda": -9388000, "ebitdaratio": -0.1759997, "operatingIncome": -11526000, "operatingIncomeRatio": -0.2160814383, "totalOtherIncomeExpensesNet": -766000, "incomeBeforeTax": -9969000, "incomeBeforeTaxRatio": -0.1868918843, "incomeTaxExpense": -2510000, "netIncome": -9969000, "netIncomeRatio": -0.1868918843, "eps": -0.24, "epsdiluted": -0.24, "weightedAverageShsOut": 42269214, "weightedAverageShsOutDil": 42269214, "link": "https://www.sec.gov/Archives/edgar/data/1082554/000095013304000857/0000950133-04-000857-index.htm", "finalLink": "https://www.sec.gov/Archives/edgar/data/1082554/000095013304000857/w94938e10vk.htm", "calculatedOtherExpenses": 0, "calculatedOperatingExpenses": 58084000, "calculatedNetInterest": 2323000, "calculatedOtherIncome": -766000, "calculatedIncomeNonControlling": 2510000, "calculatedEbitda": -9201000}, {"date": "2002-12-31", "symbol": "UTHR", "reportedCurrency": "USD", "cik": "0001082554", "fillingDate": "2003-03-19", "acceptedDate": "2003-03-19 14:39:21", "calendarYear": "2002", "period": "FY", "revenue": 30120000, "costOfRevenue": 5456000, "grossProfit": 24664000, "grossProfitRatio": 0.8188579017, "researchAndDevelopmentExpenses": 26778000, "generalAndAdministrativeExpenses": 11442000, "sellingAndMarketingExpenses": 4447000, "sellingGeneralAndAdministrativeExpenses": 15889000, "otherExpenses": 15889000, "operatingExpenses": 42667000, "costAndExpenses": 48123000, "interestIncome": 4954000, "interestExpense": 117000, "depreciationAndAmortization": 3135000, "ebitda": -4592000, "ebitdaratio": -0.1524568393, "operatingIncome": -18003000, "operatingIncomeRatio": -0.5977091633, "totalOtherIncomeExpensesNet": -10485000, "incomeBeforeTax": -23651000, "incomeBeforeTaxRatio": -0.7852257636, "incomeTaxExpense": 5439000, "netIncome": -23651000, "netIncomeRatio": -0.7852257636, "eps": -0.57, "epsdiluted": -0.57, "weightedAverageShsOut": 41288616, "weightedAverageShsOutDil": 41288616, "link": "https://www.sec.gov/Archives/edgar/data/1082554/000095013303000824/0000950133-03-000824-index.htm", "finalLink": "https://www.sec.gov/Archives/edgar/data/1082554/000095013303000824/w84548e10vk.htm", "calculatedOtherExpenses": 0, "calculatedOperatingExpenses": 42667000, "calculatedNetInterest": 4837000, "calculatedOtherIncome": -10485000, "calculatedIncomeNonControlling": -5439000, "calculatedEbitda": -14868000}, {"date": "2001-12-31", "symbol": "UTHR", "reportedCurrency": "USD", "cik": "0001082554", "fillingDate": "2002-03-20", "acceptedDate": "2002-03-20 00:00:00", "calendarYear": "2001", "period": "FY", "revenue": 5731702, "costOfRevenue": 3137152, "grossProfit": 2594550, "grossProfitRatio": 0.4526665901, "researchAndDevelopmentExpenses": 32590191, "generalAndAdministrativeExpenses": 16943148, "sellingAndMarketingExpenses": 3384376000, "sellingGeneralAndAdministrativeExpenses": 16943148, "otherExpenses": 0, "operatingExpenses": 49533339, "costAndExpenses": 52670491, "interestIncome": 10020530, "interestExpense": 172718, "depreciationAndAmortization": 3514785, "ebitda": -43227232, "ebitdaratio": -7.5417793877, "operatingIncome": -46938789, "operatingIncomeRatio": -8.189328231, "totalOtherIncomeExpensesNet": -196772, "incomeBeforeTax": -37287749, "incomeBeforeTaxRatio": -6.5055282009, "incomeTaxExpense": -9651040, "netIncome": -37287749, "netIncomeRatio": -6.5055282009, "eps": -0.92, "epsdiluted": -0.92, "weightedAverageShsOut": 40571464, "weightedAverageShsOutDil": 40571464, "link": "https://www.sec.gov/Archives/edgar/data/1082554/000095013302001055/0000950133-02-001055-index.htm", "finalLink": "https://www.sec.gov/Archives/edgar/data/1082554/000095013302001055/w58637e10-k405.htm", "calculatedOtherExpenses": 0, "calculatedOperatingExpenses": 49533339, "calculatedNetInterest": 9847812, "calculatedOtherIncome": -196772, "calculatedIncomeNonControlling": 9651040, "calculatedEbitda": -43424004}, {"date": "2000-12-31", "symbol": "UTHR", "reportedCurrency": "USD", "cik": "0001082554", "fillingDate": "2001-03-30", "acceptedDate": "2001-03-30 00:00:00", "calendarYear": "2000", "period": "FY", "revenue": 2049258, "costOfRevenue": 1705787, "grossProfit": 343471, "grossProfitRatio": 0.167607495, "researchAndDevelopmentExpenses": 70187748, "generalAndAdministrativeExpenses": 11736144, "sellingAndMarketingExpenses": 0, "sellingGeneralAndAdministrativeExpenses": 11736144, "otherExpenses": -79736, "operatingExpenses": 81844156, "costAndExpenses": 83549943, "interestIncome": 10693239, "interestExpense": 120035, "depreciationAndAmortization": -79736, "ebitda": -76899412, "ebitdaratio": -37.5254906898, "operatingIncome": -81500685, "operatingIncomeRatio": -39.7708268066, "totalOtherIncomeExpensesNet": -4681009, "incomeBeforeTax": -86181694, "incomeBeforeTaxRatio": -42.0550726165, "incomeTaxExpense": -5892195, "netIncome": -75608490, "netIncomeRatio": -36.8955446313, "eps": -1.97, "epsdiluted": -1.97, "weightedAverageShsOut": 38474946, "weightedAverageShsOutDil": 38474946, "link": "https://www.sec.gov/Archives/edgar/data/1082554/000095013301500347/0000950133-01-500347-index.htm", "finalLink": "https://www.sec.gov/Archives/edgar/data/1082554/000095013301500347/w47269e10-k.txt", "calculatedOtherExpenses": -79736, "calculatedOperatingExpenses": 81844156, "calculatedNetInterest": 10573204, "calculatedOtherIncome": -15254213, "calculatedIncomeNonControlling": -4681009, "calculatedEbitda": -81580421}, {"date": "1999-12-31", "symbol": "UTHR", "reportedCurrency": "USD", "cik": "0001082554", "fillingDate": "2000-03-22", "acceptedDate": "2000-03-22 00:00:00", "calendarYear": "1999", "period": "FY", "revenue": 400000, "costOfRevenue": 1400000, "grossProfit": -1000000, "grossProfitRatio": -2.5, "researchAndDevelopmentExpenses": 30700000, "generalAndAdministrativeExpenses": 5000000, "sellingAndMarketingExpenses": 0, "sellingGeneralAndAdministrativeExpenses": 5000000, "otherExpenses": -1300000, "operatingExpenses": 34400000, "costAndExpenses": 35800000, "interestIncome": 0, "interestExpense": 0, "depreciationAndAmortization": -1300000, "ebitda": -36800000, "ebitdaratio": -92, "operatingIncome": -35400000, "operatingIncomeRatio": -88.5, "totalOtherIncomeExpensesNet": 100000, "incomeBeforeTax": -35300000, "incomeBeforeTaxRatio": -88.25, "incomeTaxExpense": -1900000, "netIncome": -33500000, "netIncomeRatio": -83.75, "eps": -1.26, "epsdiluted": -1.26, "weightedAverageShsOut": 26693227, "weightedAverageShsOutDil": 26693227, "link": "https://www.sec.gov/Archives/edgar/data/1082554/000095013300001052/0000950133-00-001052-index.html", "finalLink": "https://www.sec.gov/Archives/edgar/data/1082554/000095013300001052/", "calculatedOtherExpenses": -1300000, "calculatedOperatingExpenses": 34400000, "calculatedNetInterest": 0, "calculatedOtherIncome": 100000, "calculatedIncomeNonControlling": 100000, "calculatedEbitda": -36700000}, {"date": "1998-12-31", "symbol": "UTHR", "reportedCurrency": "USD", "cik": "0001082554", "fillingDate": "1998-12-31", "acceptedDate": "1998-12-30 19:00:00", "calendarYear": "1998", "period": "FY", "revenue": 100000, "costOfRevenue": 0, "grossProfit": 100000, "grossProfitRatio": 1, "researchAndDevelopmentExpenses": 11000000, "generalAndAdministrativeExpenses": 0, "sellingAndMarketingExpenses": 0, "sellingGeneralAndAdministrativeExpenses": 2400000, "otherExpenses": 2400000, "operatingExpenses": 13400000, "costAndExpenses": 13400000, "interestIncome": 0, "interestExpense": 0, "depreciationAndAmortization": -500000, "ebitda": -13800000, "ebitdaratio": -138, "operatingIncome": -13300000, "operatingIncomeRatio": -133, "totalOtherIncomeExpensesNet": 500000, "incomeBeforeTax": -12800000, "incomeBeforeTaxRatio": -128, "incomeTaxExpense": 0, "netIncome": -12800000, "netIncomeRatio": -128, "eps": -0.77, "epsdiluted": -0.77, "weightedAverageShsOut": 16644000, "weightedAverageShsOutDil": 16644000, "link": "", "finalLink": "", "calculatedOtherExpenses": 0, "calculatedOperatingExpenses": 13400000, "calculatedNetInterest": 0, "calculatedOtherIncome": 500000, "calculatedIncomeNonControlling": 0, "calculatedEbitda": -13800000}]}