{"originalCurrency": "USD", "convertedCurrency": "USD", "report": [{"date": "2023-12-31", "symbol": "VAC", "reportedCurrency": "USD", "cik": "0001524358", "fillingDate": "2024-02-27", "acceptedDate": "2024-02-27 16:44:46", "calendarYear": "2023", "period": "FY", "revenue": 4727000000, "costOfRevenue": 3750000000, "grossProfit": 977000000, "grossProfitRatio": 0.2066850011, "researchAndDevelopmentExpenses": 0, "generalAndAdministrativeExpenses": 273000000, "sellingAndMarketingExpenses": 823000000, "sellingGeneralAndAdministrativeExpenses": 1096000000, "otherExpenses": -390000000, "operatingExpenses": 390000000, "costAndExpenses": 4140000000, "interestIncome": 0, "interestExpense": 145000000, "depreciationAndAmortization": 135000000, "ebitda": 722000000, "ebitdaratio": 0.1527395811, "operatingIncome": 587000000, "operatingIncomeRatio": 0.1241802412, "totalOtherIncomeExpensesNet": -189000000, "incomeBeforeTax": 398000000, "incomeBeforeTaxRatio": 0.0841971652, "incomeTaxExpense": 146000000, "netIncome": 254000000, "netIncomeRatio": 0.0537338693, "eps": 6.96, "epsdiluted": 6.28, "weightedAverageShsOut": 36500000, "weightedAverageShsOutDil": 43500000, "link": "https://www.sec.gov/Archives/edgar/data/1524358/000152435824000006/0001524358-24-000006-index.htm", "finalLink": "https://www.sec.gov/Archives/edgar/data/1524358/000152435824000006/vac-20231231.htm", "calculatedOtherExpenses": -706000000, "calculatedOperatingExpenses": 390000000, "calculatedNetInterest": -145000000, "calculatedOtherIncome": -44000000, "calculatedIncomeNonControlling": -2000000, "calculatedEbitda": 722000000}, {"date": "2022-12-31", "symbol": "VAC", "reportedCurrency": "USD", "cik": "0001524358", "fillingDate": "2023-02-27", "acceptedDate": "2023-02-27 17:22:17", "calendarYear": "2022", "period": "FY", "revenue": 4617000000, "costOfRevenue": 2683000000, "grossProfit": 1934000000, "grossProfitRatio": 0.418886723, "researchAndDevelopmentExpenses": 0, "generalAndAdministrativeExpenses": 249000000, "sellingAndMarketingExpenses": 807000000, "sellingGeneralAndAdministrativeExpenses": 1056000000, "otherExpenses": 132000000, "operatingExpenses": 1188000000, "costAndExpenses": 3871000000, "interestIncome": 118000000, "interestExpense": 118000000, "depreciationAndAmortization": 132000000, "ebitda": 919000000, "ebitdaratio": 0.1990470002, "operatingIncome": 787000000, "operatingIncomeRatio": 0.1704570067, "totalOtherIncomeExpensesNet": -256000000, "incomeBeforeTax": 531000000, "incomeBeforeTaxRatio": 0.1150097466, "incomeTaxExpense": 178000000, "netIncome": 391000000, "netIncomeRatio": 0.0846870262, "eps": 9.68, "epsdiluted": 8.65, "weightedAverageShsOut": 40400000, "weightedAverageShsOutDil": 45200000, "link": "https://www.sec.gov/Archives/edgar/data/1524358/000152435823000009/0001524358-23-000009-index.htm", "finalLink": "https://www.sec.gov/Archives/edgar/data/1524358/000152435823000009/vac-20221231.htm", "calculatedOtherExpenses": 91000000, "calculatedOperatingExpenses": 1147000000, "calculatedNetInterest": 0, "calculatedOtherIncome": -256000000, "calculatedIncomeNonControlling": -38000000, "calculatedEbitda": 919000000}, {"date": "2021-12-31", "symbol": "VAC", "reportedCurrency": "USD", "cik": "0001524358", "fillingDate": "2022-03-01", "acceptedDate": "2022-03-01 16:18:40", "calendarYear": "2021", "period": "FY", "revenue": 3890000000, "costOfRevenue": 2437000000, "grossProfit": 1453000000, "grossProfitRatio": 0.3735218509, "researchAndDevelopmentExpenses": 0, "generalAndAdministrativeExpenses": 227000000, "sellingAndMarketingExpenses": 617000000, "sellingGeneralAndAdministrativeExpenses": 844000000, "otherExpenses": 146000000, "operatingExpenses": 990000000, "costAndExpenses": 3427000000, "interestIncome": 164000000, "interestExpense": 164000000, "depreciationAndAmortization": 146000000, "ebitda": 560000000, "ebitdaratio": 0.1439588689, "operatingIncome": 414000000, "operatingIncomeRatio": 0.1064267352, "totalOtherIncomeExpensesNet": -287000000, "incomeBeforeTax": 127000000, "incomeBeforeTaxRatio": 0.0326478149, "incomeTaxExpense": 74000000, "netIncome": 49000000, "netIncomeRatio": 0.012596401, "eps": 1.15, "epsdiluted": 1.13, "weightedAverageShsOut": 42500000, "weightedAverageShsOutDil": 43300000, "link": "https://www.sec.gov/Archives/edgar/data/1524358/000152435822000013/0001524358-22-000013-index.htm", "finalLink": "https://www.sec.gov/Archives/edgar/data/1524358/000152435822000013/vac-20211231.htm", "calculatedOtherExpenses": 195000000, "calculatedOperatingExpenses": 1039000000, "calculatedNetInterest": 0, "calculatedOtherIncome": -287000000, "calculatedIncomeNonControlling": 4000000, "calculatedEbitda": 560000000}, {"date": "2020-12-31", "symbol": "VAC", "reportedCurrency": "USD", "cik": "0001524358", "fillingDate": "2021-03-01", "acceptedDate": "2021-03-01 16:39:39", "calendarYear": "2020", "period": "FY", "revenue": 2886000000, "costOfRevenue": 2157000000, "grossProfit": 729000000, "grossProfitRatio": 0.2525987526, "researchAndDevelopmentExpenses": 0, "generalAndAdministrativeExpenses": 154000000, "sellingAndMarketingExpenses": 419000000, "sellingGeneralAndAdministrativeExpenses": 573000000, "otherExpenses": 123000000, "operatingExpenses": 696000000, "costAndExpenses": 2853000000, "interestIncome": 150000000, "interestExpense": 150000000, "depreciationAndAmortization": 123000000, "ebitda": 126000000, "ebitdaratio": 0.0436590437, "operatingIncome": 3000000, "operatingIncomeRatio": 0.001039501, "totalOtherIncomeExpensesNet": -343000000, "incomeBeforeTax": -340000000, "incomeBeforeTaxRatio": -0.1178101178, "incomeTaxExpense": -84000000, "netIncome": -256000000, "netIncomeRatio": -0.0887040887, "eps": -6.2, "epsdiluted": -6.2, "weightedAverageShsOut": 41300000, "weightedAverageShsOutDil": 41300000, "link": "https://www.sec.gov/Archives/edgar/data/1524358/000152435821000016/0001524358-21-000016-index.htm", "finalLink": "https://www.sec.gov/Archives/edgar/data/1524358/000152435821000016/vac-20201231.htm", "calculatedOtherExpenses": 153000000, "calculatedOperatingExpenses": 726000000, "calculatedNetInterest": 0, "calculatedOtherIncome": -343000000, "calculatedIncomeNonControlling": 0, "calculatedEbitda": 126000000}, {"date": "2019-12-31", "symbol": "VAC", "reportedCurrency": "USD", "cik": "0001524358", "fillingDate": "2020-03-02", "acceptedDate": "2020-03-02 17:20:57", "calendarYear": "2019", "period": "FY", "revenue": 4355000000, "costOfRevenue": 2588000000, "grossProfit": 1767000000, "grossProfitRatio": 0.4057405281, "researchAndDevelopmentExpenses": 0, "generalAndAdministrativeExpenses": 300000000, "sellingAndMarketingExpenses": 762000000, "sellingGeneralAndAdministrativeExpenses": 1062000000, "otherExpenses": 141000000, "operatingExpenses": 1203000000, "costAndExpenses": 3791000000, "interestIncome": 132000000, "interestExpense": 132000000, "depreciationAndAmortization": 141000000, "ebitda": 722000000, "ebitdaratio": 0.1657864524, "operatingIncome": 581000000, "operatingIncomeRatio": 0.1334098737, "totalOtherIncomeExpensesNet": -356000000, "incomeBeforeTax": 225000000, "incomeBeforeTaxRatio": 0.0516647532, "incomeTaxExpense": 83000000, "netIncome": 138000000, "netIncomeRatio": 0.0316877153, "eps": 3.14, "epsdiluted": 3.1, "weightedAverageShsOut": 43900000, "weightedAverageShsOutDil": 44500000, "link": "https://www.sec.gov/Archives/edgar/data/1524358/000152435820000011/0001524358-20-000011-index.htm", "finalLink": "https://www.sec.gov/Archives/edgar/data/1524358/000152435820000011/a2019q410-kdocument.htm", "calculatedOtherExpenses": 124000000, "calculatedOperatingExpenses": 1186000000, "calculatedNetInterest": 0, "calculatedOtherIncome": -356000000, "calculatedIncomeNonControlling": 4000000, "calculatedEbitda": 722000000}, {"date": "2018-12-31", "symbol": "VAC", "reportedCurrency": "USD", "cik": "0001524358", "fillingDate": "2019-03-01", "acceptedDate": "2019-03-01 17:33:58", "calendarYear": "2018", "period": "FY", "revenue": 2968000000, "costOfRevenue": 1868000000, "grossProfit": 1100000000, "grossProfitRatio": 0.3706199461, "researchAndDevelopmentExpenses": 0, "generalAndAdministrativeExpenses": 198000000, "sellingAndMarketingExpenses": 527000000, "sellingGeneralAndAdministrativeExpenses": 725000000, "otherExpenses": 17000000, "operatingExpenses": 787000000, "costAndExpenses": 2655000000, "interestIncome": 0, "interestExpense": 54000000, "depreciationAndAmortization": 62000000, "ebitda": 392000000, "ebitdaratio": 0.1320754717, "operatingIncome": 160000000, "operatingIncomeRatio": 0.0539083558, "totalOtherIncomeExpensesNet": -156000000, "incomeBeforeTax": 103000000, "incomeBeforeTaxRatio": 0.034703504, "incomeTaxExpense": 51000000, "netIncome": 55000000, "netIncomeRatio": 0.0185309973, "eps": 1.65, "epsdiluted": 1.62, "weightedAverageShsOut": 33300000, "weightedAverageShsOutDil": 34000000, "link": "https://www.sec.gov/Archives/edgar/data/1524358/000152435819000008/0001524358-19-000008-index.htm", "finalLink": "https://www.sec.gov/Archives/edgar/data/1524358/000152435819000008/a2018q410-kdocument.htm", "calculatedOtherExpenses": 215000000, "calculatedOperatingExpenses": 940000000, "calculatedNetInterest": -54000000, "calculatedOtherIncome": -3000000, "calculatedIncomeNonControlling": -3000000, "calculatedEbitda": 222000000}, {"date": "2017-12-31", "symbol": "VAC", "reportedCurrency": "USD", "cik": "0001524358", "fillingDate": "2018-02-27", "acceptedDate": "2018-02-27 12:35:28", "calendarYear": "2017", "period": "FY", "revenue": 2183000000, "costOfRevenue": 1403000000, "grossProfit": 780000000, "grossProfitRatio": 0.357306459, "researchAndDevelopmentExpenses": 0, "generalAndAdministrativeExpenses": 110000000, "sellingAndMarketingExpenses": 395000000, "sellingGeneralAndAdministrativeExpenses": 505000000, "otherExpenses": 4000000, "operatingExpenses": 505000000, "costAndExpenses": 1908000000, "interestIncome": 0, "interestExpense": 35000000, "depreciationAndAmortization": 21494000, "ebitda": 279000000, "ebitdaratio": 0.1278057719, "operatingIncome": 260672000, "operatingIncomeRatio": 0.1194099863, "totalOtherIncomeExpensesNet": -58000, "incomeBeforeTax": 240000000, "incomeBeforeTaxRatio": 0.1099404489, "incomeTaxExpense": 5000000, "netIncome": 235000000, "netIncomeRatio": 0.1076500229, "eps": 8.7, "epsdiluted": 8.49, "weightedAverageShsOut": 27100000, "weightedAverageShsOutDil": 27700000, "link": "https://www.sec.gov/Archives/edgar/data/1524358/000152435818000007/0001524358-18-000007-index.htm", "finalLink": "https://www.sec.gov/Archives/edgar/data/1524358/000152435818000007/a2017q410-kdocument.htm", "calculatedOtherExpenses": 14328000, "calculatedOperatingExpenses": 519328000, "calculatedNetInterest": -35000000, "calculatedOtherIncome": 14328000, "calculatedIncomeNonControlling": 0, "calculatedEbitda": 282166000}, {"date": "2016-12-30", "symbol": "VAC", "reportedCurrency": "USD", "cik": "0001524358", "fillingDate": "2017-02-23", "acceptedDate": "2017-02-23 12:34:06", "calendarYear": "2016", "period": "FY", "revenue": 1811235000, "costOfRevenue": 1104454000, "grossProfit": 706781000, "grossProfitRatio": 0.3902204849, "researchAndDevelopmentExpenses": 0, "generalAndAdministrativeExpenses": 104833000, "sellingAndMarketingExpenses": 353295000, "sellingGeneralAndAdministrativeExpenses": 458128000, "otherExpenses": 6569000, "operatingExpenses": 458128000, "costAndExpenses": 1562582000, "interestIncome": 0, "interestExpense": 32597000, "depreciationAndAmortization": 21044000, "ebitda": 276266000, "ebitdaratio": 0.1525290755, "operatingIncome": 255525000, "operatingIncomeRatio": 0.1410777729, "totalOtherIncomeExpensesNet": 6872000, "incomeBeforeTax": 222928000, "incomeBeforeTaxRatio": 0.1230806604, "incomeTaxExpense": 85580000, "netIncome": 137348000, "netIncomeRatio": 0.0758311318, "eps": 4.37, "epsdiluted": 4.29, "weightedAverageShsOut": 27900000, "weightedAverageShsOutDil": 28400000, "link": "https://www.sec.gov/Archives/edgar/data/1524358/000152435817000004/0001524358-17-000004-index.htm", "finalLink": "https://www.sec.gov/Archives/edgar/data/1524358/000152435817000004/a201610kdocument.htm", "calculatedOtherExpenses": -6872000, "calculatedOperatingExpenses": 451256000, "calculatedNetInterest": -32597000, "calculatedOtherIncome": 0, "calculatedIncomeNonControlling": 0, "calculatedEbitda": 276569000}, {"date": "2015-12-31", "symbol": "VAC", "reportedCurrency": "USD", "cik": "0001524358", "fillingDate": "2016-02-25", "acceptedDate": "2016-02-25 11:51:09", "calendarYear": "2015", "period": "FY", "revenue": 1830463000, "costOfRevenue": 1152974000, "grossProfit": 677489000, "grossProfitRatio": 0.3701189262, "researchAndDevelopmentExpenses": 0, "generalAndAdministrativeExpenses": 102963000, "sellingAndMarketingExpenses": 330599000, "sellingGeneralAndAdministrativeExpenses": 433562000, "otherExpenses": 1117000, "operatingExpenses": 433562000, "costAndExpenses": 1586536000, "interestIncome": 0, "interestExpense": 37468000, "depreciationAndAmortization": 22217000, "ebitda": 267448000, "ebitdaratio": 0.1461094816, "operatingIncome": 243965000, "operatingIncomeRatio": 0.133280487, "totalOtherIncomeExpensesNet": 38000, "incomeBeforeTax": 206497000, "incomeBeforeTaxRatio": 0.1128113488, "incomeTaxExpense": 83698000, "netIncome": 122799000, "netIncomeRatio": 0.0670863055, "eps": 3.9, "epsdiluted": 3.82, "weightedAverageShsOut": 31487000, "weightedAverageShsOutDil": 32168000, "link": "https://www.sec.gov/Archives/edgar/data/1524358/000119312516477463/0001193125-16-477463-index.htm", "finalLink": "https://www.sec.gov/Archives/edgar/data/1524358/000119312516477463/d84315d10k.htm", "calculatedOtherExpenses": -38000, "calculatedOperatingExpenses": 433524000, "calculatedNetInterest": -37468000, "calculatedOtherIncome": 0, "calculatedIncomeNonControlling": 0, "calculatedEbitda": 266182000}, {"date": "2014-12-31", "symbol": "VAC", "reportedCurrency": "USD", "cik": "0001524358", "fillingDate": "2015-02-26", "acceptedDate": "2015-02-26 12:13:15", "calendarYear": "2014", "period": "FY", "revenue": 1736000000, "costOfRevenue": 1115000000, "grossProfit": 621000000, "grossProfitRatio": 0.357718894, "researchAndDevelopmentExpenses": 0, "generalAndAdministrativeExpenses": 99000000, "sellingAndMarketingExpenses": 315000000, "sellingGeneralAndAdministrativeExpenses": 414000000, "otherExpenses": 5000000, "operatingExpenses": 414000000, "costAndExpenses": 1529000000, "interestIncome": 0, "interestExpense": 38000000, "depreciationAndAmortization": 19000000, "ebitda": 231000000, "ebitdaratio": 0.1330645161, "operatingIncome": 189000000, "operatingIncomeRatio": 0.1088709677, "totalOtherIncomeExpensesNet": -18000000, "incomeBeforeTax": 151000000, "incomeBeforeTaxRatio": 0.0869815668, "incomeTaxExpense": 70000000, "netIncome": 81000000, "netIncomeRatio": 0.0466589862, "eps": 2.4, "epsdiluted": 2.33, "weightedAverageShsOut": 33665000, "weightedAverageShsOutDil": 34635000, "link": "https://www.sec.gov/Archives/edgar/data/1524358/000119312515064836/0001193125-15-064836-index.htm", "finalLink": "https://www.sec.gov/Archives/edgar/data/1524358/000119312515064836/d843780d10k.htm", "calculatedOtherExpenses": 18000000, "calculatedOperatingExpenses": 432000000, "calculatedNetInterest": -38000000, "calculatedOtherIncome": 0, "calculatedIncomeNonControlling": 0, "calculatedEbitda": 208000000}, {"date": "2013-12-31", "symbol": "VAC", "reportedCurrency": "USD", "cik": "0001524358", "fillingDate": "2014-02-27", "acceptedDate": "2014-02-27 13:05:38", "calendarYear": "2013", "period": "FY", "revenue": 1750000000, "costOfRevenue": 1143000000, "grossProfit": 607000000, "grossProfitRatio": 0.3468571429, "researchAndDevelopmentExpenses": 0, "generalAndAdministrativeExpenses": 99000000, "sellingAndMarketingExpenses": 316000000, "sellingGeneralAndAdministrativeExpenses": 415000000, "otherExpenses": 1000000, "operatingExpenses": 415000000, "costAndExpenses": 1558000000, "interestIncome": 0, "interestExpense": 44000000, "depreciationAndAmortization": 23000000, "ebitda": 216000000, "ebitdaratio": 0.1234285714, "operatingIncome": 175000000, "operatingIncomeRatio": 0.1, "totalOtherIncomeExpensesNet": -17000000, "incomeBeforeTax": 131000000, "incomeBeforeTaxRatio": 0.0748571429, "incomeTaxExpense": 51000000, "netIncome": 80000000, "netIncomeRatio": 0.0457142857, "eps": 2.25, "epsdiluted": 2.18, "weightedAverageShsOut": 35373000, "weightedAverageShsOutDil": 36621000, "link": "https://www.sec.gov/Archives/edgar/data/1524358/000119312514072130/0001193125-14-072130-index.htm", "finalLink": "https://www.sec.gov/Archives/edgar/data/1524358/000119312514072130/d638198d10k.htm", "calculatedOtherExpenses": 17000000, "calculatedOperatingExpenses": 432000000, "calculatedNetInterest": -44000000, "calculatedOtherIncome": 0, "calculatedIncomeNonControlling": 0, "calculatedEbitda": 198000000}, {"date": "2012-12-28", "symbol": "VAC", "reportedCurrency": "USD", "cik": "0001524358", "fillingDate": "2013-02-22", "acceptedDate": "2013-02-22 12:33:44", "calendarYear": "2012", "period": "FY", "revenue": 1648000000, "costOfRevenue": 1092000000, "grossProfit": 556000000, "grossProfitRatio": 0.3373786408, "researchAndDevelopmentExpenses": 0, "generalAndAdministrativeExpenses": 86000000, "sellingAndMarketingExpenses": 330000000, "sellingGeneralAndAdministrativeExpenses": 416000000, "otherExpenses": 9000000, "operatingExpenses": 416000000, "costAndExpenses": 1508000000, "interestIncome": 0, "interestExpense": 58000000, "depreciationAndAmortization": 30000000, "ebitda": 180000000, "ebitdaratio": 0.109223301, "operatingIncome": 95000000, "operatingIncomeRatio": 0.0576456311, "totalOtherIncomeExpensesNet": -45000000, "incomeBeforeTax": 37000000, "incomeBeforeTaxRatio": 0.0224514563, "incomeTaxExpense": 21000000, "netIncome": 16000000, "netIncomeRatio": 0.0097087379, "eps": 0.19, "epsdiluted": 0.18, "weightedAverageShsOut": 34400000, "weightedAverageShsOutDil": 36200000, "link": "https://www.sec.gov/Archives/edgar/data/1524358/000119312513070988/0001193125-13-070988-index.htm", "finalLink": "https://www.sec.gov/Archives/edgar/data/1524358/000119312513070988/d439106d10k.htm", "calculatedOtherExpenses": 45000000, "calculatedOperatingExpenses": 461000000, "calculatedNetInterest": -58000000, "calculatedOtherIncome": 0, "calculatedIncomeNonControlling": 0, "calculatedEbitda": 125000000}, {"date": "2011-12-30", "symbol": "VAC", "reportedCurrency": "USD", "cik": "0001524358", "fillingDate": "2012-03-21", "acceptedDate": "2012-03-21 14:05:02", "calendarYear": "2011", "period": "FY", "revenue": 1613000000, "costOfRevenue": 1039000000, "grossProfit": 574000000, "grossProfitRatio": 0.3558586485, "researchAndDevelopmentExpenses": 0, "generalAndAdministrativeExpenses": 81000000, "sellingAndMarketingExpenses": 342000000, "sellingGeneralAndAdministrativeExpenses": 423000000, "otherExpenses": 0, "operatingExpenses": 423000000, "costAndExpenses": 1462000000, "interestIncome": 0, "interestExpense": 47000000, "depreciationAndAmortization": 33000000, "ebitda": 184000000, "ebitdaratio": 0.1140731556, "operatingIncome": -167000000, "operatingIncomeRatio": -0.103533788, "totalOtherIncomeExpensesNet": -318000000, "incomeBeforeTax": -214000000, "incomeBeforeTaxRatio": -0.1326720397, "incomeTaxExpense": -36000000, "netIncome": -178000000, "netIncomeRatio": -0.1103533788, "eps": -5.28, "epsdiluted": -5.28, "weightedAverageShsOut": 33700000, "weightedAverageShsOutDil": 33700000, "link": "https://www.sec.gov/Archives/edgar/data/1524358/000119312512125188/0001193125-12-125188-index.htm", "finalLink": "https://www.sec.gov/Archives/edgar/data/1524358/000119312512125188/d268132d10k.htm", "calculatedOtherExpenses": 318000000, "calculatedOperatingExpenses": 741000000, "calculatedNetInterest": -47000000, "calculatedOtherIncome": 0, "calculatedIncomeNonControlling": 0, "calculatedEbitda": -134000000}, {"date": "2010-12-31", "symbol": "VAC", "reportedCurrency": "USD", "cik": "0001524358", "fillingDate": "2010-12-31", "acceptedDate": "2010-12-31 00:00:00", "calendarYear": "2010", "period": "FY", "revenue": 1584000000, "costOfRevenue": 999000000, "grossProfit": 585000000, "grossProfitRatio": 0.3693181818, "researchAndDevelopmentExpenses": 0, "generalAndAdministrativeExpenses": 82000000, "sellingAndMarketingExpenses": 344000000, "sellingGeneralAndAdministrativeExpenses": 426000000, "otherExpenses": 15000000, "operatingExpenses": 441000000, "costAndExpenses": 1440000000, "interestIncome": 0, "interestExpense": 56000000, "depreciationAndAmortization": 35000000, "ebitda": 182000000, "ebitdaratio": 0.1148989899, "operatingIncome": 168000000, "operatingIncomeRatio": 0.1060606061, "totalOtherIncomeExpensesNet": 13000000, "incomeBeforeTax": 112000000, "incomeBeforeTaxRatio": 0.0707070707, "incomeTaxExpense": 45000000, "netIncome": 67000000, "netIncomeRatio": 0.0422979798, "eps": 1.99, "epsdiluted": 1.99, "weightedAverageShsOut": 33632000, "weightedAverageShsOutDil": 33632000, "link": null, "finalLink": null, "calculatedOtherExpenses": -9000000, "calculatedOperatingExpenses": 417000000, "calculatedNetInterest": -56000000, "calculatedOtherIncome": 0, "calculatedIncomeNonControlling": 0, "calculatedEbitda": 203000000}, {"date": "2009-12-31", "symbol": "VAC", "reportedCurrency": "USD", "cik": "0001524358", "fillingDate": "2009-12-31", "acceptedDate": "2009-12-31 00:00:00", "calendarYear": "2009", "period": "FY", "revenue": 1596000000, "costOfRevenue": 1043000000, "grossProfit": 553000000, "grossProfitRatio": 0.3464912281, "researchAndDevelopmentExpenses": 0, "generalAndAdministrativeExpenses": 88000000, "sellingAndMarketingExpenses": 413000000, "sellingGeneralAndAdministrativeExpenses": 501000000, "otherExpenses": 623000000, "operatingExpenses": 1124000000, "costAndExpenses": 2167000000, "interestIncome": 0, "interestExpense": 0, "depreciationAndAmortization": 42000000, "ebitda": -679000000, "ebitdaratio": -0.4254385965, "operatingIncome": -752000000, "operatingIncomeRatio": -0.4711779449, "totalOtherIncomeExpensesNet": -54000000, "incomeBeforeTax": -763000000, "incomeBeforeTaxRatio": -0.4780701754, "incomeTaxExpense": -231000000, "netIncome": -521000000, "netIncomeRatio": -0.3264411028, "eps": -15.49, "epsdiluted": -15.49, "weightedAverageShsOut": 33632000, "weightedAverageShsOutDil": 33632000, "link": null, "finalLink": null, "calculatedOtherExpenses": 804000000, "calculatedOperatingExpenses": 1305000000, "calculatedNetInterest": 0, "calculatedOtherIncome": -11000000, "calculatedIncomeNonControlling": -11000000, "calculatedEbitda": -710000000}]}