{"originalCurrency": "USD", "convertedCurrency": "USD", "report": [{"date": "2023-12-31", "symbol": "VAL", "reportedCurrency": "USD", "cik": "0000314808", "fillingDate": "2024-02-22", "acceptedDate": "2024-02-22 16:51:58", "calendarYear": "2023", "period": "FY", "revenue": 1784200000, "costOfRevenue": 1644700000, "grossProfit": 139500000, "grossProfitRatio": 0.078186302, "researchAndDevelopmentExpenses": 0, "generalAndAdministrativeExpenses": 99300000, "sellingAndMarketingExpenses": 0, "sellingGeneralAndAdministrativeExpenses": 99300000, "otherExpenses": -1800000, "operatingExpenses": 99300000, "costAndExpenses": 1744000000, "interestIncome": 101400000, "interestExpense": 68900000, "depreciationAndAmortization": 101100000, "ebitda": 254200000, "ebitdaratio": 0.1424728169, "operatingIncome": 53500000, "operatingIncomeRatio": 0.0299854276, "totalOtherIncomeExpensesNet": 11500000, "incomeBeforeTax": 84200000, "incomeBeforeTaxRatio": 0.0471920188, "incomeTaxExpense": -782600000, "netIncome": 865400000, "netIncomeRatio": 0.4850353099, "eps": 11.68, "epsdiluted": 11.51, "weightedAverageShsOut": 74100000, "weightedAverageShsOutDil": 75200000, "link": "https://www.sec.gov/Archives/edgar/data/314808/000031480824000014/0000314808-24-000014-index.htm", "finalLink": "https://www.sec.gov/Archives/edgar/data/314808/000031480824000014/val-20231231.htm", "calculatedOtherExpenses": -13300000, "calculatedOperatingExpenses": 86000000, "calculatedNetInterest": 32500000, "calculatedOtherIncome": -1800000, "calculatedIncomeNonControlling": 1400000, "calculatedEbitda": 154600000}, {"date": "2022-12-31", "symbol": "VAL", "reportedCurrency": "USD", "cik": "0000314808", "fillingDate": "2023-02-21", "acceptedDate": "2023-02-21 17:13:53", "calendarYear": "2022", "period": "FY", "revenue": 1602500000, "costOfRevenue": 1474400000, "grossProfit": 128100000, "grossProfitRatio": 0.0799375975, "researchAndDevelopmentExpenses": 0, "generalAndAdministrativeExpenses": 80900000, "sellingAndMarketingExpenses": 0, "sellingGeneralAndAdministrativeExpenses": 80900000, "otherExpenses": 169900000, "operatingExpenses": 80900000, "costAndExpenses": 1555300000, "interestIncome": 65500000, "interestExpense": 45300000, "depreciationAndAmortization": 82200000, "ebitda": 389300000, "ebitdaratio": 0.2429329173, "operatingIncome": 307100000, "operatingIncomeRatio": 0.1916380655, "totalOtherIncomeExpensesNet": -82200000, "incomeBeforeTax": 224900000, "incomeBeforeTaxRatio": 0.1403432137, "incomeTaxExpense": 43100000, "netIncome": 176500000, "netIncomeRatio": 0.1101404056, "eps": 2.35, "epsdiluted": 2.33, "weightedAverageShsOut": 75100000, "weightedAverageShsOutDil": 75600000, "link": "https://www.sec.gov/Archives/edgar/data/314808/000031480823000018/0000314808-23-000018-index.htm", "finalLink": "https://www.sec.gov/Archives/edgar/data/314808/000031480823000018/val-20221231.htm", "calculatedOtherExpenses": -259900000, "calculatedOperatingExpenses": -179000000, "calculatedNetInterest": 20200000, "calculatedOtherIncome": -102400000, "calculatedIncomeNonControlling": 5300000, "calculatedEbitda": 389300000}, {"date": "2021-12-31", "symbol": "VAL", "reportedCurrency": "USD", "cik": "0000314808", "fillingDate": "2022-02-22", "acceptedDate": "2022-02-22 09:49:37", "calendarYear": "2021", "period": "FY", "revenue": 1232000000, "costOfRevenue": 1298000000, "grossProfit": -66000000, "grossProfitRatio": -0.0535714286, "researchAndDevelopmentExpenses": 0, "generalAndAdministrativeExpenses": 88000000, "sellingAndMarketingExpenses": 0, "sellingGeneralAndAdministrativeExpenses": 88000000, "otherExpenses": -3538000000, "operatingExpenses": 88000000, "costAndExpenses": 1386000000, "interestIncome": 19700000, "interestExpense": -290600000, "depreciationAndAmortization": 1505000000, "ebitda": 603000000, "ebitdaratio": 0.4894480519, "operatingIncome": -902000000, "operatingIncomeRatio": -0.7321428571, "totalOtherIncomeExpensesNet": -3538000000, "incomeBeforeTax": -4440000000, "incomeBeforeTaxRatio": -3.6038961039, "incomeTaxExpense": 53000000, "netIncome": -4493000000, "netIncomeRatio": -3.6469155844, "eps": -59.91, "epsdiluted": -59.91, "weightedAverageShsOut": 75000000, "weightedAverageShsOutDil": 75000000, "link": "https://www.sec.gov/Archives/edgar/data/314808/000031480822000011/0000314808-22-000011-index.htm", "finalLink": "https://www.sec.gov/Archives/edgar/data/314808/000031480822000011/val-20211231.htm", "calculatedOtherExpenses": 748000000, "calculatedOperatingExpenses": 836000000, "calculatedNetInterest": 310300000, "calculatedOtherIncome": -3848300000, "calculatedIncomeNonControlling": 0, "calculatedEbitda": 603000000}, {"date": "2020-12-31", "symbol": "VAL", "reportedCurrency": "USD", "cik": "0000314808", "fillingDate": "2021-03-02", "acceptedDate": "2021-03-02 07:25:55", "calendarYear": "2020", "period": "FY", "revenue": 1427200000, "costOfRevenue": 2011200000, "grossProfit": -584000000, "grossProfitRatio": -0.4091928251, "researchAndDevelopmentExpenses": 0, "generalAndAdministrativeExpenses": 214600000, "sellingAndMarketingExpenses": 0, "sellingGeneralAndAdministrativeExpenses": 214600000, "otherExpenses": -118100000, "operatingExpenses": 96500000, "costAndExpenses": 2107700000, "interestIncome": 19700000, "interestExpense": 290600000, "depreciationAndAmortization": 4228900000, "ebitda": -105600000, "ebitdaratio": -0.0739910314, "operatingIncome": -4334500000, "operatingIncomeRatio": -3.037065583, "totalOtherIncomeExpensesNet": -782500000, "incomeBeforeTax": -5117000000, "incomeBeforeTaxRatio": -3.5853419283, "incomeTaxExpense": -259400000, "netIncome": -4857600000, "netIncomeRatio": -3.4035874439, "eps": -24.42, "epsdiluted": -24.42, "weightedAverageShsOut": 198900000, "weightedAverageShsOutDil": 198900000, "link": "https://www.sec.gov/Archives/edgar/data/314808/000031480821000007/0000314808-21-000007-index.htm", "finalLink": "https://www.sec.gov/Archives/edgar/data/314808/000031480821000007/val-20201231.htm", "calculatedOtherExpenses": 3535900000, "calculatedOperatingExpenses": 3750500000, "calculatedNetInterest": -270900000, "calculatedOtherIncome": -511600000, "calculatedIncomeNonControlling": 0, "calculatedEbitda": -105600000}, {"date": "2019-12-31", "symbol": "VAL", "reportedCurrency": "USD", "cik": "0000314808", "fillingDate": "2020-02-21", "acceptedDate": "2020-02-21 09:10:10", "calendarYear": "2019", "period": "FY", "revenue": 2053200000, "costOfRevenue": 2417500000, "grossProfit": -364300000, "grossProfitRatio": -0.1774303526, "researchAndDevelopmentExpenses": 0, "generalAndAdministrativeExpenses": 188900000, "sellingAndMarketingExpenses": 0, "sellingGeneralAndAdministrativeExpenses": 188900000, "otherExpenses": 1006200000, "operatingExpenses": 188900000, "costAndExpenses": 2606400000, "interestIncome": 28100000, "interestExpense": 428300000, "depreciationAndAmortization": 592900000, "ebitda": 1061400000, "ebitdaratio": 0.5169491525, "operatingIncome": 468500000, "operatingIncomeRatio": 0.2281804013, "totalOtherIncomeExpensesNet": -532300000, "incomeBeforeTax": -63800000, "incomeBeforeTaxRatio": -0.0310734463, "incomeTaxExpense": 128400000, "netIncome": -192200000, "netIncomeRatio": -0.0936099747, "eps": -1.11, "epsdiluted": -1.11, "weightedAverageShsOut": 173400000, "weightedAverageShsOutDil": 173400000, "link": "https://www.sec.gov/Archives/edgar/data/314808/000031480820000015/0000314808-20-000015-index.htm", "finalLink": "https://www.sec.gov/Archives/edgar/data/314808/000031480820000015/val-20191231x10k.htm", "calculatedOtherExpenses": -1021700000, "calculatedOperatingExpenses": -832800000, "calculatedNetInterest": -400200000, "calculatedOtherIncome": -132100000, "calculatedIncomeNonControlling": 0, "calculatedEbitda": 1061400000}, {"date": "2018-12-31", "symbol": "VAL", "reportedCurrency": "USD", "cik": "0000314808", "fillingDate": "2019-02-28", "acceptedDate": "2019-02-28 09:17:01", "calendarYear": "2018", "period": "FY", "revenue": 1705400000, "costOfRevenue": 1799500000, "grossProfit": -94100000, "grossProfitRatio": -0.0551776709, "researchAndDevelopmentExpenses": 0, "generalAndAdministrativeExpenses": 102700000, "sellingAndMarketingExpenses": 0, "sellingGeneralAndAdministrativeExpenses": 102700000, "otherExpenses": 0, "operatingExpenses": 102700000, "costAndExpenses": 1902200000, "interestIncome": 14500000, "interestExpense": 282700000, "depreciationAndAmortization": 479700000, "ebitda": 282900000, "ebitdaratio": 0.1658848364, "operatingIncome": -196800000, "operatingIncomeRatio": -0.1153981471, "totalOtherIncomeExpensesNet": -342100000, "incomeBeforeTax": -538900000, "incomeBeforeTaxRatio": -0.3159962472, "incomeTaxExpense": 89600000, "netIncome": -641200000, "netIncomeRatio": -0.3759821743, "eps": -1.48, "epsdiluted": -1.48, "weightedAverageShsOut": 434100000, "weightedAverageShsOutDil": 434100000, "link": "https://www.sec.gov/Archives/edgar/data/314808/000031480819000021/0000314808-19-000021-index.htm", "finalLink": "https://www.sec.gov/Archives/edgar/data/314808/000031480819000021/esv-20181231x10k.htm", "calculatedOtherExpenses": 0, "calculatedOperatingExpenses": 102700000, "calculatedNetInterest": -268200000, "calculatedOtherIncome": -73900000, "calculatedIncomeNonControlling": 12700000, "calculatedEbitda": 282900000}, {"date": "2017-12-31", "symbol": "VAL", "reportedCurrency": "USD", "cik": "0000314808", "fillingDate": "2018-02-27", "acceptedDate": "2018-02-27 10:15:15", "calendarYear": "2017", "period": "FY", "revenue": 1843000000, "costOfRevenue": 1634100000, "grossProfit": 208900000, "grossProfitRatio": 0.1133478025, "researchAndDevelopmentExpenses": 0, "generalAndAdministrativeExpenses": 106200000, "sellingAndMarketingExpenses": 32200000, "sellingGeneralAndAdministrativeExpenses": 138400000, "otherExpenses": 0, "operatingExpenses": 138400000, "costAndExpenses": 1772500000, "interestIncome": 25800000, "interestExpense": 224200000, "depreciationAndAmortization": 445700000, "ebitda": 516200000, "ebitdaratio": 0.280086815, "operatingIncome": 70500000, "operatingIncomeRatio": 0.0382528486, "totalOtherIncomeExpensesNet": -266500000, "incomeBeforeTax": -196000000, "incomeBeforeTaxRatio": -0.1063483451, "incomeTaxExpense": 109200000, "netIncome": -304500000, "netIncomeRatio": -0.1652197504, "eps": -0.92, "epsdiluted": -0.92, "weightedAverageShsOut": 332500000, "weightedAverageShsOutDil": 332500000, "link": "https://www.sec.gov/Archives/edgar/data/314808/000031480818000019/0000314808-18-000019-index.htm", "finalLink": "https://www.sec.gov/Archives/edgar/data/314808/000031480818000019/esv-20171231x10k.htm", "calculatedOtherExpenses": 0, "calculatedOperatingExpenses": 138400000, "calculatedNetInterest": -198400000, "calculatedOtherIncome": -68100000, "calculatedIncomeNonControlling": -700000, "calculatedEbitda": 516200000}, {"date": "2016-12-31", "symbol": "VAL", "reportedCurrency": "USD", "cik": "0000314808", "fillingDate": "2017-02-28", "acceptedDate": "2017-02-28 10:47:18", "calendarYear": "2016", "period": "FY", "revenue": 2776400000, "costOfRevenue": 1734100000, "grossProfit": 1042300000, "grossProfitRatio": 0.3754142054, "researchAndDevelopmentExpenses": 0, "generalAndAdministrativeExpenses": 100800000, "sellingAndMarketingExpenses": 0, "sellingGeneralAndAdministrativeExpenses": 100800000, "otherExpenses": 0, "operatingExpenses": 100800000, "costAndExpenses": 1834900000, "interestIncome": 13800000, "interestExpense": 228800000, "depreciationAndAmortization": 446200000, "ebitda": 1387700000, "ebitdaratio": 0.4998199107, "operatingIncome": 941500000, "operatingIncomeRatio": 0.3391081977, "totalOtherIncomeExpensesNet": 56000000, "incomeBeforeTax": 997500000, "incomeBeforeTaxRatio": 0.359278202, "incomeTaxExpense": 108500000, "netIncome": 872500000, "netIncomeRatio": 0.3142558709, "eps": 3.13, "epsdiluted": 3.13, "weightedAverageShsOut": 279100000, "weightedAverageShsOutDil": 279100000, "link": "https://www.sec.gov/Archives/edgar/data/314808/000031480817000012/0000314808-17-000012-index.htm", "finalLink": "https://www.sec.gov/Archives/edgar/data/314808/000031480817000012/esv-20161231x10k.htm", "calculatedOtherExpenses": 0, "calculatedOperatingExpenses": 100800000, "calculatedNetInterest": -215000000, "calculatedOtherIncome": 271000000, "calculatedIncomeNonControlling": 16500000, "calculatedEbitda": 1387700000}, {"date": "2015-12-31", "symbol": "VAL", "reportedCurrency": "USD", "cik": "0000314808", "fillingDate": "2016-02-25", "acceptedDate": "2016-02-24 21:06:15", "calendarYear": "2015", "period": "FY", "revenue": 4063400000, "costOfRevenue": 2420500000, "grossProfit": 1642900000, "grossProfitRatio": 0.4043165822, "researchAndDevelopmentExpenses": 0, "generalAndAdministrativeExpenses": 118400000, "sellingAndMarketingExpenses": 0, "sellingGeneralAndAdministrativeExpenses": 118400000, "otherExpenses": 0, "operatingExpenses": 118400000, "costAndExpenses": 2538900000, "interestIncome": 9900000, "interestExpense": 216300000, "depreciationAndAmortization": 573400000, "ebitda": 2097900000, "ebitdaratio": 0.5162917754, "operatingIncome": 1524500000, "operatingIncomeRatio": 0.375178422, "totalOtherIncomeExpensesNet": -2995700000, "incomeBeforeTax": -1471200000, "incomeBeforeTaxRatio": -0.362061328, "incomeTaxExpense": -13900000, "netIncome": -1601100000, "netIncomeRatio": -0.3940296304, "eps": -6.9, "epsdiluted": -6.9, "weightedAverageShsOut": 232200000, "weightedAverageShsOutDil": 232200000, "link": "https://www.sec.gov/Archives/edgar/data/314808/000031480816000258/0000314808-16-000258-index.htm", "finalLink": "https://www.sec.gov/Archives/edgar/data/314808/000031480816000258/esv-20151231x10k.htm", "calculatedOtherExpenses": 0, "calculatedOperatingExpenses": 118400000, "calculatedNetInterest": -206400000, "calculatedOtherIncome": -2789300000, "calculatedIncomeNonControlling": 143800000, "calculatedEbitda": 2097900000}, {"date": "2014-12-31", "symbol": "VAL", "reportedCurrency": "USD", "cik": "0000314808", "fillingDate": "2015-03-02", "acceptedDate": "2015-03-02 13:05:02", "calendarYear": "2014", "period": "FY", "revenue": 4564500000, "costOfRevenue": 2076900000, "grossProfit": 2487600000, "grossProfitRatio": 0.5449884982, "researchAndDevelopmentExpenses": 0, "generalAndAdministrativeExpenses": 131900000, "sellingAndMarketingExpenses": 0, "sellingGeneralAndAdministrativeExpenses": 131900000, "otherExpenses": 0, "operatingExpenses": 4888000000, "costAndExpenses": 6964900000, "interestIncome": 13000000, "interestExpense": 161400000, "depreciationAndAmortization": 530000000, "ebitda": 2347800000, "ebitdaratio": 0.5143608281, "operatingIncome": 1817800000, "operatingIncomeRatio": 0.3982473436, "totalOtherIncomeExpensesNet": -4366600000, "incomeBeforeTax": -2548800000, "incomeBeforeTaxRatio": -0.5583963194, "incomeTaxExpense": 140500000, "netIncome": -2711300000, "netIncomeRatio": -0.5939971519, "eps": -46.83, "epsdiluted": -46.83, "weightedAverageShsOut": 57900000, "weightedAverageShsOutDil": 57900000, "link": "https://www.sec.gov/Archives/edgar/data/314808/000031480815000018/0000314808-15-000018-index.htm", "finalLink": "https://www.sec.gov/Archives/edgar/data/314808/000031480815000018/esv-20141231x10k.htm", "calculatedOtherExpenses": 537900000, "calculatedOperatingExpenses": 669800000, "calculatedNetInterest": -148400000, "calculatedOtherIncome": -4218200000, "calculatedIncomeNonControlling": 22000000, "calculatedEbitda": 2347800000}, {"date": "2013-12-31", "symbol": "VAL", "reportedCurrency": "USD", "cik": "0000314808", "fillingDate": "2014-02-26", "acceptedDate": "2014-02-26 17:27:54", "calendarYear": "2013", "period": "FY", "revenue": 4323400000, "costOfRevenue": 1947100000, "grossProfit": 2376300000, "grossProfitRatio": 0.5496368599, "researchAndDevelopmentExpenses": 0, "generalAndAdministrativeExpenses": 146800000, "sellingAndMarketingExpenses": 0, "sellingGeneralAndAdministrativeExpenses": 146800000, "otherExpenses": 0, "operatingExpenses": 600900000, "costAndExpenses": 2548000000, "interestIncome": 16600000, "interestExpense": 158800000, "depreciationAndAmortization": 467800000, "ebitda": 2201100000, "ebitdaratio": 0.5091131979, "operatingIncome": 1733300000, "operatingIncomeRatio": 0.4009113198, "totalOtherIncomeExpensesNet": -100100000, "incomeBeforeTax": 1633200000, "incomeBeforeTaxRatio": 0.3777582458, "incomeTaxExpense": 203100000, "netIncome": 1405300000, "netIncomeRatio": 0.3250451034, "eps": 24.32, "epsdiluted": 24.32, "weightedAverageShsOut": 57783717, "weightedAverageShsOutDil": 57775000, "link": "https://www.sec.gov/Archives/edgar/data/314808/000031480814000026/0000314808-14-000026-index.htm", "finalLink": "https://www.sec.gov/Archives/edgar/data/314808/000031480814000026/esv-20131231x10k.htm", "calculatedOtherExpenses": 496200000, "calculatedOperatingExpenses": 643000000, "calculatedNetInterest": -142200000, "calculatedOtherIncome": 42100000, "calculatedIncomeNonControlling": 24800000, "calculatedEbitda": 2201100000}, {"date": "2012-12-31", "symbol": "VAL", "reportedCurrency": "USD", "cik": "0000314808", "fillingDate": "2013-02-22", "acceptedDate": "2013-02-21 18:32:46", "calendarYear": "2012", "period": "FY", "revenue": 3638800000, "costOfRevenue": 1642800000, "grossProfit": 1996000000, "grossProfitRatio": 0.5485324832, "researchAndDevelopmentExpenses": 0, "generalAndAdministrativeExpenses": 148900000, "sellingAndMarketingExpenses": 0, "sellingGeneralAndAdministrativeExpenses": 148900000, "otherExpenses": 0, "operatingExpenses": 590500000, "costAndExpenses": 2233300000, "interestIncome": 22800000, "interestExpense": 123600000, "depreciationAndAmortization": 410200000, "ebitda": 1813500000, "ebitdaratio": 0.4983785863, "operatingIncome": 1403300000, "operatingIncomeRatio": 0.3856491151, "totalOtherIncomeExpensesNet": -98600000, "incomeBeforeTax": 1304700000, "incomeBeforeTaxRatio": 0.35855227, "incomeTaxExpense": 228600000, "netIncome": 1056800000, "netIncomeRatio": 0.290425415, "eps": 18.43, "epsdiluted": 18.4, "weightedAverageShsOut": 57350001, "weightedAverageShsOutDil": 57425000, "link": "https://www.sec.gov/Archives/edgar/data/314808/000031480813000019/0000314808-13-000019-index.htm", "finalLink": "https://www.sec.gov/Archives/edgar/data/314808/000031480813000019/esv-20121231x10k.htm", "calculatedOtherExpenses": 443800000, "calculatedOperatingExpenses": 592700000, "calculatedNetInterest": -100800000, "calculatedOtherIncome": 2200000, "calculatedIncomeNonControlling": 19300000, "calculatedEbitda": 1813500000}, {"date": "2011-12-31", "symbol": "VAL", "reportedCurrency": "USD", "cik": "0000314808", "fillingDate": "2012-02-24", "acceptedDate": "2012-02-24 12:33:19", "calendarYear": "2011", "period": "FY", "revenue": 2842700000, "costOfRevenue": 1470900000, "grossProfit": 1371800000, "grossProfitRatio": 0.4825693883, "researchAndDevelopmentExpenses": 0, "generalAndAdministrativeExpenses": 158600000, "sellingAndMarketingExpenses": 0, "sellingGeneralAndAdministrativeExpenses": 158600000, "otherExpenses": 418900000, "operatingExpenses": 577500000, "costAndExpenses": 2048400000, "interestIncome": 17200000, "interestExpense": 95900000, "depreciationAndAmortization": 418900000, "ebitda": 1246200000, "ebitdaratio": 0.4383860414, "operatingIncome": 794300000, "operatingIncomeRatio": 0.2794174552, "totalOtherIncomeExpensesNet": -57700000, "incomeBeforeTax": 736600000, "incomeBeforeTaxRatio": 0.2591198508, "incomeTaxExpense": 131000000, "netIncome": 600400000, "netIncomeRatio": 0.2112076547, "eps": 12.46, "epsdiluted": 12.46, "weightedAverageShsOut": 48200000, "weightedAverageShsOutDil": 48200000, "link": "https://www.sec.gov/Archives/edgar/data/314808/000031480812000020/0000314808-12-000020-index.htm", "finalLink": "https://www.sec.gov/Archives/edgar/data/314808/000031480812000020/form10k2011.htm", "calculatedOtherExpenses": 418900000, "calculatedOperatingExpenses": 577500000, "calculatedNetInterest": -78700000, "calculatedOtherIncome": 21000000, "calculatedIncomeNonControlling": 5200000, "calculatedEbitda": 1213200000}, {"date": "2010-12-31", "symbol": "VAL", "reportedCurrency": "USD", "cik": "0000314808", "fillingDate": "2011-02-24", "acceptedDate": "2011-02-24 13:33:43", "calendarYear": "2010", "period": "FY", "revenue": 1696800000, "costOfRevenue": 768100000, "grossProfit": 928700000, "grossProfitRatio": 0.5473243753, "researchAndDevelopmentExpenses": 0, "generalAndAdministrativeExpenses": 86100000, "sellingAndMarketingExpenses": 0, "sellingGeneralAndAdministrativeExpenses": 86100000, "otherExpenses": 216300000, "operatingExpenses": 302400000, "costAndExpenses": 1070500000, "interestIncome": 0, "interestExpense": 700000, "depreciationAndAmortization": 216300000, "ebitda": 892500000, "ebitdaratio": 0.525990099, "operatingIncome": 626300000, "operatingIncomeRatio": 0.3691065535, "totalOtherIncomeExpensesNet": 18200000, "incomeBeforeTax": 644500000, "incomeBeforeTaxRatio": 0.3798326261, "incomeTaxExpense": 96000000, "netIncome": 579500000, "netIncomeRatio": 0.341525224, "eps": 16.42, "epsdiluted": 16.42, "weightedAverageShsOut": 35300000, "weightedAverageShsOutDil": 35300000, "link": "https://www.sec.gov/Archives/edgar/data/314808/000031480811000016/0000314808-11-000016-index.htm", "finalLink": "https://www.sec.gov/Archives/edgar/data/314808/000031480811000016/form10k2010.htm", "calculatedOtherExpenses": 216300000, "calculatedOperatingExpenses": 302400000, "calculatedNetInterest": -700000, "calculatedOtherIncome": 18900000, "calculatedIncomeNonControlling": -31000000, "calculatedEbitda": 842600000}, {"date": "2009-12-31", "symbol": "VAL", "reportedCurrency": "USD", "cik": "0000314808", "fillingDate": "2010-02-25", "acceptedDate": "2010-02-25 14:41:09", "calendarYear": "2009", "period": "FY", "revenue": 1945900000, "costOfRevenue": 725500000, "grossProfit": 1220400000, "grossProfitRatio": 0.6271648081, "researchAndDevelopmentExpenses": 0, "generalAndAdministrativeExpenses": 64000000, "sellingAndMarketingExpenses": 0, "sellingGeneralAndAdministrativeExpenses": 64000000, "otherExpenses": 205900000, "operatingExpenses": 269900000, "costAndExpenses": 995400000, "interestIncome": 0, "interestExpense": 2200000, "depreciationAndAmortization": 205900000, "ebitda": 1145500000, "ebitdaratio": 0.5886736215, "operatingIncome": 950500000, "operatingIncomeRatio": 0.488462922, "totalOtherIncomeExpensesNet": 8800000, "incomeBeforeTax": 959300000, "incomeBeforeTaxRatio": 0.492985251, "incomeTaxExpense": 158000000, "netIncome": 779400000, "netIncomeRatio": 0.4005344571, "eps": 22.21, "epsdiluted": 22.21, "weightedAverageShsOut": 35100000, "weightedAverageShsOutDil": 35100000, "link": "https://www.sec.gov/Archives/edgar/data/314808/000031480810000019/0000314808-10-000019-index.htm", "finalLink": "https://www.sec.gov/Archives/edgar/data/314808/000031480810000019/form10k2009.htm", "calculatedOtherExpenses": 205900000, "calculatedOperatingExpenses": 269900000, "calculatedNetInterest": -2200000, "calculatedOtherIncome": 11000000, "calculatedIncomeNonControlling": 21900000, "calculatedEbitda": 1156400000}, {"date": "2008-12-31", "symbol": "VAL", "reportedCurrency": "USD", "cik": "0000314808", "fillingDate": "2009-02-26", "acceptedDate": "2009-02-26 16:02:09", "calendarYear": "2008", "period": "FY", "revenue": 2450400000, "costOfRevenue": 800500000, "grossProfit": 1649900000, "grossProfitRatio": 0.6733186419, "researchAndDevelopmentExpenses": 0, "generalAndAdministrativeExpenses": 53800000, "sellingAndMarketingExpenses": 0, "sellingGeneralAndAdministrativeExpenses": 53800000, "otherExpenses": 189499999, "operatingExpenses": 243299999, "costAndExpenses": 1043800000, "interestIncome": 0, "interestExpense": 14000000, "depreciationAndAmortization": 189500000, "ebitda": 1594300000, "ebitdaratio": 0.6506284688, "operatingIncome": 1406600000, "operatingIncomeRatio": 0.57402873, "totalOtherIncomeExpensesNet": -4200000, "incomeBeforeTax": 1402400000, "incomeBeforeTaxRatio": 0.5723147241, "incomeTaxExpense": 240000000, "netIncome": 1150800000, "netIncomeRatio": 0.4696376102, "eps": 32.42, "epsdiluted": 32.42, "weightedAverageShsOut": 35500000, "weightedAverageShsOutDil": 35500000, "link": "https://www.sec.gov/Archives/edgar/data/314808/000031480809000015/0000314808-09-000015-index.htm", "finalLink": "https://www.sec.gov/Archives/edgar/data/314808/000031480809000015/form10k2008.htm", "calculatedOtherExpenses": 189500000, "calculatedOperatingExpenses": 243300000, "calculatedNetInterest": -14000000, "calculatedOtherIncome": 9800000, "calculatedIncomeNonControlling": 11600000, "calculatedEbitda": 1596100000}, {"date": "2007-12-31", "symbol": "VAL", "reportedCurrency": "USD", "cik": "0000314808", "fillingDate": "2008-02-26", "acceptedDate": "2008-02-26 11:31:22", "calendarYear": "2007", "period": "FY", "revenue": 2143800000, "costOfRevenue": 684100000, "grossProfit": 1459700000, "grossProfitRatio": 0.6808937401, "researchAndDevelopmentExpenses": 0, "generalAndAdministrativeExpenses": 59500000, "sellingAndMarketingExpenses": 0, "sellingGeneralAndAdministrativeExpenses": 59500000, "otherExpenses": 184299999, "operatingExpenses": 243799999, "costAndExpenses": 927900000, "interestIncome": 0, "interestExpense": 1000000, "depreciationAndAmortization": 184300000, "ebitda": 1438300000, "ebitdaratio": 0.6709114656, "operatingIncome": 1215900000, "operatingIncomeRatio": 0.567170445, "totalOtherIncomeExpensesNet": 37800000, "incomeBeforeTax": 1253700000, "incomeBeforeTaxRatio": 0.5848026868, "incomeTaxExpense": 261000000, "netIncome": 992000000, "netIncomeRatio": 0.4627297323, "eps": 26.96, "epsdiluted": 26.96, "weightedAverageShsOut": 36800000, "weightedAverageShsOutDil": 36800000, "link": "https://www.sec.gov/Archives/edgar/data/314808/000031480808000012/0000314808-08-000012-index.htm", "finalLink": "https://www.sec.gov/Archives/edgar/data/314808/000031480808000012/form10k2007.htm", "calculatedOtherExpenses": 184300000, "calculatedOperatingExpenses": 243800000, "calculatedNetInterest": -1000000, "calculatedOtherIncome": 38800000, "calculatedIncomeNonControlling": 700000, "calculatedEbitda": 1400200000}, {"date": "2006-12-31", "symbol": "VAL", "reportedCurrency": "USD", "cik": "0000314808", "fillingDate": "2007-02-22", "acceptedDate": "2007-02-22 11:24:30", "calendarYear": "2006", "period": "FY", "revenue": 1813500000, "costOfRevenue": 576700000, "grossProfit": 1236800000, "grossProfitRatio": 0.6819961401, "researchAndDevelopmentExpenses": 0, "generalAndAdministrativeExpenses": 44600000, "sellingAndMarketingExpenses": 0, "sellingGeneralAndAdministrativeExpenses": 44600000, "otherExpenses": 174999999, "operatingExpenses": 219599999, "costAndExpenses": 796299999, "interestIncome": 0, "interestExpense": 16000000, "depreciationAndAmortization": 175000000, "ebitda": 1196700000, "ebitdaratio": 0.6598842018, "operatingIncome": 1017200000, "operatingIncomeRatio": 0.5609043286, "totalOtherIncomeExpensesNet": -5900000, "incomeBeforeTax": 1011300000, "incomeBeforeTaxRatio": 0.5576509512, "incomeTaxExpense": 236000000, "netIncome": 769700000, "netIncomeRatio": 0.4244279018, "eps": 20.15, "epsdiluted": 20.15, "weightedAverageShsOut": 38200000, "weightedAverageShsOutDil": 38200000, "link": "https://www.sec.gov/Archives/edgar/data/314808/000031480807000012/0000314808-07-000012-index.htm", "finalLink": "https://www.sec.gov/Archives/edgar/data/314808/000031480807000012/form10k2006.htm", "calculatedOtherExpenses": 175000000, "calculatedOperatingExpenses": 219600000, "calculatedNetInterest": -16000000, "calculatedOtherIncome": 10100000, "calculatedIncomeNonControlling": 5600000, "calculatedEbitda": 1192200000}, {"date": "2005-12-31", "symbol": "VAL", "reportedCurrency": "USD", "cik": "0000314808", "fillingDate": "2006-02-23", "acceptedDate": "2006-02-23 17:21:12", "calendarYear": "2005", "period": "FY", "revenue": 1046900000, "costOfRevenue": 454400000, "grossProfit": 592500000, "grossProfitRatio": 0.5659566339, "researchAndDevelopmentExpenses": 0, "generalAndAdministrativeExpenses": 25800000, "sellingAndMarketingExpenses": 0, "sellingGeneralAndAdministrativeExpenses": 25800000, "otherExpenses": 154800000, "operatingExpenses": 180600000, "costAndExpenses": 635000000, "interestIncome": 0, "interestExpense": 28000000, "depreciationAndAmortization": 154800000, "ebitda": 582000000, "ebitdaratio": 0.5559270226, "operatingIncome": 411900000, "operatingIncomeRatio": 0.3934473207, "totalOtherIncomeExpensesNet": -20700000, "incomeBeforeTax": 391200000, "incomeBeforeTaxRatio": 0.3736746585, "incomeTaxExpense": 105000000, "netIncome": 294200000, "netIncomeRatio": 0.2810201547, "eps": 7.72, "epsdiluted": 7.72, "weightedAverageShsOut": 38100000, "weightedAverageShsOutDil": 38100000, "link": "https://www.sec.gov/Archives/edgar/data/314808/000031480806000013/0000314808-06-000013-index.htm", "finalLink": "https://www.sec.gov/Archives/edgar/data/314808/000031480806000013/form10k2005.htm", "calculatedOtherExpenses": 154800000, "calculatedOperatingExpenses": 180600000, "calculatedNetInterest": -28000000, "calculatedOtherIncome": 7300000, "calculatedIncomeNonControlling": -8000000, "calculatedEbitda": 566700000}, {"date": "2004-12-31", "symbol": "VAL", "reportedCurrency": "USD", "cik": "0000314808", "fillingDate": "2005-02-23", "acceptedDate": "2005-02-23 17:14:52", "calendarYear": "2004", "period": "FY", "revenue": 768000000, "costOfRevenue": 425500000, "grossProfit": 342500000, "grossProfitRatio": 0.4459635417, "researchAndDevelopmentExpenses": 0, "generalAndAdministrativeExpenses": 26300000, "sellingAndMarketingExpenses": 0, "sellingGeneralAndAdministrativeExpenses": 26300000, "otherExpenses": 144099999, "operatingExpenses": 170399999, "costAndExpenses": 595900000, "interestIncome": 0, "interestExpense": 36000000, "depreciationAndAmortization": 144100000, "ebitda": 294900000, "ebitdaratio": 0.383984375, "operatingIncome": 172100000, "operatingIncomeRatio": 0.2240885417, "totalOtherIncomeExpensesNet": -32600000, "incomeBeforeTax": 139500000, "incomeBeforeTaxRatio": 0.181640625, "incomeTaxExpense": 12000000, "netIncome": 102800000, "netIncomeRatio": 0.1338541667, "eps": 2.73, "epsdiluted": 2.73, "weightedAverageShsOut": 37700000, "weightedAverageShsOutDil": 37700000, "link": "https://www.sec.gov/Archives/edgar/data/314808/000031480805000010/0000314808-05-000010-index.htm", "finalLink": "https://www.sec.gov/Archives/edgar/data/314808/000031480805000010/form10k2004.htm", "calculatedOtherExpenses": 144100000, "calculatedOperatingExpenses": 170400000, "calculatedNetInterest": -36000000, "calculatedOtherIncome": 3400000, "calculatedIncomeNonControlling": 24700000, "calculatedEbitda": 316200000}, {"date": "2003-12-31", "symbol": "VAL", "reportedCurrency": "USD", "cik": "0000314808", "fillingDate": "2004-03-05", "acceptedDate": "2004-03-04 18:06:53", "calendarYear": "2003", "period": "FY", "revenue": 790800000, "costOfRevenue": 452900000, "grossProfit": 337900000, "grossProfitRatio": 0.4272888214, "researchAndDevelopmentExpenses": 0, "generalAndAdministrativeExpenses": 22000000, "sellingAndMarketingExpenses": 0, "sellingGeneralAndAdministrativeExpenses": 22000000, "otherExpenses": 135000000, "operatingExpenses": 157000000, "costAndExpenses": 609900000, "interestIncome": 0, "interestExpense": 36000000, "depreciationAndAmortization": 135000000, "ebitda": 293300000, "ebitdaratio": 0.3708902377, "operatingIncome": 180900000, "operatingIncomeRatio": 0.2287556904, "totalOtherIncomeExpensesNet": -31600000, "incomeBeforeTax": 149300000, "incomeBeforeTaxRatio": 0.1887961558, "incomeTaxExpense": 14000000, "netIncome": 108300000, "netIncomeRatio": 0.1369499241, "eps": 2.89, "epsdiluted": 2.89, "weightedAverageShsOut": 37500000, "weightedAverageShsOutDil": 37500000, "link": "https://www.sec.gov/Archives/edgar/data/314808/000031480804000017/0000314808-04-000017-index.htm", "finalLink": "https://www.sec.gov/Archives/edgar/data/314808/000031480804000017/form10k2003.htm", "calculatedOtherExpenses": 135000000, "calculatedOperatingExpenses": 157000000, "calculatedNetInterest": -36000000, "calculatedOtherIncome": 4400000, "calculatedIncomeNonControlling": 27000000, "calculatedEbitda": 315900000}, {"date": "2002-12-31", "symbol": "VAL", "reportedCurrency": "USD", "cik": "0000314808", "fillingDate": "2003-03-03", "acceptedDate": "2003-03-03 16:32:40", "calendarYear": "2002", "period": "FY", "revenue": 698100000, "costOfRevenue": 389700000, "grossProfit": 308400000, "grossProfitRatio": 0.44177052, "researchAndDevelopmentExpenses": 0, "generalAndAdministrativeExpenses": 18600000, "sellingAndMarketingExpenses": 0, "sellingGeneralAndAdministrativeExpenses": 18600000, "otherExpenses": 183700000, "operatingExpenses": 202300000, "costAndExpenses": 592000000, "interestIncome": 0, "interestExpense": 31000000, "depreciationAndAmortization": 123800000, "ebitda": 235100000, "ebitdaratio": 0.3367712362, "operatingIncome": 106100000, "operatingIncomeRatio": 0.1519839565, "totalOtherIncomeExpensesNet": -19000000, "incomeBeforeTax": 87100000, "incomeBeforeTaxRatio": 0.1247672253, "incomeTaxExpense": 21000000, "netIncome": 59300000, "netIncomeRatio": 0.0849448503, "eps": 1.68, "epsdiluted": 1.68, "weightedAverageShsOut": 35400000, "weightedAverageShsOutDil": 35400000, "link": "https://www.sec.gov/Archives/edgar/data/314808/000031480803000023/0000314808-03-000023-index.htm", "finalLink": "https://www.sec.gov/Archives/edgar/data/314808/000031480803000023/form10k2002.htm", "calculatedOtherExpenses": 183700000, "calculatedOperatingExpenses": 202300000, "calculatedNetInterest": -31000000, "calculatedOtherIncome": 12000000, "calculatedIncomeNonControlling": 6800000, "calculatedEbitda": 229900000}, {"date": "2001-12-31", "symbol": "VAL", "reportedCurrency": "USD", "cik": "0000314808", "fillingDate": "2002-03-01", "acceptedDate": "2002-03-01 00:00:00", "calendarYear": "2001", "period": "FY", "revenue": 817400000, "costOfRevenue": 358900000, "grossProfit": 458500000, "grossProfitRatio": 0.5609248838, "researchAndDevelopmentExpenses": 0, "generalAndAdministrativeExpenses": 16800000, "sellingAndMarketingExpenses": 0, "sellingGeneralAndAdministrativeExpenses": 16800000, "otherExpenses": 124400000, "operatingExpenses": 141200000, "costAndExpenses": 500100000, "interestIncome": 0, "interestExpense": 32000000, "depreciationAndAmortization": 124400000, "ebitda": 422700000, "ebitdaratio": 0.5171274774, "operatingIncome": 317300000, "operatingIncomeRatio": 0.3881820406, "totalOtherIncomeExpensesNet": -25400000, "incomeBeforeTax": 291900000, "incomeBeforeTaxRatio": 0.3571079031, "incomeTaxExpense": 59000000, "netIncome": 207300000, "netIncomeRatio": 0.2536090042, "eps": 6.01, "epsdiluted": 6.01, "weightedAverageShsOut": 34500000, "weightedAverageShsOutDil": 34500000, "link": "https://www.sec.gov/Archives/edgar/data/314808/000031480802000022/0000314808-02-000022-index.htm", "finalLink": "https://www.sec.gov/Archives/edgar/data/314808/000031480802000022/form10k2001.htm", "calculatedOtherExpenses": 124400000, "calculatedOperatingExpenses": 141200000, "calculatedNetInterest": -32000000, "calculatedOtherIncome": 6600000, "calculatedIncomeNonControlling": 25600000, "calculatedEbitda": 441700000}, {"date": "2000-12-31", "symbol": "VAL", "reportedCurrency": "USD", "cik": "0000314808", "fillingDate": "2001-03-02", "acceptedDate": "2001-03-02 00:00:00", "calendarYear": "2000", "period": "FY", "revenue": 533800000, "costOfRevenue": 290600000, "grossProfit": 243200000, "grossProfitRatio": 0.4556013488, "researchAndDevelopmentExpenses": 0, "generalAndAdministrativeExpenses": 13300000, "sellingAndMarketingExpenses": 0, "sellingGeneralAndAdministrativeExpenses": 13300000, "otherExpenses": 105700000, "operatingExpenses": 119000000, "costAndExpenses": 402600000, "interestIncome": 0, "interestExpense": -6300000, "depreciationAndAmortization": 98700000, "ebitda": 217600000, "ebitdaratio": 0.4076433121, "operatingIncome": 131200000, "operatingIncomeRatio": 0.2457849382, "totalOtherIncomeExpensesNet": -6000000, "incomeBeforeTax": 125200000, "incomeBeforeTaxRatio": 0.2345447733, "incomeTaxExpense": 39800000, "netIncome": 85400000, "netIncomeRatio": 0.1599850131, "eps": 2.45, "epsdiluted": 2.45, "weightedAverageShsOut": 34800000, "weightedAverageShsOutDil": 34800000, "link": "https://www.sec.gov/Archives/edgar/data/314808/000031480801000018/0000314808-01-000018-index.htm", "finalLink": "https://www.sec.gov/Archives/edgar/data/314808/000031480801000018/0000314808-01-000018-0001.htm", "calculatedOtherExpenses": 98700000, "calculatedOperatingExpenses": 112000000, "calculatedNetInterest": 6300000, "calculatedOtherIncome": -12300000, "calculatedIncomeNonControlling": 0, "calculatedEbitda": 229900000}, {"date": "1999-12-31", "symbol": "VAL", "reportedCurrency": "USD", "cik": "0000314808", "fillingDate": "2000-03-01", "acceptedDate": "2000-03-01 00:00:00", "calendarYear": "1999", "period": "FY", "revenue": 363700000, "costOfRevenue": 250800000, "grossProfit": 112900000, "grossProfitRatio": 0.3104206764, "researchAndDevelopmentExpenses": 0, "generalAndAdministrativeExpenses": 11200000, "sellingAndMarketingExpenses": 0, "sellingGeneralAndAdministrativeExpenses": 11200000, "otherExpenses": 108200000, "operatingExpenses": 119400000, "costAndExpenses": 360200000, "interestIncome": 700000, "interestExpense": -5600000, "depreciationAndAmortization": 98200000, "ebitda": 96400000, "ebitdaratio": 0.2650536156, "operatingIncome": 3500000, "operatingIncomeRatio": 0.0096233159, "totalOtherIncomeExpensesNet": 1700000, "incomeBeforeTax": 5200000, "incomeBeforeTaxRatio": 0.0142974979, "incomeTaxExpense": -2900000, "netIncome": 6700000, "netIncomeRatio": 0.0184217762, "eps": 0.19, "epsdiluted": 0.19, "weightedAverageShsOut": 34400000, "weightedAverageShsOutDil": 34400000, "link": "https://www.sec.gov/Archives/edgar/data/314808/000031480800000006/0000314808-00-000006-index.html", "finalLink": "https://www.sec.gov/Archives/edgar/data/314808/000031480800000006/0000314808-00-000006-d1.html", "calculatedOtherExpenses": 98200000, "calculatedOperatingExpenses": 109400000, "calculatedNetInterest": 6300000, "calculatedOtherIncome": -4600000, "calculatedIncomeNonControlling": 1400000, "calculatedEbitda": 101700000}, {"date": "1998-12-31", "symbol": "VAL", "reportedCurrency": "USD", "cik": "0000314808", "fillingDate": "1999-03-01", "acceptedDate": "1999-03-01 00:00:00", "calendarYear": "1998", "period": "FY", "revenue": 813200000, "costOfRevenue": 329100000, "grossProfit": 484100000, "grossProfitRatio": 0.5953025086, "researchAndDevelopmentExpenses": 0, "generalAndAdministrativeExpenses": 15400000, "sellingAndMarketingExpenses": 0, "sellingGeneralAndAdministrativeExpenses": 15400000, "otherExpenses": 93600000, "operatingExpenses": 109000000, "costAndExpenses": 428000000, "interestIncome": 0, "interestExpense": -11100000, "depreciationAndAmortization": 83500000, "ebitda": 450100000, "ebitdaratio": 0.5534923758, "operatingIncome": 385200000, "operatingIncomeRatio": 0.4736842105, "totalOtherIncomeExpensesNet": -2700000, "incomeBeforeTax": 382500000, "incomeBeforeTaxRatio": 0.4703639941, "incomeTaxExpense": 123800000, "netIncome": 253900000, "netIncomeRatio": 0.3122233153, "eps": 7.21, "epsdiluted": 7.21, "weightedAverageShsOut": 35200000, "weightedAverageShsOutDil": 35200000, "link": "https://www.sec.gov/Archives/edgar/data/314808/000031480899000003/0000314808-99-000003-index.html", "finalLink": "https://www.sec.gov/Archives/edgar/data/314808/", "calculatedOtherExpenses": 83500000, "calculatedOperatingExpenses": 98900000, "calculatedNetInterest": 11100000, "calculatedOtherIncome": -13800000, "calculatedIncomeNonControlling": 4800000, "calculatedEbitda": 468700000}, {"date": "1997-12-31", "symbol": "VAL", "reportedCurrency": "USD", "cik": "0000314808", "fillingDate": "1998-02-26", "acceptedDate": "1998-02-26 00:00:00", "calendarYear": "1997", "period": "FY", "revenue": 815100000, "costOfRevenue": 306700000, "grossProfit": 508400000, "grossProfitRatio": 0.62372715, "researchAndDevelopmentExpenses": 0, "generalAndAdministrativeExpenses": 14300000, "sellingAndMarketingExpenses": 0, "sellingGeneralAndAdministrativeExpenses": 14300000, "otherExpenses": 113400000, "operatingExpenses": 127700000, "costAndExpenses": 425800000, "interestIncome": 0, "interestExpense": -14000000, "depreciationAndAmortization": 104800000, "ebitda": 462500000, "ebitdaratio": 0.5674150411, "operatingIncome": 389300000, "operatingIncomeRatio": 0.4776101092, "totalOtherIncomeExpensesNet": -13500000, "incomeBeforeTax": 375800000, "incomeBeforeTaxRatio": 0.4610477242, "incomeTaxExpense": 137800000, "netIncome": 233900000, "netIncomeRatio": 0.2869586554, "eps": 6.55, "epsdiluted": 6.55, "weightedAverageShsOut": 35700000, "weightedAverageShsOutDil": 35700000, "link": "https://www.sec.gov/Archives/edgar/data/314808/000031480898000002/0000314808-98-000002-index.html", "finalLink": "https://www.sec.gov/Archives/edgar/data/314808/", "calculatedOtherExpenses": 104800000, "calculatedOperatingExpenses": 119100000, "calculatedNetInterest": 14000000, "calculatedOtherIncome": -27500000, "calculatedIncomeNonControlling": 4100000, "calculatedEbitda": 494100000}, {"date": "1996-12-31", "symbol": "VAL", "reportedCurrency": "USD", "cik": "0000314808", "fillingDate": "1997-02-21", "acceptedDate": "1997-02-21 00:00:00", "calendarYear": "1996", "period": "FY", "revenue": 468800000, "costOfRevenue": 227300000, "grossProfit": 241500000, "grossProfitRatio": 0.5151450512, "researchAndDevelopmentExpenses": 0, "generalAndAdministrativeExpenses": 11000000, "sellingAndMarketingExpenses": 0, "sellingGeneralAndAdministrativeExpenses": 11000000, "otherExpenses": 86200000, "operatingExpenses": 97200000, "costAndExpenses": 320100000, "interestIncome": 0, "interestExpense": -16400000, "depreciationAndAmortization": 81800000, "ebitda": 204800000, "ebitdaratio": 0.4368600683, "operatingIncome": 148700000, "operatingIncomeRatio": 0.3171928328, "totalOtherIncomeExpensesNet": -6000000, "incomeBeforeTax": 142700000, "incomeBeforeTaxRatio": 0.304394198, "incomeTaxExpense": 44000000, "netIncome": 95400000, "netIncomeRatio": 0.2034982935, "eps": 2.86, "epsdiluted": 2.86, "weightedAverageShsOut": 33300000, "weightedAverageShsOutDil": 33300000, "link": "https://www.sec.gov/Archives/edgar/data/314808/000031480897000002/0000314808-97-000002-index.html", "finalLink": "https://www.sec.gov/Archives/edgar/data/314808/", "calculatedOtherExpenses": 81800000, "calculatedOperatingExpenses": 92800000, "calculatedNetInterest": 16400000, "calculatedOtherIncome": -22400000, "calculatedIncomeNonControlling": 3300000, "calculatedEbitda": 230500000}, {"date": "1995-12-31", "symbol": "VAL", "reportedCurrency": "USD", "cik": "0000314808", "fillingDate": "1996-02-28", "acceptedDate": "1996-02-28 00:00:00", "calendarYear": "1995", "period": "FY", "revenue": 279100000, "costOfRevenue": 156000000, "grossProfit": 123100000, "grossProfitRatio": 0.4410605518, "researchAndDevelopmentExpenses": 0, "generalAndAdministrativeExpenses": 9600000, "sellingAndMarketingExpenses": 0, "sellingGeneralAndAdministrativeExpenses": 9600000, "otherExpenses": 61800000, "operatingExpenses": 71400000, "costAndExpenses": 223900000, "interestIncome": 0, "interestExpense": -10100000, "depreciationAndAmortization": 58400000, "ebitda": 99800000, "ebitdaratio": 0.3575779291, "operatingIncome": 55200000, "operatingIncomeRatio": 0.197778574, "totalOtherIncomeExpensesNet": -7900000, "incomeBeforeTax": 47300000, "incomeBeforeTaxRatio": 0.1694733071, "incomeTaxExpense": 3400000, "netIncome": 48100000, "netIncomeRatio": 0.1723396632, "eps": 1.59, "epsdiluted": 1.59, "weightedAverageShsOut": 30200000, "weightedAverageShsOutDil": 30200000, "link": "https://www.sec.gov/Archives/edgar/data/314808/000031480896000007/0000314808-96-000007-index.html", "finalLink": "https://www.sec.gov/Archives/edgar/data/314808/", "calculatedOtherExpenses": 58300000, "calculatedOperatingExpenses": 67900000, "calculatedNetInterest": 10100000, "calculatedOtherIncome": -18000000, "calculatedIncomeNonControlling": -4200000, "calculatedEbitda": 113600000}, {"date": "1994-12-31", "symbol": "VAL", "reportedCurrency": "USD", "cik": "0000314808", "fillingDate": "1995-03-17", "acceptedDate": "1995-03-17 00:00:00", "calendarYear": "1994", "period": "FY", "revenue": 262000000, "costOfRevenue": 147100000, "grossProfit": 114900000, "grossProfitRatio": 0.4385496183, "researchAndDevelopmentExpenses": 0, "generalAndAdministrativeExpenses": 9300000, "sellingAndMarketingExpenses": 0, "sellingGeneralAndAdministrativeExpenses": 9300000, "otherExpenses": 57400000, "operatingExpenses": 66700000, "costAndExpenses": 210500000, "interestIncome": 0, "interestExpense": -6800000, "depreciationAndAmortization": 54200000, "ebitda": 88400000, "ebitdaratio": 0.3374045802, "operatingIncome": 51500000, "operatingIncomeRatio": 0.1965648855, "totalOtherIncomeExpensesNet": -7600000, "incomeBeforeTax": 43900000, "incomeBeforeTaxRatio": 0.1675572519, "incomeTaxExpense": 3800000, "netIncome": 37200000, "netIncomeRatio": 0.1419847328, "eps": 1.29, "epsdiluted": 1.29, "weightedAverageShsOut": 28900000, "weightedAverageShsOutDil": 28900000, "link": "https://www.sec.gov/Archives/edgar/data/314808/000031480895000018/0000314808-95-000018-index.html", "finalLink": "https://www.sec.gov/Archives/edgar/data/314808/", "calculatedOtherExpenses": 54100000, "calculatedOperatingExpenses": 63400000, "calculatedNetInterest": 6800000, "calculatedOtherIncome": -14400000, "calculatedIncomeNonControlling": 2900000, "calculatedEbitda": 105700000}, {"date": "1993-12-31", "symbol": "VAL", "reportedCurrency": "USD", "cik": "0000314808", "fillingDate": "1993-12-31", "acceptedDate": "1993-12-30 19:00:00", "calendarYear": "1993", "period": "FY", "revenue": 246200000, "costOfRevenue": 154600000, "grossProfit": 91600000, "grossProfitRatio": 0.3720552396, "researchAndDevelopmentExpenses": 0, "generalAndAdministrativeExpenses": 11700000, "sellingAndMarketingExpenses": 0, "sellingGeneralAndAdministrativeExpenses": 11700000, "otherExpenses": 32800000, "operatingExpenses": 44500000, "costAndExpenses": 210100000, "interestIncome": 0, "interestExpense": 2800000, "depreciationAndAmortization": 30100000, "ebitda": 55300000, "ebitdaratio": 0.2246141348, "operatingIncome": 36200000, "operatingIncomeRatio": 0.147034931, "totalOtherIncomeExpensesNet": -6600000, "incomeBeforeTax": 29600000, "incomeBeforeTaxRatio": 0.1202274574, "incomeTaxExpense": 5900000, "netIncome": 16500000, "netIncomeRatio": 0.067018684, "eps": 0.82, "epsdiluted": 0.82, "weightedAverageShsOut": 20200000, "weightedAverageShsOutDil": 20200000, "link": "", "finalLink": "", "calculatedOtherExpenses": 43700000, "calculatedOperatingExpenses": 55400000, "calculatedNetInterest": -2800000, "calculatedOtherIncome": -3800000, "calculatedIncomeNonControlling": 7200000, "calculatedEbitda": 66300000}]}