{"originalCurrency": "USD", "convertedCurrency": "USD", "report": [{"date": "2023-12-31", "symbol": "VC", "reportedCurrency": "USD", "cik": "0001111335", "fillingDate": "2024-02-20", "acceptedDate": "2024-02-20 07:09:33", "calendarYear": "2023", "period": "FY", "revenue": 3954000000, "costOfRevenue": 3467000000, "grossProfit": 487000000, "grossProfitRatio": 0.1231664138, "researchAndDevelopmentExpenses": 210000000, "generalAndAdministrativeExpenses": 0, "sellingAndMarketingExpenses": 0, "sellingGeneralAndAdministrativeExpenses": 207000000, "otherExpenses": -1000000, "operatingExpenses": 207000000, "costAndExpenses": 3674000000, "interestIncome": 10000000, "interestExpense": 17000000, "depreciationAndAmortization": 104000000, "ebitda": 383000000, "ebitdaratio": 0.0968639353, "operatingIncome": 280000000, "operatingIncomeRatio": 0.0708143652, "totalOtherIncomeExpensesNet": -16000000, "incomeBeforeTax": 257000000, "incomeBeforeTaxRatio": 0.0649974709, "incomeTaxExpense": -248000000, "netIncome": 486000000, "netIncomeRatio": 0.1229135053, "eps": 17.3, "epsdiluted": 17.05, "weightedAverageShsOut": 28100000, "weightedAverageShsOutDil": 28500000, "link": "https://www.sec.gov/Archives/edgar/data/1111335/000111133524000018/0001111335-24-000018-index.htm", "finalLink": "https://www.sec.gov/Archives/edgar/data/1111335/000111133524000018/vc-20231231.htm", "calculatedOtherExpenses": -210000000, "calculatedOperatingExpenses": 207000000, "calculatedNetInterest": -7000000, "calculatedOtherIncome": -16000000, "calculatedIncomeNonControlling": 19000000, "calculatedEbitda": 384000000}, {"date": "2022-12-31", "symbol": "VC", "reportedCurrency": "USD", "cik": "0001111335", "fillingDate": "2023-02-16", "acceptedDate": "2023-02-16 07:11:45", "calendarYear": "2022", "period": "FY", "revenue": 3756000000, "costOfRevenue": 3388000000, "grossProfit": 368000000, "grossProfitRatio": 0.0979765708, "researchAndDevelopmentExpenses": 196000000, "generalAndAdministrativeExpenses": 0, "sellingAndMarketingExpenses": 0, "sellingGeneralAndAdministrativeExpenses": 188000000, "otherExpenses": 20000000, "operatingExpenses": 188000000, "costAndExpenses": 3576000000, "interestIncome": 4000000, "interestExpense": 14000000, "depreciationAndAmortization": 108000000, "ebitda": 311000000, "ebitdaratio": 0.082800852, "operatingIncome": 203000000, "operatingIncomeRatio": 0.0540468584, "totalOtherIncomeExpensesNet": -28000000, "incomeBeforeTax": 175000000, "incomeBeforeTaxRatio": 0.0465921193, "incomeTaxExpense": 45000000, "netIncome": 124000000, "netIncomeRatio": 0.0330138445, "eps": 4.41, "epsdiluted": 4.35, "weightedAverageShsOut": 28100000, "weightedAverageShsOutDil": 28500000, "link": "https://www.sec.gov/Archives/edgar/data/1111335/000111133523000009/0001111335-23-000009-index.htm", "finalLink": "https://www.sec.gov/Archives/edgar/data/1111335/000111133523000009/vc-20221231.htm", "calculatedOtherExpenses": -219000000, "calculatedOperatingExpenses": 165000000, "calculatedNetInterest": -10000000, "calculatedOtherIncome": -18000000, "calculatedIncomeNonControlling": 6000000, "calculatedEbitda": 311000000}, {"date": "2021-12-31", "symbol": "VC", "reportedCurrency": "USD", "cik": "0001111335", "fillingDate": "2022-02-17", "acceptedDate": "2022-02-17 07:09:48", "calendarYear": "2021", "period": "FY", "revenue": 2773000000, "costOfRevenue": 2519000000, "grossProfit": 254000000, "grossProfitRatio": 0.0915975478, "researchAndDevelopmentExpenses": 191000000, "generalAndAdministrativeExpenses": 0, "sellingAndMarketingExpenses": 0, "sellingGeneralAndAdministrativeExpenses": 175000000, "otherExpenses": 18000000, "operatingExpenses": 175000000, "costAndExpenses": 2694000000, "interestIncome": 2000000, "interestExpense": 10000000, "depreciationAndAmortization": 108000000, "ebitda": 213000000, "ebitdaratio": 0.0768121168, "operatingIncome": 105000000, "operatingIncomeRatio": 0.037865128, "totalOtherIncomeExpensesNet": -24000000, "incomeBeforeTax": 81000000, "incomeBeforeTaxRatio": 0.0292102416, "incomeTaxExpense": 31000000, "netIncome": 41000000, "netIncomeRatio": 0.0147854309, "eps": 1.46, "epsdiluted": 1.44, "weightedAverageShsOut": 28000000, "weightedAverageShsOutDil": 28400000, "link": "https://www.sec.gov/Archives/edgar/data/1111335/000111133522000014/0001111335-22-000014-index.htm", "finalLink": "https://www.sec.gov/Archives/edgar/data/1111335/000111133522000014/vc-20211231.htm", "calculatedOtherExpenses": -217000000, "calculatedOperatingExpenses": 149000000, "calculatedNetInterest": -8000000, "calculatedOtherIncome": -16000000, "calculatedIncomeNonControlling": 9000000, "calculatedEbitda": 213000000}, {"date": "2020-12-31", "symbol": "VC", "reportedCurrency": "USD", "cik": "0001111335", "fillingDate": "2021-02-18", "acceptedDate": "2021-02-18 07:14:28", "calendarYear": "2020", "period": "FY", "revenue": 2548000000, "costOfRevenue": 2303000000, "grossProfit": 245000000, "grossProfitRatio": 0.0961538462, "researchAndDevelopmentExpenses": 201000000, "generalAndAdministrativeExpenses": 0, "sellingAndMarketingExpenses": 0, "sellingGeneralAndAdministrativeExpenses": 193000000, "otherExpenses": 9000000, "operatingExpenses": 193000000, "costAndExpenses": 2496000000, "interestIncome": 5000000, "interestExpense": 16000000, "depreciationAndAmortization": 104000000, "ebitda": 176000000, "ebitdaratio": 0.0690737834, "operatingIncome": 72000000, "operatingIncomeRatio": 0.0282574568, "totalOtherIncomeExpensesNet": -92000000, "incomeBeforeTax": -20000000, "incomeBeforeTaxRatio": -0.0078492936, "incomeTaxExpense": 28000000, "netIncome": -48000000, "netIncomeRatio": -0.0188383046, "eps": -1.72, "epsdiluted": -1.72, "weightedAverageShsOut": 27900000, "weightedAverageShsOutDil": 27900000, "link": "https://www.sec.gov/Archives/edgar/data/1111335/000111133521000006/0001111335-21-000006-index.htm", "finalLink": "https://www.sec.gov/Archives/edgar/data/1111335/000111133521000006/vc-20201231.htm", "calculatedOtherExpenses": -221000000, "calculatedOperatingExpenses": 173000000, "calculatedNetInterest": -11000000, "calculatedOtherIncome": -81000000, "calculatedIncomeNonControlling": 0, "calculatedEbitda": 176000000}, {"date": "2019-12-31", "symbol": "VC", "reportedCurrency": "USD", "cik": "0001111335", "fillingDate": "2020-02-20", "acceptedDate": "2020-02-20 07:19:16", "calendarYear": "2019", "period": "FY", "revenue": 2945000000, "costOfRevenue": 2621000000, "grossProfit": 324000000, "grossProfitRatio": 0.1100169779, "researchAndDevelopmentExpenses": 300000000, "generalAndAdministrativeExpenses": 0, "sellingAndMarketingExpenses": 0, "sellingGeneralAndAdministrativeExpenses": 221000000, "otherExpenses": 10000000, "operatingExpenses": 221000000, "costAndExpenses": 2842000000, "interestIncome": 4000000, "interestExpense": 9000000, "depreciationAndAmortization": 100000000, "ebitda": 219000000, "ebitdaratio": 0.0743633277, "operatingIncome": 119000000, "operatingIncomeRatio": 0.0404074703, "totalOtherIncomeExpensesNet": -13000000, "incomeBeforeTax": 106000000, "incomeBeforeTaxRatio": 0.0359932088, "incomeTaxExpense": 24000000, "netIncome": 70000000, "netIncomeRatio": 0.0237691002, "eps": 2.49, "epsdiluted": 2.48, "weightedAverageShsOut": 28100000, "weightedAverageShsOutDil": 28200000, "link": "https://www.sec.gov/Archives/edgar/data/1111335/000111133520000003/0001111335-20-000003-index.htm", "finalLink": "https://www.sec.gov/Archives/edgar/data/1111335/000111133520000003/visteon201910-k.htm", "calculatedOtherExpenses": -316000000, "calculatedOperatingExpenses": 205000000, "calculatedNetInterest": -5000000, "calculatedOtherIncome": -8000000, "calculatedIncomeNonControlling": 12000000, "calculatedEbitda": 219000000}, {"date": "2018-12-31", "symbol": "VC", "reportedCurrency": "USD", "cik": "0001111335", "fillingDate": "2019-02-21", "acceptedDate": "2019-02-21 16:42:11", "calendarYear": "2018", "period": "FY", "revenue": 2984000000, "costOfRevenue": 2573000000, "grossProfit": 411000000, "grossProfitRatio": 0.1377345845, "researchAndDevelopmentExpenses": 286000000, "generalAndAdministrativeExpenses": 0, "sellingAndMarketingExpenses": 0, "sellingGeneralAndAdministrativeExpenses": 193000000, "otherExpenses": 21000000, "operatingExpenses": 193000000, "costAndExpenses": 2766000000, "interestIncome": 7000000, "interestExpense": 7000000, "depreciationAndAmortization": 91000000, "ebitda": 343000000, "ebitdaratio": 0.1149463807, "operatingIncome": 211000000, "operatingIncomeRatio": 0.0707104558, "totalOtherIncomeExpensesNet": 5000000, "incomeBeforeTax": 216000000, "incomeBeforeTaxRatio": 0.072386059, "incomeTaxExpense": 43000000, "netIncome": 164000000, "netIncomeRatio": 0.0549597855, "eps": 5.56, "epsdiluted": 5.52, "weightedAverageShsOut": 29500000, "weightedAverageShsOutDil": 29700000, "link": "https://www.sec.gov/Archives/edgar/data/1111335/000111133519000003/0001111335-19-000003-index.htm", "finalLink": "https://www.sec.gov/Archives/edgar/data/1111335/000111133519000003/visteon201810-k.htm", "calculatedOtherExpenses": -279000000, "calculatedOperatingExpenses": 200000000, "calculatedNetInterest": 0, "calculatedOtherIncome": 5000000, "calculatedIncomeNonControlling": 9000000, "calculatedEbitda": 302000000}, {"date": "2017-12-31", "symbol": "VC", "reportedCurrency": "USD", "cik": "0001111335", "fillingDate": "2018-02-22", "acceptedDate": "2018-02-22 07:52:17", "calendarYear": "2017", "period": "FY", "revenue": 3146000000, "costOfRevenue": 2647000000, "grossProfit": 499000000, "grossProfitRatio": 0.1586141132, "researchAndDevelopmentExpenses": 253000000, "generalAndAdministrativeExpenses": 0, "sellingAndMarketingExpenses": 0, "sellingGeneralAndAdministrativeExpenses": 222000000, "otherExpenses": -2000000, "operatingExpenses": 222000000, "costAndExpenses": 2869000000, "interestIncome": 5000000, "interestExpense": 16000000, "depreciationAndAmortization": 87000000, "ebitda": 369000000, "ebitdaratio": 0.1172917991, "operatingIncome": 277000000, "operatingIncomeRatio": 0.0880483153, "totalOtherIncomeExpensesNet": -38000000, "incomeBeforeTax": 223000000, "incomeBeforeTaxRatio": 0.0708836618, "incomeTaxExpense": 48000000, "netIncome": 176000000, "netIncomeRatio": 0.0559440559, "eps": 5.57, "epsdiluted": 5.47, "weightedAverageShsOut": 31600000, "weightedAverageShsOutDil": 32200000, "link": "https://www.sec.gov/Archives/edgar/data/1111335/000111133518000004/0001111335-18-000004-index.htm", "finalLink": "https://www.sec.gov/Archives/edgar/data/1111335/000111133518000004/visteon201710-k.htm", "calculatedOtherExpenses": -253000000, "calculatedOperatingExpenses": 222000000, "calculatedNetInterest": -11000000, "calculatedOtherIncome": -43000000, "calculatedIncomeNonControlling": -1000000, "calculatedEbitda": 364000000}, {"date": "2016-12-31", "symbol": "VC", "reportedCurrency": "USD", "cik": "0001111335", "fillingDate": "2017-02-23", "acceptedDate": "2017-02-23 07:56:59", "calendarYear": "2016", "period": "FY", "revenue": 3161000000, "costOfRevenue": 2697000000, "grossProfit": 464000000, "grossProfitRatio": 0.1467889908, "researchAndDevelopmentExpenses": 295000000, "generalAndAdministrativeExpenses": 0, "sellingAndMarketingExpenses": 0, "sellingGeneralAndAdministrativeExpenses": 220000000, "otherExpenses": -24000000, "operatingExpenses": 220000000, "costAndExpenses": 2917000000, "interestIncome": 6000000, "interestExpense": 12000000, "depreciationAndAmortization": 84000000, "ebitda": 306000000, "ebitdaratio": 0.0968048086, "operatingIncome": 244000000, "operatingIncomeRatio": 0.0771907624, "totalOtherIncomeExpensesNet": -71000000, "incomeBeforeTax": 161000000, "incomeBeforeTaxRatio": 0.050933249, "incomeTaxExpense": 30000000, "netIncome": 75000000, "netIncomeRatio": 0.0237266688, "eps": 2.14, "epsdiluted": 2.12, "weightedAverageShsOut": 35000000, "weightedAverageShsOutDil": 35400000, "link": "https://www.sec.gov/Archives/edgar/data/1111335/000111133517000003/0001111335-17-000003-index.htm", "finalLink": "https://www.sec.gov/Archives/edgar/data/1111335/000111133517000003/visteon201610-k.htm", "calculatedOtherExpenses": -295000000, "calculatedOperatingExpenses": 220000000, "calculatedNetInterest": -6000000, "calculatedOtherIncome": -77000000, "calculatedIncomeNonControlling": 56000000, "calculatedEbitda": 328000000}, {"date": "2015-12-31", "symbol": "VC", "reportedCurrency": "USD", "cik": "0001111335", "fillingDate": "2016-02-25", "acceptedDate": "2016-02-25 07:43:20", "calendarYear": "2015", "period": "FY", "revenue": 3245000000, "costOfRevenue": 2815000000, "grossProfit": 430000000, "grossProfitRatio": 0.1325115562, "researchAndDevelopmentExpenses": 294000000, "generalAndAdministrativeExpenses": 0, "sellingAndMarketingExpenses": 0, "sellingGeneralAndAdministrativeExpenses": 245000000, "otherExpenses": -25000000, "operatingExpenses": 245000000, "costAndExpenses": 3060000000, "interestIncome": 5000000, "interestExpense": 14000000, "depreciationAndAmortization": 169000000, "ebitda": 336000000, "ebitdaratio": 0.1035439137, "operatingIncome": 185000000, "operatingIncomeRatio": 0.0570107858, "totalOtherIncomeExpensesNet": -102000000, "incomeBeforeTax": 69000000, "incomeBeforeTaxRatio": 0.0212634823, "incomeTaxExpense": 27000000, "netIncome": 2284000000, "netIncomeRatio": 0.7038520801, "eps": 54, "epsdiluted": 52.63, "weightedAverageShsOut": 42300000, "weightedAverageShsOutDil": 43400000, "link": "https://www.sec.gov/Archives/edgar/data/1111335/000111133516000018/0001111335-16-000018-index.htm", "finalLink": "https://www.sec.gov/Archives/edgar/data/1111335/000111133516000018/visteon201510-k.htm", "calculatedOtherExpenses": -294000000, "calculatedOperatingExpenses": 245000000, "calculatedNetInterest": -9000000, "calculatedOtherIncome": -107000000, "calculatedIncomeNonControlling": -2242000000, "calculatedEbitda": 354000000}, {"date": "2014-12-31", "symbol": "VC", "reportedCurrency": "USD", "cik": "0001111335", "fillingDate": "2015-02-26", "acceptedDate": "2015-02-26 07:51:24", "calendarYear": "2014", "period": "FY", "revenue": 7509000000, "costOfRevenue": 6711000000, "grossProfit": 798000000, "grossProfitRatio": 0.106272473, "researchAndDevelopmentExpenses": 257000000, "generalAndAdministrativeExpenses": 0, "sellingAndMarketingExpenses": 0, "sellingGeneralAndAdministrativeExpenses": 377000000, "otherExpenses": -68000000, "operatingExpenses": 377000000, "costAndExpenses": 7088000000, "interestIncome": 9000000, "interestExpense": 28000000, "depreciationAndAmortization": 270000000, "ebitda": 638000000, "ebitdaratio": 0.084964709, "operatingIncome": 413000000, "operatingIncomeRatio": 0.0550006659, "totalOtherIncomeExpensesNet": -132000000, "incomeBeforeTax": 261000000, "incomeBeforeTaxRatio": 0.0347582901, "incomeTaxExpense": 124000000, "netIncome": -295000000, "netIncomeRatio": -0.0392861899, "eps": -6.44, "epsdiluted": -6.25, "weightedAverageShsOut": 45800000, "weightedAverageShsOutDil": 47200000, "link": "https://www.sec.gov/Archives/edgar/data/1111335/000111133515000003/0001111335-15-000003-index.htm", "finalLink": "https://www.sec.gov/Archives/edgar/data/1111335/000111133515000003/visteon201410-k.htm", "calculatedOtherExpenses": -249000000, "calculatedOperatingExpenses": 385000000, "calculatedNetInterest": -19000000, "calculatedOtherIncome": -133000000, "calculatedIncomeNonControlling": 432000000, "calculatedEbitda": 683000000}, {"date": "2013-12-31", "symbol": "VC", "reportedCurrency": "USD", "cik": "0001111335", "fillingDate": "2014-02-25", "acceptedDate": "2014-02-25 07:38:46", "calendarYear": "2013", "period": "FY", "revenue": 7439000000, "costOfRevenue": 6755000000, "grossProfit": 684000000, "grossProfitRatio": 0.0919478425, "researchAndDevelopmentExpenses": 148000000, "generalAndAdministrativeExpenses": 0, "sellingAndMarketingExpenses": 0, "sellingGeneralAndAdministrativeExpenses": 367000000, "otherExpenses": -35000000, "operatingExpenses": 367000000, "costAndExpenses": 7122000000, "interestIncome": 8000000, "interestExpense": 39000000, "depreciationAndAmortization": 262000000, "ebitda": 757000000, "ebitdaratio": 0.1017609894, "operatingIncome": 317000000, "operatingIncomeRatio": 0.0426132545, "totalOtherIncomeExpensesNet": 604000000, "incomeBeforeTax": 882000000, "incomeBeforeTaxRatio": 0.1185643232, "incomeTaxExpense": 107000000, "netIncome": 690000000, "netIncomeRatio": 0.0927544025, "eps": 13.8, "epsdiluted": 13.5, "weightedAverageShsOut": 50000000, "weightedAverageShsOutDil": 51100000, "link": "https://www.sec.gov/Archives/edgar/data/1111335/000111133514000003/0001111335-14-000003-index.htm", "finalLink": "https://www.sec.gov/Archives/edgar/data/1111335/000111133514000003/visteon201310-k.htm", "calculatedOtherExpenses": -148000000, "calculatedOperatingExpenses": 367000000, "calculatedNetInterest": -31000000, "calculatedOtherIncome": 596000000, "calculatedIncomeNonControlling": 85000000, "calculatedEbitda": 579000000}, {"date": "2012-12-31", "symbol": "VC", "reportedCurrency": "USD", "cik": "0001111335", "fillingDate": "2013-02-28", "acceptedDate": "2013-02-28 07:15:11", "calendarYear": "2012", "period": "FY", "revenue": 6857000000, "costOfRevenue": 6268000000, "grossProfit": 589000000, "grossProfitRatio": 0.0858976229, "researchAndDevelopmentExpenses": 0, "generalAndAdministrativeExpenses": 0, "sellingAndMarketingExpenses": 0, "sellingGeneralAndAdministrativeExpenses": 369000000, "otherExpenses": -14000000, "operatingExpenses": 369000000, "costAndExpenses": 6637000000, "interestIncome": 14000000, "interestExpense": 49000000, "depreciationAndAmortization": 259000000, "ebitda": 705000000, "ebitdaratio": 0.102814642, "operatingIncome": 185000000, "operatingIncomeRatio": 0.0269797287, "totalOtherIncomeExpensesNet": 106000000, "incomeBeforeTax": 291000000, "incomeBeforeTaxRatio": 0.0424383841, "incomeTaxExpense": 121000000, "netIncome": 100000000, "netIncomeRatio": 0.0145836372, "eps": 1.89, "epsdiluted": 1.88, "weightedAverageShsOut": 52900000, "weightedAverageShsOutDil": 53300000, "link": "https://www.sec.gov/Archives/edgar/data/1111335/000111133513000004/0001111335-13-000004-index.htm", "finalLink": "https://www.sec.gov/Archives/edgar/data/1111335/000111133513000004/visteon201210-k.htm", "calculatedOtherExpenses": 35000000, "calculatedOperatingExpenses": 404000000, "calculatedNetInterest": -35000000, "calculatedOtherIncome": 141000000, "calculatedIncomeNonControlling": 70000000, "calculatedEbitda": 444000000}, {"date": "2011-12-31", "symbol": "VC", "reportedCurrency": "USD", "cik": "0001111335", "fillingDate": "2012-02-27", "acceptedDate": "2012-02-27 07:45:12", "calendarYear": "2011", "period": "FY", "revenue": 8047000000, "costOfRevenue": 7404000000, "grossProfit": 643000000, "grossProfitRatio": 0.0799055549, "researchAndDevelopmentExpenses": 0, "generalAndAdministrativeExpenses": 0, "sellingAndMarketingExpenses": 0, "sellingGeneralAndAdministrativeExpenses": 398000000, "otherExpenses": 398000000, "operatingExpenses": 398000000, "costAndExpenses": 7802000000, "interestIncome": 21000000, "interestExpense": 50000000, "depreciationAndAmortization": 316000000, "ebitda": 750000000, "ebitdaratio": 0.0932024357, "operatingIncome": 245000000, "operatingIncomeRatio": 0.030446129, "totalOtherIncomeExpensesNet": 65000000, "incomeBeforeTax": 281000000, "incomeBeforeTaxRatio": 0.0349198459, "incomeTaxExpense": 127000000, "netIncome": 80000000, "netIncomeRatio": 0.0099415931, "eps": 1.56, "epsdiluted": 1.54, "weightedAverageShsOut": 51200000, "weightedAverageShsOutDil": 52000000, "link": "https://www.sec.gov/Archives/edgar/data/1111335/000144530512000456/0001445305-12-000456-index.htm", "finalLink": "https://www.sec.gov/Archives/edgar/data/1111335/000144530512000456/visteon10kfromword.htm", "calculatedOtherExpenses": 0, "calculatedOperatingExpenses": 398000000, "calculatedNetInterest": -29000000, "calculatedOtherIncome": 65000000, "calculatedIncomeNonControlling": 74000000, "calculatedEbitda": 561000000}, {"date": "2010-12-31", "symbol": "VC", "reportedCurrency": "USD", "cik": "0001111335", "fillingDate": "2011-03-09", "acceptedDate": "2011-03-09 14:38:50", "calendarYear": "2010", "period": "FY", "revenue": 7466000000, "costOfRevenue": 6657000000, "grossProfit": 809000000, "grossProfitRatio": 0.1083578891, "researchAndDevelopmentExpenses": 0, "generalAndAdministrativeExpenses": 0, "sellingAndMarketingExpenses": 0, "sellingGeneralAndAdministrativeExpenses": 395000000, "otherExpenses": 395000000, "operatingExpenses": 395000000, "costAndExpenses": 7052000000, "interestIncome": 16000000, "interestExpense": 186000000, "depreciationAndAmortization": 280000000, "ebitda": 856000000, "ebitdaratio": 0.114653094, "operatingIncome": 414000000, "operatingIncomeRatio": 0.0554513796, "totalOtherIncomeExpensesNet": 1007000000, "incomeBeforeTax": 1251000000, "incomeBeforeTaxRatio": 0.1675596035, "incomeTaxExpense": 150000000, "netIncome": 1026000000, "netIncomeRatio": 0.1374229842, "eps": -0.2, "epsdiluted": -0.2, "weightedAverageShsOut": 109600000, "weightedAverageShsOutDil": 109975000, "link": "https://www.sec.gov/Archives/edgar/data/1111335/000095012311023581/0000950123-11-023581-index.htm", "finalLink": "https://www.sec.gov/Archives/edgar/data/1111335/000095012311023581/k50155e10vk.htm", "calculatedOtherExpenses": 0, "calculatedOperatingExpenses": 395000000, "calculatedNetInterest": -170000000, "calculatedOtherIncome": 1007000000, "calculatedIncomeNonControlling": 75000000, "calculatedEbitda": 694000000}, {"date": "2009-12-31", "symbol": "VC", "reportedCurrency": "USD", "cik": "0001111335", "fillingDate": "2010-02-26", "acceptedDate": "2010-02-26 15:18:12", "calendarYear": "2009", "period": "FY", "revenue": 6685000000, "costOfRevenue": 6088000000, "grossProfit": 597000000, "grossProfitRatio": 0.0893044129, "researchAndDevelopmentExpenses": 0, "generalAndAdministrativeExpenses": 0, "sellingAndMarketingExpenses": 0, "sellingGeneralAndAdministrativeExpenses": 331000000, "otherExpenses": 342000000, "operatingExpenses": 342000000, "costAndExpenses": 6430000000, "interestIncome": 11000000, "interestExpense": 117000000, "depreciationAndAmortization": 352000000, "ebitda": 1034000000, "ebitdaratio": 0.1546746447, "operatingIncome": 255000000, "operatingIncomeRatio": 0.038145101, "totalOtherIncomeExpensesNet": -221000000, "incomeBeforeTax": 264000000, "incomeBeforeTaxRatio": 0.0394913987, "incomeTaxExpense": 80000000, "netIncome": 128000000, "netIncomeRatio": 0.0191473448, "eps": 0.98, "epsdiluted": 0.98, "weightedAverageShsOut": 130400000, "weightedAverageShsOutDil": 130400000, "link": "https://www.sec.gov/Archives/edgar/data/1111335/000095012310018036/0000950123-10-018036-index.htm", "finalLink": "https://www.sec.gov/Archives/edgar/data/1111335/000095012310018036/k48891e10vk.htm", "calculatedOtherExpenses": 11000000, "calculatedOperatingExpenses": 342000000, "calculatedNetInterest": -106000000, "calculatedOtherIncome": 115000000, "calculatedIncomeNonControlling": 56000000, "calculatedEbitda": 607000000}, {"date": "2008-12-31", "symbol": "VC", "reportedCurrency": "USD", "cik": "0001111335", "fillingDate": "2009-03-31", "acceptedDate": "2009-03-31 17:10:54", "calendarYear": "2008", "period": "FY", "revenue": 9544000000, "costOfRevenue": 9085000000, "grossProfit": 459000000, "grossProfitRatio": 0.0480930427, "researchAndDevelopmentExpenses": 0, "generalAndAdministrativeExpenses": 0, "sellingAndMarketingExpenses": 0, "sellingGeneralAndAdministrativeExpenses": 553000000, "otherExpenses": 553000000, "operatingExpenses": 410000000, "costAndExpenses": 9495000000, "interestIncome": 46000000, "interestExpense": 215000000, "depreciationAndAmortization": 416000000, "ebitda": 612000000, "ebitdaratio": 0.064124057, "operatingIncome": -94000000, "operatingIncomeRatio": -0.0098491199, "totalOtherIncomeExpensesNet": -110000000, "incomeBeforeTax": -535000000, "incomeBeforeTaxRatio": -0.0560561609, "incomeTaxExpense": 94000000, "netIncome": -663000000, "netIncomeRatio": -0.0694677284, "eps": -5.12, "epsdiluted": -5.12, "weightedAverageShsOut": 129400000, "weightedAverageShsOutDil": 129400000, "link": "https://www.sec.gov/Archives/edgar/data/1111335/000095015209003368/0000950152-09-003368-index.htm", "finalLink": "https://www.sec.gov/Archives/edgar/data/1111335/000095015209003368/k47622e10vk.htm", "calculatedOtherExpenses": 0, "calculatedOperatingExpenses": 553000000, "calculatedNetInterest": -169000000, "calculatedOtherIncome": -272000000, "calculatedIncomeNonControlling": 34000000, "calculatedEbitda": 322000000}, {"date": "2007-12-31", "symbol": "VC", "reportedCurrency": "USD", "cik": "0001111335", "fillingDate": "2008-02-22", "acceptedDate": "2008-02-22 17:11:50", "calendarYear": "2007", "period": "FY", "revenue": 11266000000, "costOfRevenue": 10693000000, "grossProfit": 573000000, "grossProfitRatio": 0.0508609977, "researchAndDevelopmentExpenses": 0, "generalAndAdministrativeExpenses": 0, "sellingAndMarketingExpenses": 0, "sellingGeneralAndAdministrativeExpenses": 636000000, "otherExpenses": 589000000, "operatingExpenses": 589000000, "costAndExpenses": 11282000000, "interestIncome": 61000000, "interestExpense": 225000000, "depreciationAndAmortization": 472000000, "ebitda": 561000000, "ebitdaratio": 0.0497958459, "operatingIncome": -16000000, "operatingIncomeRatio": -0.0014202024, "totalOtherIncomeExpensesNet": -58000000, "incomeBeforeTax": -285000000, "incomeBeforeTaxRatio": -0.0252973549, "incomeTaxExpense": 20000000, "netIncome": -372000000, "netIncomeRatio": -0.0330197053, "eps": -2.87, "epsdiluted": -2.87, "weightedAverageShsOut": 129616725, "weightedAverageShsOutDil": 129616725, "link": "https://www.sec.gov/Archives/edgar/data/1111335/000095012408000791/0000950124-08-000791-index.htm", "finalLink": "https://www.sec.gov/Archives/edgar/data/1111335/000095012408000791/k23981e10vk.htm", "calculatedOtherExpenses": -47000000, "calculatedOperatingExpenses": 589000000, "calculatedNetInterest": -164000000, "calculatedOtherIncome": -105000000, "calculatedIncomeNonControlling": 67000000, "calculatedEbitda": 456000000}, {"date": "2006-12-31", "symbol": "VC", "reportedCurrency": "USD", "cik": "0001111335", "fillingDate": "2007-02-28", "acceptedDate": "2007-02-28 15:03:39", "calendarYear": "2006", "period": "FY", "revenue": 11418000000, "costOfRevenue": 10684000000, "grossProfit": 734000000, "grossProfitRatio": 0.0642844631, "researchAndDevelopmentExpenses": 0, "generalAndAdministrativeExpenses": 0, "sellingAndMarketingExpenses": 0, "sellingGeneralAndAdministrativeExpenses": 716000000, "otherExpenses": 632000000, "operatingExpenses": 632000000, "costAndExpenses": 11316000000, "interestIncome": 31000000, "interestExpense": 190000000, "depreciationAndAmortization": 430000000, "ebitda": 535000000, "ebitdaratio": 0.0468558417, "operatingIncome": 102000000, "operatingIncomeRatio": 0.0089332633, "totalOtherIncomeExpensesNet": 30000000, "incomeBeforeTax": -111000000, "incomeBeforeTaxRatio": -0.0097214924, "incomeTaxExpense": 25000000, "netIncome": -163000000, "netIncomeRatio": -0.014275705, "eps": -1.27, "epsdiluted": -1.27, "weightedAverageShsOut": 128346457, "weightedAverageShsOutDil": 128346457, "link": "https://www.sec.gov/Archives/edgar/data/1111335/000095012407001192/0000950124-07-001192-index.htm", "finalLink": "https://www.sec.gov/Archives/edgar/data/1111335/000095012407001192/k12710e10vk.htm", "calculatedOtherExpenses": -84000000, "calculatedOperatingExpenses": 632000000, "calculatedNetInterest": -159000000, "calculatedOtherIncome": -54000000, "calculatedIncomeNonControlling": 27000000, "calculatedEbitda": 532000000}, {"date": "2005-12-31", "symbol": "VC", "reportedCurrency": "USD", "cik": "0001111335", "fillingDate": "2006-03-16", "acceptedDate": "2006-03-16 16:58:14", "calendarYear": "2005", "period": "FY", "revenue": 16976000000, "costOfRevenue": 16422000000, "grossProfit": 554000000, "grossProfitRatio": 0.0326343073, "researchAndDevelopmentExpenses": 0, "generalAndAdministrativeExpenses": 0, "sellingAndMarketingExpenses": 0, "sellingGeneralAndAdministrativeExpenses": 946000000, "otherExpenses": 574000000, "operatingExpenses": 574000000, "costAndExpenses": 16996000000, "interestIncome": 24000000, "interestExpense": 156000000, "depreciationAndAmortization": 595000000, "ebitda": 249000000, "ebitdaratio": 0.0146677663, "operatingIncome": -20000000, "operatingIncomeRatio": -0.0011781338, "totalOtherIncomeExpensesNet": 351000000, "incomeBeforeTax": -173000000, "incomeBeforeTaxRatio": -0.0101908577, "incomeTaxExpense": 64000000, "netIncome": -270000000, "netIncomeRatio": -0.0159048068, "eps": -2.14, "epsdiluted": -2.14, "weightedAverageShsOut": 126168224, "weightedAverageShsOutDil": 126168224, "link": "https://www.sec.gov/Archives/edgar/data/1111335/000095012406001280/0000950124-06-001280-index.htm", "finalLink": "https://www.sec.gov/Archives/edgar/data/1111335/000095012406001280/k02515e10vk.htm", "calculatedOtherExpenses": -372000000, "calculatedOperatingExpenses": 574000000, "calculatedNetInterest": -132000000, "calculatedOtherIncome": -21000000, "calculatedIncomeNonControlling": 33000000, "calculatedEbitda": 575000000}, {"date": "2004-12-31", "symbol": "VC", "reportedCurrency": "USD", "cik": "0001111335", "fillingDate": "2005-03-16", "acceptedDate": "2005-03-16 17:17:28", "calendarYear": "2004", "period": "FY", "revenue": 18657000000, "costOfRevenue": 18111000000, "grossProfit": 546000000, "grossProfitRatio": 0.0292651552, "researchAndDevelopmentExpenses": 0, "generalAndAdministrativeExpenses": 0, "sellingAndMarketingExpenses": 0, "sellingGeneralAndAdministrativeExpenses": 994000000, "otherExpenses": 994000000, "operatingExpenses": 994000000, "costAndExpenses": 19105000000, "interestIncome": 23000000, "interestExpense": 103000000, "depreciationAndAmortization": 685000000, "ebitda": 248000000, "ebitdaratio": 0.013292598, "operatingIncome": -448000000, "operatingIncomeRatio": -0.024012435, "totalOtherIncomeExpensesNet": 34000000, "incomeBeforeTax": -534000000, "incomeBeforeTaxRatio": -0.0286219649, "incomeTaxExpense": 965000000, "netIncome": -1499000000, "netIncomeRatio": -0.0803451788, "eps": -11.96, "epsdiluted": -11.8, "weightedAverageShsOut": 125285481, "weightedAverageShsOutDil": 127083333, "link": "https://www.sec.gov/Archives/edgar/data/1111335/000095012405001608/0000950124-05-001608-index.htm", "finalLink": "https://www.sec.gov/Archives/edgar/data/1111335/000095012405001608/k91895e10vk.htm", "calculatedOtherExpenses": 0, "calculatedOperatingExpenses": 994000000, "calculatedNetInterest": -80000000, "calculatedOtherIncome": -6000000, "calculatedIncomeNonControlling": 0, "calculatedEbitda": 237000000}, {"date": "2003-12-31", "symbol": "VC", "reportedCurrency": "USD", "cik": "0001111335", "fillingDate": "2004-02-13", "acceptedDate": "2004-02-13 14:39:18", "calendarYear": "2003", "period": "FY", "revenue": 17660000000, "costOfRevenue": 17786000000, "grossProfit": -126000000, "grossProfitRatio": -0.0071347678, "researchAndDevelopmentExpenses": 0, "generalAndAdministrativeExpenses": 0, "sellingAndMarketingExpenses": 0, "sellingGeneralAndAdministrativeExpenses": 1002000000, "otherExpenses": 1002000000, "operatingExpenses": 1002000000, "costAndExpenses": 18788000000, "interestIncome": 0, "interestExpense": 0, "depreciationAndAmortization": 674000000, "ebitda": -454000000, "ebitdaratio": -0.0257078143, "operatingIncome": -1128000000, "operatingIncomeRatio": -0.0638731597, "totalOtherIncomeExpensesNet": 55000000, "incomeBeforeTax": -1179000000, "incomeBeforeTaxRatio": -0.0667610419, "incomeTaxExpense": 34000000, "netIncome": -1213000000, "netIncomeRatio": -0.0686862967, "eps": -9.82, "epsdiluted": -9.82, "weightedAverageShsOut": 123541453, "weightedAverageShsOutDil": 123541453, "link": "https://www.sec.gov/Archives/edgar/data/1111335/000095012404000444/0000950124-04-000444-index.htm", "finalLink": "https://www.sec.gov/Archives/edgar/data/1111335/000095012404000444/k82535e10vk.htm", "calculatedOtherExpenses": 0, "calculatedOperatingExpenses": 1002000000, "calculatedNetInterest": 0, "calculatedOtherIncome": -51000000, "calculatedIncomeNonControlling": 0, "calculatedEbitda": -454000000}, {"date": "2002-12-31", "symbol": "VC", "reportedCurrency": "USD", "cik": "0001111335", "fillingDate": "2003-02-14", "acceptedDate": "2003-02-14 15:42:55", "calendarYear": "2002", "period": "FY", "revenue": 18395000000, "costOfRevenue": 17588000000, "grossProfit": 807000000, "grossProfitRatio": 0.043870617, "researchAndDevelopmentExpenses": 0, "generalAndAdministrativeExpenses": 0, "sellingAndMarketingExpenses": 0, "sellingGeneralAndAdministrativeExpenses": 888000000, "otherExpenses": 888000000, "operatingExpenses": 888000000, "costAndExpenses": 18476000000, "interestIncome": 23000000, "interestExpense": 103000000, "depreciationAndAmortization": 631000000, "ebitda": 550000000, "ebitdaratio": 0.0298994292, "operatingIncome": -81000000, "operatingIncomeRatio": -0.0044033705, "totalOtherIncomeExpensesNet": 44000000, "incomeBeforeTax": -117000000, "incomeBeforeTaxRatio": -0.006360424, "incomeTaxExpense": -58000000, "netIncome": -352000000, "netIncomeRatio": -0.0191356347, "eps": -2.84, "epsdiluted": -2.84, "weightedAverageShsOut": 123905724, "weightedAverageShsOutDil": 123905724, "link": "https://www.sec.gov/Archives/edgar/data/1111335/000095012403000355/0000950124-03-000355-index.htm", "finalLink": "https://www.sec.gov/Archives/edgar/data/1111335/000095012403000355/k74415e10vk.htm", "calculatedOtherExpenses": 0, "calculatedOperatingExpenses": 888000000, "calculatedNetInterest": -80000000, "calculatedOtherIncome": 44000000, "calculatedIncomeNonControlling": 293000000, "calculatedEbitda": 550000000}, {"date": "2001-12-31", "symbol": "VC", "reportedCurrency": "USD", "cik": "0001111335", "fillingDate": "2002-03-29", "acceptedDate": "2002-03-29 00:00:00", "calendarYear": "2001", "period": "FY", "revenue": 17843000000, "costOfRevenue": 17148000000, "grossProfit": 695000000, "grossProfitRatio": 0.0389508491, "researchAndDevelopmentExpenses": 0, "generalAndAdministrativeExpenses": 813000000, "sellingAndMarketingExpenses": 0, "sellingGeneralAndAdministrativeExpenses": 813000000, "otherExpenses": -1000000, "operatingExpenses": 812000000, "costAndExpenses": 17960000000, "interestIncome": 55000000, "interestExpense": 131000000, "depreciationAndAmortization": 666000000, "ebitda": 525000000, "ebitdaratio": 0.0294233033, "operatingIncome": -117000000, "operatingIncomeRatio": -0.0065571933, "totalOtherIncomeExpensesNet": 24000000, "incomeBeforeTax": -169000000, "incomeBeforeTaxRatio": -0.0094715014, "incomeTaxExpense": -72000000, "netIncome": -118000000, "netIncomeRatio": -0.0066132377, "eps": -0.89, "epsdiluted": -0.89, "weightedAverageShsOut": 132584270, "weightedAverageShsOutDil": 132584270, "link": "https://www.sec.gov/Archives/edgar/data/1111335/000095012402001109/0000950124-02-001109-index.htm", "finalLink": "https://www.sec.gov/Archives/edgar/data/1111335/000095012402001109/k66225e10-k405.htm", "calculatedOtherExpenses": -1000000, "calculatedOperatingExpenses": 812000000, "calculatedNetInterest": -76000000, "calculatedOtherIncome": 24000000, "calculatedIncomeNonControlling": 21000000, "calculatedEbitda": 549000000}, {"date": "2000-12-31", "symbol": "VC", "reportedCurrency": "USD", "cik": "0001111335", "fillingDate": "2001-02-27", "acceptedDate": "2001-02-27 00:00:00", "calendarYear": "2000", "period": "FY", "revenue": 19467000000, "costOfRevenue": 17349000000, "grossProfit": 2118000000, "grossProfitRatio": 0.1087995069, "researchAndDevelopmentExpenses": 0, "generalAndAdministrativeExpenses": 781000000, "sellingAndMarketingExpenses": 0, "sellingGeneralAndAdministrativeExpenses": 781000000, "otherExpenses": 676000000, "operatingExpenses": 1457000000, "costAndExpenses": 18806000000, "interestIncome": 0, "interestExpense": 0, "depreciationAndAmortization": 676000000, "ebitda": 1501000000, "ebitdaratio": 0.0771048441, "operatingIncome": 661000000, "operatingIncomeRatio": 0.033954898, "totalOtherIncomeExpensesNet": -164000000, "incomeBeforeTax": 413000000, "incomeBeforeTaxRatio": 0.0212153901, "incomeTaxExpense": 143000000, "netIncome": 270000000, "netIncomeRatio": 0.0138696255, "eps": 2.08, "epsdiluted": 2.08, "weightedAverageShsOut": 130000000, "weightedAverageShsOutDil": 130000000, "link": "https://www.sec.gov/Archives/edgar/data/1111335/000095012401001074/0000950124-01-001074-index.htm", "finalLink": "https://www.sec.gov/Archives/edgar/data/1111335/000095012401001074/k60196e10-k405.htm", "calculatedOtherExpenses": 676000000, "calculatedOperatingExpenses": 1457000000, "calculatedNetInterest": 0, "calculatedOtherIncome": -248000000, "calculatedIncomeNonControlling": 0, "calculatedEbitda": 1337000000}, {"date": "1999-12-31", "symbol": "VC", "reportedCurrency": "USD", "cik": "0001111335", "fillingDate": "1999-12-31", "acceptedDate": "1999-12-30 19:00:00", "calendarYear": "1999", "period": "FY", "revenue": 19366000000, "costOfRevenue": 16852000000, "grossProfit": 2514000000, "grossProfitRatio": 0.1298151399, "researchAndDevelopmentExpenses": 0, "generalAndAdministrativeExpenses": 674000000, "sellingAndMarketingExpenses": 0, "sellingGeneralAndAdministrativeExpenses": 674000000, "otherExpenses": 651000000, "operatingExpenses": 1325000000, "costAndExpenses": 18177000000, "interestIncome": 0, "interestExpense": 0, "depreciationAndAmortization": 651000000, "ebitda": 1793000000, "ebitdaratio": 0.0925849427, "operatingIncome": 1189000000, "operatingIncomeRatio": 0.0613962615, "totalOtherIncomeExpensesNet": 47000000, "incomeBeforeTax": 1157000000, "incomeBeforeTaxRatio": 0.059743881, "incomeTaxExpense": 422000000, "netIncome": 735000000, "netIncomeRatio": 0.0379531137, "eps": 5.65, "epsdiluted": 5.65, "weightedAverageShsOut": 130000000, "weightedAverageShsOutDil": 130000000, "link": "", "finalLink": "", "calculatedOtherExpenses": 651000000, "calculatedOperatingExpenses": 1325000000, "calculatedNetInterest": 0, "calculatedOtherIncome": -32000000, "calculatedIncomeNonControlling": 0, "calculatedEbitda": 1840000000}, {"date": "1998-12-31", "symbol": "VC", "reportedCurrency": "USD", "cik": "0001111335", "fillingDate": "1998-12-31", "acceptedDate": "1998-12-30 19:00:00", "calendarYear": "1998", "period": "FY", "revenue": 17762000000, "costOfRevenue": 15969000000, "grossProfit": 1793000000, "grossProfitRatio": 0.1009458394, "researchAndDevelopmentExpenses": 0, "generalAndAdministrativeExpenses": 659000000, "sellingAndMarketingExpenses": 0, "sellingGeneralAndAdministrativeExpenses": 659000000, "otherExpenses": 0, "operatingExpenses": 659000000, "costAndExpenses": 16628000000, "interestIncome": 0, "interestExpense": -18000000, "depreciationAndAmortization": 565000000, "ebitda": 1666000000, "ebitdaratio": 0.0937957437, "operatingIncome": 1134000000, "operatingIncomeRatio": 0.0638441617, "totalOtherIncomeExpensesNet": -18000000, "incomeBeforeTax": 1116000000, "incomeBeforeTaxRatio": 0.0628307623, "incomeTaxExpense": 416000000, "netIncome": 703000000, "netIncomeRatio": 0.0395788763, "eps": 5.41, "epsdiluted": 5.41, "weightedAverageShsOut": 130000000, "weightedAverageShsOutDil": 130000000, "link": "", "finalLink": "", "calculatedOtherExpenses": 0, "calculatedOperatingExpenses": 659000000, "calculatedNetInterest": 18000000, "calculatedOtherIncome": -36000000, "calculatedIncomeNonControlling": -3000000, "calculatedEbitda": 1699000000}, {"date": "1997-12-31", "symbol": "VC", "reportedCurrency": "USD", "cik": "0001111335", "fillingDate": "1997-12-31", "acceptedDate": "1997-12-30 19:00:00", "calendarYear": "1997", "period": "FY", "revenue": 17220000000, "costOfRevenue": 15794000000, "grossProfit": 1426000000, "grossProfitRatio": 0.0828106852, "researchAndDevelopmentExpenses": 0, "generalAndAdministrativeExpenses": 575000000, "sellingAndMarketingExpenses": 0, "sellingGeneralAndAdministrativeExpenses": 575000000, "otherExpenses": 0, "operatingExpenses": 575000000, "costAndExpenses": 16369000000, "interestIncome": 0, "interestExpense": -36000000, "depreciationAndAmortization": 590000000, "ebitda": 1370000000, "ebitdaratio": 0.0795586527, "operatingIncome": 851000000, "operatingIncomeRatio": 0.0494192799, "totalOtherIncomeExpensesNet": -36000000, "incomeBeforeTax": 815000000, "incomeBeforeTaxRatio": 0.0473286876, "incomeTaxExpense": 305000000, "netIncome": 511000000, "netIncomeRatio": 0.0296747967, "eps": 3.93, "epsdiluted": 3.93, "weightedAverageShsOut": 130000000, "weightedAverageShsOutDil": 130000000, "link": "", "finalLink": "", "calculatedOtherExpenses": 0, "calculatedOperatingExpenses": 575000000, "calculatedNetInterest": 36000000, "calculatedOtherIncome": -72000000, "calculatedIncomeNonControlling": -1000000, "calculatedEbitda": 1441000000}, {"date": "1996-12-31", "symbol": "VC", "reportedCurrency": "USD", "cik": "0001111335", "fillingDate": "1996-12-31", "acceptedDate": "1996-12-30 19:00:00", "calendarYear": "1996", "period": "FY", "revenue": 16497000000, "costOfRevenue": 15392000000, "grossProfit": 1105000000, "grossProfitRatio": 0.0669818755, "researchAndDevelopmentExpenses": 0, "generalAndAdministrativeExpenses": 485000000, "sellingAndMarketingExpenses": 0, "sellingGeneralAndAdministrativeExpenses": 485000000, "otherExpenses": 0, "operatingExpenses": 485000000, "costAndExpenses": 15877000000, "interestIncome": 0, "interestExpense": -16000000, "depreciationAndAmortization": -29000000, "ebitda": 591000000, "ebitdaratio": 0.0358246954, "operatingIncome": 620000000, "operatingIncomeRatio": 0.0375825908, "totalOtherIncomeExpensesNet": -16000000, "incomeBeforeTax": 604000000, "incomeBeforeTaxRatio": 0.0366127175, "incomeTaxExpense": 223000000, "netIncome": 384000000, "netIncomeRatio": 0.0232769594, "eps": 2.95, "epsdiluted": 2.95, "weightedAverageShsOut": 130000000, "weightedAverageShsOutDil": 130000000, "link": "", "finalLink": "", "calculatedOtherExpenses": 0, "calculatedOperatingExpenses": 485000000, "calculatedNetInterest": 16000000, "calculatedOtherIncome": -32000000, "calculatedIncomeNonControlling": -3000000, "calculatedEbitda": 591000000}, {"date": "1995-12-31", "symbol": "VC", "reportedCurrency": "USD", "cik": "0001111335", "fillingDate": "1995-12-31", "acceptedDate": "1995-12-30 19:00:00", "calendarYear": "1995", "period": "FY", "revenue": 15115000000, "costOfRevenue": 14234000000, "grossProfit": 881000000, "grossProfitRatio": 0.0582864704, "researchAndDevelopmentExpenses": 0, "generalAndAdministrativeExpenses": 483000000, "sellingAndMarketingExpenses": 0, "sellingGeneralAndAdministrativeExpenses": 483000000, "otherExpenses": 0, "operatingExpenses": 483000000, "costAndExpenses": 14717000000, "interestIncome": 0, "interestExpense": -28000000, "depreciationAndAmortization": -51000000, "ebitda": 347000000, "ebitdaratio": 0.0229573272, "operatingIncome": 398000000, "operatingIncomeRatio": 0.0263314588, "totalOtherIncomeExpensesNet": -28000000, "incomeBeforeTax": 370000000, "incomeBeforeTaxRatio": 0.0244789944, "incomeTaxExpense": 130000000, "netIncome": 245000000, "netIncomeRatio": 0.0162090638, "eps": 1.88, "epsdiluted": 1.88, "weightedAverageShsOut": 130000000, "weightedAverageShsOutDil": 130000000, "link": "", "finalLink": "", "calculatedOtherExpenses": 0, "calculatedOperatingExpenses": 483000000, "calculatedNetInterest": 28000000, "calculatedOtherIncome": -56000000, "calculatedIncomeNonControlling": -5000000, "calculatedEbitda": 347000000}]}