{"originalCurrency": "USD", "convertedCurrency": "USD", "report": [{"date": "2023-12-31", "symbol": "VCEL", "reportedCurrency": "USD", "cik": "0000887359", "fillingDate": "2024-02-29", "acceptedDate": "2024-02-29 09:04:36", "calendarYear": "2023", "period": "FY", "revenue": 197516000, "costOfRevenue": 61940000, "grossProfit": 135576000, "grossProfitRatio": 0.686405152, "researchAndDevelopmentExpenses": 21042000, "generalAndAdministrativeExpenses": 0, "sellingAndMarketingExpenses": 0, "sellingGeneralAndAdministrativeExpenses": 120998000, "otherExpenses": 64000, "operatingExpenses": 142040000, "costAndExpenses": 203980000, "interestIncome": 4632000, "interestExpense": 600000, "depreciationAndAmortization": 4632000, "ebitda": -1832000, "ebitdaratio": -0.009275198, "operatingIncome": -6464000, "operatingIncomeRatio": -0.0327264627, "totalOtherIncomeExpensesNet": 4096000, "incomeBeforeTax": -2368000, "incomeBeforeTaxRatio": -0.0119889022, "incomeTaxExpense": 814000, "netIncome": -3182000, "netIncomeRatio": -0.0161100873, "eps": -0.0669, "epsdiluted": -0.0669, "weightedAverageShsOut": 47590000, "weightedAverageShsOutDil": 47590000, "link": "https://www.sec.gov/Archives/edgar/data/887359/000162828024007824/0001628280-24-007824-index.htm", "finalLink": "https://www.sec.gov/Archives/edgar/data/887359/000162828024007824/vcel-20231231.htm", "calculatedOtherExpenses": 0, "calculatedOperatingExpenses": 142040000, "calculatedNetInterest": 4032000, "calculatedOtherIncome": 64000, "calculatedIncomeNonControlling": 0, "calculatedEbitda": -1832000}, {"date": "2022-12-31", "symbol": "VCEL", "reportedCurrency": "USD", "cik": "0000887359", "fillingDate": "2023-02-23", "acceptedDate": "2023-02-23 09:03:02", "calendarYear": "2022", "period": "FY", "revenue": 164365000, "costOfRevenue": 54577000, "grossProfit": 109788000, "grossProfitRatio": 0.667952423, "researchAndDevelopmentExpenses": 19943000, "generalAndAdministrativeExpenses": 0, "sellingAndMarketingExpenses": 0, "sellingGeneralAndAdministrativeExpenses": 106903000, "otherExpenses": 95000, "operatingExpenses": 126846000, "costAndExpenses": 181423000, "interestIncome": 1341000, "interestExpense": 366000, "depreciationAndAmortization": 1436000, "ebitda": -15622000, "ebitdaratio": -0.0950445654, "operatingIncome": -17058000, "operatingIncomeRatio": -0.1037812186, "totalOtherIncomeExpensesNet": 1070000, "incomeBeforeTax": -15988000, "incomeBeforeTaxRatio": -0.0972713169, "incomeTaxExpense": 721000, "netIncome": -16709000, "netIncomeRatio": -0.1016578955, "eps": -0.35, "epsdiluted": -0.35, "weightedAverageShsOut": 47130000, "weightedAverageShsOutDil": 47130000, "link": "https://www.sec.gov/Archives/edgar/data/887359/000162828023004714/0001628280-23-004714-index.htm", "finalLink": "https://www.sec.gov/Archives/edgar/data/887359/000162828023004714/vcel-20221231.htm", "calculatedOtherExpenses": 0, "calculatedOperatingExpenses": 126846000, "calculatedNetInterest": 975000, "calculatedOtherIncome": 95000, "calculatedIncomeNonControlling": 0, "calculatedEbitda": -15622000}, {"date": "2021-12-31", "symbol": "VCEL", "reportedCurrency": "USD", "cik": "0000887359", "fillingDate": "2022-02-24", "acceptedDate": "2022-02-24 09:03:00", "calendarYear": "2021", "period": "FY", "revenue": 156184000, "costOfRevenue": 50159000, "grossProfit": 106025000, "grossProfitRatio": 0.6788467449, "researchAndDevelopmentExpenses": 16287000, "generalAndAdministrativeExpenses": 0, "sellingAndMarketingExpenses": 0, "sellingGeneralAndAdministrativeExpenses": 97592000, "otherExpenses": 52000, "operatingExpenses": 113879000, "costAndExpenses": 164038000, "interestIncome": 224000, "interestExpense": 4000, "depreciationAndAmortization": 276000, "ebitda": -7578000, "ebitdaratio": -0.0485196947, "operatingIncome": -7854000, "operatingIncomeRatio": -0.0502868412, "totalOtherIncomeExpensesNet": 272000, "incomeBeforeTax": -7582000, "incomeBeforeTaxRatio": -0.0485453055, "incomeTaxExpense": -111000, "netIncome": -7471000, "netIncomeRatio": -0.0478346053, "eps": -0.16, "epsdiluted": -0.16, "weightedAverageShsOut": 46472000, "weightedAverageShsOutDil": 46472000, "link": "https://www.sec.gov/Archives/edgar/data/887359/000162828022003661/0001628280-22-003661-index.htm", "finalLink": "https://www.sec.gov/Archives/edgar/data/887359/000162828022003661/vcel-20211231.htm", "calculatedOtherExpenses": 0, "calculatedOperatingExpenses": 113879000, "calculatedNetInterest": 220000, "calculatedOtherIncome": 52000, "calculatedIncomeNonControlling": 0, "calculatedEbitda": -7578000}, {"date": "2020-12-31", "symbol": "VCEL", "reportedCurrency": "USD", "cik": "0000887359", "fillingDate": "2021-02-24", "acceptedDate": "2021-02-24 16:48:01", "calendarYear": "2020", "period": "FY", "revenue": 124179000, "costOfRevenue": 39951000, "grossProfit": 84228000, "grossProfitRatio": 0.6782789361, "researchAndDevelopmentExpenses": 13020000, "generalAndAdministrativeExpenses": 0, "sellingAndMarketingExpenses": 0, "sellingGeneralAndAdministrativeExpenses": 68836000, "otherExpenses": -13000, "operatingExpenses": 81856000, "costAndExpenses": 121807000, "interestIncome": 691000, "interestExpense": 6000, "depreciationAndAmortization": 2383000, "ebitda": 3050000, "ebitdaratio": 0.0245613187, "operatingIncome": 667000, "operatingIncomeRatio": 0.0053712786, "totalOtherIncomeExpensesNet": 2377000, "incomeBeforeTax": 3044000, "incomeBeforeTaxRatio": 0.0245130014, "incomeTaxExpense": 180000, "netIncome": 2864000, "netIncomeRatio": 0.0230634809, "eps": 0.0633, "epsdiluted": 0.0606, "weightedAverageShsOut": 45221000, "weightedAverageShsOutDil": 47282000, "link": "https://www.sec.gov/Archives/edgar/data/887359/000162828021003081/0001628280-21-003081-index.htm", "finalLink": "https://www.sec.gov/Archives/edgar/data/887359/000162828021003081/vcel-20201231.htm", "calculatedOtherExpenses": 1705000, "calculatedOperatingExpenses": 83561000, "calculatedNetInterest": 685000, "calculatedOtherIncome": 1692000, "calculatedIncomeNonControlling": 0, "calculatedEbitda": 3050000}, {"date": "2019-12-31", "symbol": "VCEL", "reportedCurrency": "USD", "cik": "0000887359", "fillingDate": "2020-02-25", "acceptedDate": "2020-02-25 17:23:32", "calendarYear": "2019", "period": "FY", "revenue": 117850000, "costOfRevenue": 37571000, "grossProfit": 80279000, "grossProfitRatio": 0.6811964361, "researchAndDevelopmentExpenses": 30391000, "generalAndAdministrativeExpenses": 0, "sellingAndMarketingExpenses": 0, "sellingGeneralAndAdministrativeExpenses": 61139000, "otherExpenses": -20000, "operatingExpenses": 91530000, "costAndExpenses": 129101000, "interestIncome": 1614000, "interestExpense": 8000, "depreciationAndAmortization": 1594000, "ebitda": -9657000, "ebitdaratio": -0.0819431481, "operatingIncome": -11251000, "operatingIncomeRatio": -0.0954688163, "totalOtherIncomeExpensesNet": 1586000, "incomeBeforeTax": -9665000, "incomeBeforeTaxRatio": -0.082011031, "incomeTaxExpense": -1756000, "netIncome": -7909000, "netIncomeRatio": -0.067110734, "eps": -0.18, "epsdiluted": -0.18, "weightedAverageShsOut": 44180000, "weightedAverageShsOutDil": 44180000, "link": "https://www.sec.gov/Archives/edgar/data/887359/000162828020002229/0001628280-20-002229-index.htm", "finalLink": "https://www.sec.gov/Archives/edgar/data/887359/000162828020002229/vcel12-31x201910k.htm", "calculatedOtherExpenses": 0, "calculatedOperatingExpenses": 91530000, "calculatedNetInterest": 1606000, "calculatedOtherIncome": -20000, "calculatedIncomeNonControlling": 0, "calculatedEbitda": -9657000}, {"date": "2018-12-31", "symbol": "VCEL", "reportedCurrency": "USD", "cik": "0000887359", "fillingDate": "2019-02-26", "acceptedDate": "2019-02-26 17:25:16", "calendarYear": "2018", "period": "FY", "revenue": 90857000, "costOfRevenue": 32160000, "grossProfit": 58697000, "grossProfitRatio": 0.6460371793, "researchAndDevelopmentExpenses": 13599000, "generalAndAdministrativeExpenses": 49007000, "sellingAndMarketingExpenses": 0, "sellingGeneralAndAdministrativeExpenses": 49007000, "otherExpenses": -31000, "operatingExpenses": 62606000, "costAndExpenses": 94766000, "interestIncome": 897000, "interestExpense": 1732000, "depreciationAndAmortization": 1426000, "ebitda": -3043000, "ebitdaratio": -0.033492191, "operatingIncome": -3909000, "operatingIncomeRatio": -0.0430236526, "totalOtherIncomeExpensesNet": -3393000, "incomeBeforeTax": -8137000, "incomeBeforeTaxRatio": -0.0895583169, "incomeTaxExpense": 3362000, "netIncome": -8137000, "netIncomeRatio": -0.0895583169, "eps": -0.2, "epsdiluted": -0.2, "weightedAverageShsOut": 40242000, "weightedAverageShsOutDil": 40242000, "link": "https://www.sec.gov/Archives/edgar/data/887359/000162828019002007/0001628280-19-002007-index.htm", "finalLink": "https://www.sec.gov/Archives/edgar/data/887359/000162828019002007/vcel12-31x201810k.htm", "calculatedOtherExpenses": 0, "calculatedOperatingExpenses": 62606000, "calculatedNetInterest": -835000, "calculatedOtherIncome": -3393000, "calculatedIncomeNonControlling": -3362000, "calculatedEbitda": -2483000}, {"date": "2017-12-31", "symbol": "VCEL", "reportedCurrency": "USD", "cik": "0000887359", "fillingDate": "2018-03-05", "acceptedDate": "2018-03-05 17:00:25", "calendarYear": "2017", "period": "FY", "revenue": 63924000, "costOfRevenue": 30354000, "grossProfit": 33570000, "grossProfitRatio": 0.5251548714, "researchAndDevelopmentExpenses": 12944000, "generalAndAdministrativeExpenses": 35610000, "sellingAndMarketingExpenses": 0, "sellingGeneralAndAdministrativeExpenses": 35610000, "otherExpenses": -92000, "operatingExpenses": 48554000, "costAndExpenses": 78908000, "interestIncome": 14000, "interestExpense": 1107000, "depreciationAndAmortization": 1612000, "ebitda": -15062000, "ebitdaratio": -0.235623553, "operatingIncome": -14984000, "operatingIncomeRatio": -0.234403354, "totalOtherIncomeExpensesNet": -1209000, "incomeBeforeTax": -17286000, "incomeBeforeTaxRatio": -0.2704148677, "incomeTaxExpense": 1117000, "netIncome": -17286000, "netIncomeRatio": -0.2704148677, "eps": -0.52, "epsdiluted": -0.52, "weightedAverageShsOut": 33354999, "weightedAverageShsOutDil": 33355000, "link": "https://www.sec.gov/Archives/edgar/data/887359/000162828018002753/0001628280-18-002753-index.htm", "finalLink": "https://www.sec.gov/Archives/edgar/data/887359/000162828018002753/vcel12-31x201710k.htm", "calculatedOtherExpenses": 0, "calculatedOperatingExpenses": 48554000, "calculatedNetInterest": -1093000, "calculatedOtherIncome": -1209000, "calculatedIncomeNonControlling": -1117000, "calculatedEbitda": -13372000}, {"date": "2016-12-31", "symbol": "VCEL", "reportedCurrency": "USD", "cik": "0000887359", "fillingDate": "2017-03-13", "acceptedDate": "2017-03-13 08:31:04", "calendarYear": "2016", "period": "FY", "revenue": 54383000, "costOfRevenue": 28307000, "grossProfit": 26076000, "grossProfitRatio": 0.4794880753, "researchAndDevelopmentExpenses": 15295000, "generalAndAdministrativeExpenses": 27388000, "sellingAndMarketingExpenses": 0, "sellingGeneralAndAdministrativeExpenses": 27388000, "otherExpenses": -10000, "operatingExpenses": 42683000, "costAndExpenses": 70990000, "interestIncome": 8000, "interestExpense": 314000, "depreciationAndAmortization": 1886000, "ebitda": -16609000, "ebitdaratio": -0.30540794, "operatingIncome": -19245000, "operatingIncomeRatio": -0.3538789695, "totalOtherIncomeExpensesNet": -2653000, "incomeBeforeTax": -19566000, "incomeBeforeTaxRatio": -0.3597815494, "incomeTaxExpense": 2643000, "netIncome": -19566000, "netIncomeRatio": -0.3597815494, "eps": -0.85, "epsdiluted": -0.85, "weightedAverageShsOut": 23093000, "weightedAverageShsOutDil": 23093000, "link": "https://www.sec.gov/Archives/edgar/data/887359/000162828017002492/0001628280-17-002492-index.htm", "finalLink": "https://www.sec.gov/Archives/edgar/data/887359/000162828017002492/vcel12-31x201610k.htm", "calculatedOtherExpenses": 2638000, "calculatedOperatingExpenses": 45321000, "calculatedNetInterest": -306000, "calculatedOtherIncome": -15000, "calculatedIncomeNonControlling": -2643000, "calculatedEbitda": -17359000}, {"date": "2015-12-31", "symbol": "VCEL", "reportedCurrency": "USD", "cik": "0000887359", "fillingDate": "2016-03-14", "acceptedDate": "2016-03-14 16:12:47", "calendarYear": "2015", "period": "FY", "revenue": 51168000, "costOfRevenue": 26470000, "grossProfit": 24698000, "grossProfitRatio": 0.4826844903, "researchAndDevelopmentExpenses": 18890000, "generalAndAdministrativeExpenses": 22479000, "sellingAndMarketingExpenses": 0, "sellingGeneralAndAdministrativeExpenses": 22479000, "otherExpenses": 47000, "operatingExpenses": 41369000, "costAndExpenses": 67839000, "interestIncome": 36000, "interestExpense": 9000, "depreciationAndAmortization": 1592000, "ebitda": -16588000, "ebitdaratio": -0.3241869919, "operatingIncome": -16671000, "operatingIncomeRatio": -0.3258090994, "totalOtherIncomeExpensesNet": 304000, "incomeBeforeTax": -16340000, "incomeBeforeTaxRatio": -0.3193402126, "incomeTaxExpense": -257000, "netIncome": -16340000, "netIncomeRatio": -0.3193402126, "eps": -0.69, "epsdiluted": -0.69, "weightedAverageShsOut": 23760000, "weightedAverageShsOutDil": 23760000, "link": "https://www.sec.gov/Archives/edgar/data/887359/000162828016012668/0001628280-16-012668-index.htm", "finalLink": "https://www.sec.gov/Archives/edgar/data/887359/000162828016012668/vcel12-31x201510k.htm", "calculatedOtherExpenses": 0, "calculatedOperatingExpenses": 41369000, "calculatedNetInterest": 27000, "calculatedOtherIncome": 304000, "calculatedIncomeNonControlling": 257000, "calculatedEbitda": -15079000}, {"date": "2014-12-31", "symbol": "VCEL", "reportedCurrency": "USD", "cik": "0000887359", "fillingDate": "2015-03-25", "acceptedDate": "2015-03-25 17:09:17", "calendarYear": "2014", "period": "FY", "revenue": 28796000, "costOfRevenue": 17293000, "grossProfit": 11503000, "grossProfitRatio": 0.3994652035, "researchAndDevelopmentExpenses": 21263000, "generalAndAdministrativeExpenses": 13774000, "sellingAndMarketingExpenses": 0, "sellingGeneralAndAdministrativeExpenses": 13774000, "otherExpenses": -2000, "operatingExpenses": 35037000, "costAndExpenses": 52330000, "interestIncome": 24000, "interestExpense": 6000, "depreciationAndAmortization": 752000, "ebitda": -23512000, "ebitdaratio": -0.816502292, "operatingIncome": -23534000, "operatingIncomeRatio": -0.817266287, "totalOtherIncomeExpensesNet": 3596000, "incomeBeforeTax": -19920000, "incomeBeforeTaxRatio": -0.6917627448, "incomeTaxExpense": -3598000, "netIncome": -19920000, "netIncomeRatio": -0.6917627448, "eps": -1.71, "epsdiluted": -1.71, "weightedAverageShsOut": 11642000, "weightedAverageShsOutDil": 11642000, "link": "https://www.sec.gov/Archives/edgar/data/887359/000110465915022712/0001104659-15-022712-index.htm", "finalLink": "https://www.sec.gov/Archives/edgar/data/887359/000110465915022712/a14-26769_110k.htm", "calculatedOtherExpenses": 0, "calculatedOperatingExpenses": 35037000, "calculatedNetInterest": 18000, "calculatedOtherIncome": 3596000, "calculatedIncomeNonControlling": 3598000, "calculatedEbitda": -22782000}, {"date": "2013-12-31", "symbol": "VCEL", "reportedCurrency": "USD", "cik": "0000887359", "fillingDate": "2014-03-13", "acceptedDate": "2014-03-13 16:03:59", "calendarYear": "2013", "period": "FY", "revenue": 19000, "costOfRevenue": 4000, "grossProfit": 15000, "grossProfitRatio": 0.7894736842, "researchAndDevelopmentExpenses": 15104000, "generalAndAdministrativeExpenses": 5875000, "sellingAndMarketingExpenses": 0, "sellingGeneralAndAdministrativeExpenses": 5875000, "otherExpenses": 0, "operatingExpenses": 20979000, "costAndExpenses": 20983000, "interestIncome": 16000, "interestExpense": 11000, "depreciationAndAmortization": 489000, "ebitda": -20459000, "ebitdaratio": -1076.7894736842, "operatingIncome": -20964000, "operatingIncomeRatio": -1103.3684210526, "totalOtherIncomeExpensesNet": 5337000, "incomeBeforeTax": -15622000, "incomeBeforeTaxRatio": -822.2105263158, "incomeTaxExpense": -5337000, "netIncome": -15622000, "netIncomeRatio": -822.2105263158, "eps": -5.18, "epsdiluted": -5.18, "weightedAverageShsOut": 3016000, "weightedAverageShsOutDil": 3016000, "link": "https://www.sec.gov/Archives/edgar/data/887359/000110465914019344/0001104659-14-019344-index.htm", "finalLink": "https://www.sec.gov/Archives/edgar/data/887359/000110465914019344/a14-2729_110k.htm", "calculatedOtherExpenses": 0, "calculatedOperatingExpenses": 20979000, "calculatedNetInterest": 5000, "calculatedOtherIncome": 5337000, "calculatedIncomeNonControlling": 5337000, "calculatedEbitda": -20475000}, {"date": "2012-12-31", "symbol": "VCEL", "reportedCurrency": "USD", "cik": "0000887359", "fillingDate": "2013-03-18", "acceptedDate": "2013-03-18 17:03:59", "calendarYear": "2012", "period": "FY", "revenue": 21000, "costOfRevenue": 6000, "grossProfit": 15000, "grossProfitRatio": 0.7142857143, "researchAndDevelopmentExpenses": 26025000, "generalAndAdministrativeExpenses": 7750000, "sellingAndMarketingExpenses": 0, "sellingGeneralAndAdministrativeExpenses": 7750000, "otherExpenses": 0, "operatingExpenses": 33775000, "costAndExpenses": 33781000, "interestIncome": 50000, "interestExpense": 12000, "depreciationAndAmortization": 649000, "ebitda": -33061000, "ebitdaratio": -1574.3333333333, "operatingIncome": -33760000, "operatingIncomeRatio": -1607.619047619, "totalOtherIncomeExpensesNet": 4248000, "incomeBeforeTax": -29474000, "incomeBeforeTaxRatio": -1403.5238095238, "incomeTaxExpense": -4248000, "netIncome": -29474000, "netIncomeRatio": -1403.5238095238, "eps": -14.31, "epsdiluted": -14.31, "weightedAverageShsOut": 2060000, "weightedAverageShsOutDil": 2060000, "link": "https://www.sec.gov/Archives/edgar/data/887359/000110465913021790/0001104659-13-021790-index.htm", "finalLink": "https://www.sec.gov/Archives/edgar/data/887359/000110465913021790/a13-1187_110k.htm", "calculatedOtherExpenses": 0, "calculatedOperatingExpenses": 33775000, "calculatedNetInterest": 38000, "calculatedOtherIncome": 4248000, "calculatedIncomeNonControlling": 4248000, "calculatedEbitda": -33111000}, {"date": "2011-12-31", "symbol": "VCEL", "reportedCurrency": "USD", "cik": "0000887359", "fillingDate": "2012-03-15", "acceptedDate": "2012-03-15 15:59:44", "calendarYear": "2011", "period": "FY", "revenue": 18000, "costOfRevenue": 4000, "grossProfit": 14000, "grossProfitRatio": 0.7777777778, "researchAndDevelopmentExpenses": 21330000, "generalAndAdministrativeExpenses": 0, "sellingAndMarketingExpenses": 0, "sellingGeneralAndAdministrativeExpenses": 7724000, "otherExpenses": 0, "operatingExpenses": 29054000, "costAndExpenses": 29058000, "interestIncome": 53000, "interestExpense": 10000, "depreciationAndAmortization": 647000, "ebitda": -37722000, "ebitdaratio": -2095.6666666667, "operatingIncome": -29040000, "operatingIncomeRatio": -1613.3333333333, "totalOtherIncomeExpensesNet": 9329000, "incomeBeforeTax": -19711000, "incomeBeforeTaxRatio": -1095.0555555556, "incomeTaxExpense": -18711000, "netIncome": -19668000, "netIncomeRatio": -1092.6666666667, "eps": -10.19, "epsdiluted": -10.19, "weightedAverageShsOut": 1931000, "weightedAverageShsOutDil": 1931000, "link": "https://www.sec.gov/Archives/edgar/data/887359/000110465912018573/0001104659-12-018573-index.htm", "finalLink": "https://www.sec.gov/Archives/edgar/data/887359/000110465912018573/a11-31698_110k.htm", "calculatedOtherExpenses": 0, "calculatedOperatingExpenses": 29054000, "calculatedNetInterest": 43000, "calculatedOtherIncome": 9286000, "calculatedIncomeNonControlling": 18668000, "calculatedEbitda": -28393000}, {"date": "2010-06-30", "symbol": "VCEL", "reportedCurrency": "USD", "cik": "0000887359", "fillingDate": "2010-09-07", "acceptedDate": "2010-09-07 14:55:24", "calendarYear": "2010", "period": "FY", "revenue": 89000, "costOfRevenue": 34000, "grossProfit": 55000, "grossProfitRatio": 0.6179775281, "researchAndDevelopmentExpenses": 12658000, "generalAndAdministrativeExpenses": 5201000, "sellingAndMarketingExpenses": 0, "sellingGeneralAndAdministrativeExpenses": 5201000, "otherExpenses": 0, "operatingExpenses": 17859000, "costAndExpenses": 17893000, "interestIncome": 115000, "interestExpense": 40000, "depreciationAndAmortization": 592000, "ebitda": -17212000, "ebitdaratio": -193.393258427, "operatingIncome": -17804000, "operatingIncomeRatio": -200.0449438202, "totalOtherIncomeExpensesNet": 75000, "incomeBeforeTax": -17729000, "incomeBeforeTaxRatio": -199.202247191, "incomeTaxExpense": -115000, "netIncome": -17729000, "netIncomeRatio": -199.202247191, "eps": -14.34, "epsdiluted": -14.34, "weightedAverageShsOut": 1236450, "weightedAverageShsOutDil": 1236450, "link": "https://www.sec.gov/Archives/edgar/data/887359/000095012310084160/0000950123-10-084160-index.htm", "finalLink": "https://www.sec.gov/Archives/edgar/data/887359/000095012310084160/a57191e10vk.htm", "calculatedOtherExpenses": 0, "calculatedOperatingExpenses": 17859000, "calculatedNetInterest": 75000, "calculatedOtherIncome": 0, "calculatedIncomeNonControlling": 115000, "calculatedEbitda": -17212000}, {"date": "2009-06-30", "symbol": "VCEL", "reportedCurrency": "USD", "cik": "0000887359", "fillingDate": "2009-09-14", "acceptedDate": "2009-09-14 16:59:32", "calendarYear": "2009", "period": "FY", "revenue": 182000, "costOfRevenue": 112000, "grossProfit": 70000, "grossProfitRatio": 0.3846153846, "researchAndDevelopmentExpenses": 11289000, "generalAndAdministrativeExpenses": 4950000, "sellingAndMarketingExpenses": 0, "sellingGeneralAndAdministrativeExpenses": 4950000, "otherExpenses": 0, "operatingExpenses": 16239000, "costAndExpenses": 16351000, "interestIncome": 296000, "interestExpense": 73000, "depreciationAndAmortization": 704000, "ebitda": -15465000, "ebitdaratio": -84.9725274725, "operatingIncome": -16169000, "operatingIncomeRatio": -88.8406593407, "totalOtherIncomeExpensesNet": 223000, "incomeBeforeTax": -15946000, "incomeBeforeTaxRatio": -87.6153846154, "incomeTaxExpense": -296000, "netIncome": -15946000, "netIncomeRatio": -87.6153846154, "eps": -17.84, "epsdiluted": -17.84, "weightedAverageShsOut": 893850, "weightedAverageShsOutDil": 893850, "link": "https://www.sec.gov/Archives/edgar/data/887359/000095012309043021/0000950123-09-043021-index.htm", "finalLink": "https://www.sec.gov/Archives/edgar/data/887359/000095012309043021/a53723e10vk.htm", "calculatedOtherExpenses": 0, "calculatedOperatingExpenses": 16239000, "calculatedNetInterest": 223000, "calculatedOtherIncome": 0, "calculatedIncomeNonControlling": 296000, "calculatedEbitda": -15465000}, {"date": "2008-06-30", "symbol": "VCEL", "reportedCurrency": "USD", "cik": "0000887359", "fillingDate": "2008-08-29", "acceptedDate": "2008-08-29 15:30:34", "calendarYear": "2008", "period": "FY", "revenue": 522000, "costOfRevenue": 56000, "grossProfit": 466000, "grossProfitRatio": 0.8927203065, "researchAndDevelopmentExpenses": 15249000, "generalAndAdministrativeExpenses": 6436000, "sellingAndMarketingExpenses": 0, "sellingGeneralAndAdministrativeExpenses": 6436000, "otherExpenses": 0, "operatingExpenses": 21685000, "costAndExpenses": 21741000, "interestIncome": 1170000, "interestExpense": -84000, "depreciationAndAmortization": 351000, "ebitda": -20868000, "ebitdaratio": -39.9770114943, "operatingIncome": -21219000, "operatingIncomeRatio": -40.6494252874, "totalOtherIncomeExpensesNet": 1086000, "incomeBeforeTax": -20133000, "incomeBeforeTaxRatio": -38.5689655172, "incomeTaxExpense": -1086000, "netIncome": -20133000, "netIncomeRatio": -38.5689655172, "eps": -24.95, "epsdiluted": -24.95, "weightedAverageShsOut": 807000, "weightedAverageShsOutDil": 807000, "link": "https://www.sec.gov/Archives/edgar/data/887359/000093639208000575/0000936392-08-000575-index.htm", "finalLink": "https://www.sec.gov/Archives/edgar/data/887359/000093639208000575/a43404e10vk.htm", "calculatedOtherExpenses": 0, "calculatedOperatingExpenses": 21685000, "calculatedNetInterest": 1254000, "calculatedOtherIncome": -168000, "calculatedIncomeNonControlling": 1086000, "calculatedEbitda": -20868000}, {"date": "2007-06-30", "symbol": "VCEL", "reportedCurrency": "USD", "cik": "0000887359", "fillingDate": "2007-09-13", "acceptedDate": "2007-09-13 16:19:24", "calendarYear": "2007", "period": "FY", "revenue": 685000, "costOfRevenue": 29000, "grossProfit": 656000, "grossProfitRatio": 0.9576642336, "researchAndDevelopmentExpenses": 11443000, "generalAndAdministrativeExpenses": 8682000, "sellingAndMarketingExpenses": 0, "sellingGeneralAndAdministrativeExpenses": 8682000, "otherExpenses": 0, "operatingExpenses": 20125000, "costAndExpenses": 20154000, "interestIncome": 1258000, "interestExpense": -84000, "depreciationAndAmortization": -47000, "ebitda": -19469000, "ebitdaratio": -28.4218978102, "operatingIncome": -19469000, "operatingIncomeRatio": -28.4218978102, "totalOtherIncomeExpensesNet": 1258000, "incomeBeforeTax": -16475000, "incomeBeforeTaxRatio": -24.0510948905, "incomeTaxExpense": -1828000, "netIncome": -17594000, "netIncomeRatio": -25.6846715328, "eps": -23.55, "epsdiluted": -23.55, "weightedAverageShsOut": 747018, "weightedAverageShsOutDil": 747018, "link": "https://www.sec.gov/Archives/edgar/data/887359/000093639207000734/0000936392-07-000734-index.htm", "finalLink": "https://www.sec.gov/Archives/edgar/data/887359/000093639207000734/a33490e10vk.htm", "calculatedOtherExpenses": 0, "calculatedOperatingExpenses": 20125000, "calculatedNetInterest": 1342000, "calculatedOtherIncome": 1652000, "calculatedIncomeNonControlling": 2947000, "calculatedEbitda": -19516000}, {"date": "2006-06-30", "symbol": "VCEL", "reportedCurrency": "USD", "cik": "0000887359", "fillingDate": "2006-09-13", "acceptedDate": "2006-09-13 17:14:15", "calendarYear": "2006", "period": "FY", "revenue": 863000, "costOfRevenue": 11000, "grossProfit": 852000, "grossProfitRatio": 0.9872537659, "researchAndDevelopmentExpenses": 9484000, "generalAndAdministrativeExpenses": 9101000, "sellingAndMarketingExpenses": 0, "sellingGeneralAndAdministrativeExpenses": 9101000, "otherExpenses": 0, "operatingExpenses": 18585000, "costAndExpenses": 18596000, "interestIncome": 594000, "interestExpense": 0, "depreciationAndAmortization": 191000, "ebitda": -17542000, "ebitdaratio": -20.3267670915, "operatingIncome": -17733000, "operatingIncomeRatio": -20.5480880649, "totalOtherIncomeExpensesNet": 606000, "incomeBeforeTax": -11811000, "incomeBeforeTaxRatio": -13.6859791425, "incomeTaxExpense": -1258000, "netIncome": -16475000, "netIncomeRatio": -19.090382387, "eps": -24.79, "epsdiluted": -24.79, "weightedAverageShsOut": 664462, "weightedAverageShsOutDil": 664462, "link": "https://www.sec.gov/Archives/edgar/data/887359/000093639206000885/0000936392-06-000885-index.htm", "finalLink": "https://www.sec.gov/Archives/edgar/data/887359/000093639206000885/a23567e10vk.htm", "calculatedOtherExpenses": 0, "calculatedOperatingExpenses": 18585000, "calculatedNetInterest": 594000, "calculatedOtherIncome": 5328000, "calculatedIncomeNonControlling": 5922000, "calculatedEbitda": -17542000}, {"date": "2005-06-30", "symbol": "VCEL", "reportedCurrency": "USD", "cik": "0000887359", "fillingDate": "2005-09-13", "acceptedDate": "2005-09-13 16:44:14", "calendarYear": "2005", "period": "FY", "revenue": 909000, "costOfRevenue": 148000, "grossProfit": 761000, "grossProfitRatio": 0.8371837184, "researchAndDevelopmentExpenses": 7206000, "generalAndAdministrativeExpenses": 5972000, "sellingAndMarketingExpenses": 0, "sellingGeneralAndAdministrativeExpenses": 5972000, "otherExpenses": 0, "operatingExpenses": 13178000, "costAndExpenses": 13326000, "interestIncome": 594000, "interestExpense": 0, "depreciationAndAmortization": 99000, "ebitda": -12330000, "ebitdaratio": -13.5643564356, "operatingIncome": -12417000, "operatingIncomeRatio": -13.6600660066, "totalOtherIncomeExpensesNet": 12000, "incomeBeforeTax": -12405000, "incomeBeforeTaxRatio": -13.6468646865, "incomeTaxExpense": -618000, "netIncome": -11811000, "netIncomeRatio": -12.9933993399, "eps": -20.2, "epsdiluted": -20.2, "weightedAverageShsOut": 584631, "weightedAverageShsOutDil": 584631, "link": "https://www.sec.gov/Archives/edgar/data/887359/000093639205000299/0000936392-05-000299-index.htm", "finalLink": "https://www.sec.gov/Archives/edgar/data/887359/000093639205000299/a10790e10vk.htm", "calculatedOtherExpenses": 0, "calculatedOperatingExpenses": 13178000, "calculatedNetInterest": 594000, "calculatedOtherIncome": -582000, "calculatedIncomeNonControlling": 24000, "calculatedEbitda": -12318000}, {"date": "2004-06-30", "symbol": "VCEL", "reportedCurrency": "USD", "cik": "0000887359", "fillingDate": "2004-09-13", "acceptedDate": "2004-09-13 16:48:16", "calendarYear": "2004", "period": "FY", "revenue": 1302000, "costOfRevenue": 280000, "grossProfit": 1022000, "grossProfitRatio": 0.7849462366, "researchAndDevelopmentExpenses": 6289000, "generalAndAdministrativeExpenses": 5390000, "sellingAndMarketingExpenses": 0, "sellingGeneralAndAdministrativeExpenses": 5390000, "otherExpenses": 6214000, "operatingExpenses": 11679000, "costAndExpenses": 11959000, "interestIncome": 169000, "interestExpense": 0, "depreciationAndAmortization": 125000, "ebitda": -10532000, "ebitdaratio": -8.089093702, "operatingIncome": -10657000, "operatingIncomeRatio": -8.1850998464, "totalOtherIncomeExpensesNet": 169000, "incomeBeforeTax": -10488000, "incomeBeforeTaxRatio": -8.0552995392, "incomeTaxExpense": -169000, "netIncome": -10488000, "netIncomeRatio": -8.0552995392, "eps": -22.77, "epsdiluted": -22.77, "weightedAverageShsOut": 460643, "weightedAverageShsOutDil": 460643, "link": "https://www.sec.gov/Archives/edgar/data/887359/000095013704007675/0000950137-04-007675-index.htm", "finalLink": "https://www.sec.gov/Archives/edgar/data/887359/000095013704007675/a01800e10vk.htm", "calculatedOtherExpenses": 0, "calculatedOperatingExpenses": 11679000, "calculatedNetInterest": 169000, "calculatedOtherIncome": 0, "calculatedIncomeNonControlling": 169000, "calculatedEbitda": -10532000}, {"date": "2003-06-30", "symbol": "VCEL", "reportedCurrency": "USD", "cik": "0000887359", "fillingDate": "2003-09-09", "acceptedDate": "2003-09-09 16:53:35", "calendarYear": "2003", "period": "FY", "revenue": 844000, "costOfRevenue": 893000, "grossProfit": -49000, "grossProfitRatio": -0.058056872, "researchAndDevelopmentExpenses": 5647000, "generalAndAdministrativeExpenses": 4017000, "sellingAndMarketingExpenses": 0, "sellingGeneralAndAdministrativeExpenses": 4017000, "otherExpenses": 5637000, "operatingExpenses": 9664000, "costAndExpenses": 10557000, "interestIncome": 134000, "interestExpense": 0, "depreciationAndAmortization": 119000, "ebitda": -9594000, "ebitdaratio": -11.3672985782, "operatingIncome": -9713000, "operatingIncomeRatio": -11.5082938389, "totalOtherIncomeExpensesNet": 134000, "incomeBeforeTax": -9579000, "incomeBeforeTaxRatio": -11.3495260664, "incomeTaxExpense": -134000, "netIncome": -9579000, "netIncomeRatio": -11.3495260664, "eps": -30.06, "epsdiluted": -30.06, "weightedAverageShsOut": 318650, "weightedAverageShsOutDil": 318650, "link": "https://www.sec.gov/Archives/edgar/data/887359/000093639203001243/0000936392-03-001243-index.htm", "finalLink": "https://www.sec.gov/Archives/edgar/data/887359/000093639203001243/a92649ore10vk.htm", "calculatedOtherExpenses": 0, "calculatedOperatingExpenses": 9664000, "calculatedNetInterest": 134000, "calculatedOtherIncome": 0, "calculatedIncomeNonControlling": 134000, "calculatedEbitda": -9594000}, {"date": "2002-06-30", "symbol": "VCEL", "reportedCurrency": "USD", "cik": "0000887359", "fillingDate": "2002-09-30", "acceptedDate": "2002-09-30 17:17:16", "calendarYear": "2002", "period": "FY", "revenue": 877000, "costOfRevenue": 202000, "grossProfit": 675000, "grossProfitRatio": 0.7696693273, "researchAndDevelopmentExpenses": 5428000, "generalAndAdministrativeExpenses": 3528000, "sellingAndMarketingExpenses": 0, "sellingGeneralAndAdministrativeExpenses": 3528000, "otherExpenses": 5637000, "operatingExpenses": 8956000, "costAndExpenses": 9158000, "interestIncome": 342000, "interestExpense": 0, "depreciationAndAmortization": 126000, "ebitda": -8155000, "ebitdaratio": -9.2987457241, "operatingIncome": -8281000, "operatingIncomeRatio": -9.4424173318, "totalOtherIncomeExpensesNet": 342000, "incomeBeforeTax": -7939000, "incomeBeforeTaxRatio": -9.0524515393, "incomeTaxExpense": -342000, "netIncome": -7939000, "netIncomeRatio": -9.0524515393, "eps": -30.16, "epsdiluted": -30.16, "weightedAverageShsOut": 263256, "weightedAverageShsOutDil": 263256, "link": "https://www.sec.gov/Archives/edgar/data/887359/000093639202001214/0000936392-02-001214-index.htm", "finalLink": "https://www.sec.gov/Archives/edgar/data/887359/000093639202001214/a84646e10vk.htm", "calculatedOtherExpenses": 0, "calculatedOperatingExpenses": 8956000, "calculatedNetInterest": 342000, "calculatedOtherIncome": 0, "calculatedIncomeNonControlling": 342000, "calculatedEbitda": -8155000}, {"date": "2001-06-30", "symbol": "VCEL", "reportedCurrency": "USD", "cik": "0000887359", "fillingDate": "2001-09-14", "acceptedDate": "2001-09-14 00:00:00", "calendarYear": "2001", "period": "FY", "revenue": 899000, "costOfRevenue": 13000, "grossProfit": 886000, "grossProfitRatio": 0.9855394883, "researchAndDevelopmentExpenses": 4983000, "generalAndAdministrativeExpenses": 2482000, "sellingAndMarketingExpenses": 0, "sellingGeneralAndAdministrativeExpenses": 2482000, "otherExpenses": 0, "operatingExpenses": 7465000, "costAndExpenses": 7478000, "interestIncome": 364000, "interestExpense": 0, "depreciationAndAmortization": 102000, "ebitda": -6477000, "ebitdaratio": -7.2046718576, "operatingIncome": -6579000, "operatingIncomeRatio": -7.318131257, "totalOtherIncomeExpensesNet": 364000, "incomeBeforeTax": -9390000, "incomeBeforeTaxRatio": -10.4449388209, "incomeTaxExpense": -653000, "netIncome": -5926000, "netIncomeRatio": -6.5917686318, "eps": -27.86, "epsdiluted": -27.86, "weightedAverageShsOut": 212687, "weightedAverageShsOutDil": 212687, "link": "https://www.sec.gov/Archives/edgar/data/887359/000095010901503540/0000950109-01-503540-index.htm", "finalLink": "https://www.sec.gov/Archives/edgar/data/887359/000095010901503540/d10k.htm", "calculatedOtherExpenses": 0, "calculatedOperatingExpenses": 7465000, "calculatedNetInterest": 364000, "calculatedOtherIncome": -3175000, "calculatedIncomeNonControlling": -2811000, "calculatedEbitda": -6477000}, {"date": "2000-06-30", "symbol": "VCEL", "reportedCurrency": "USD", "cik": "0000887359", "fillingDate": "2000-09-22", "acceptedDate": "2000-09-22 00:00:00", "calendarYear": "2000", "period": "FY", "revenue": 1150000, "costOfRevenue": 926000, "grossProfit": 224000, "grossProfitRatio": 0.1947826087, "researchAndDevelopmentExpenses": 6289000, "generalAndAdministrativeExpenses": 3364000, "sellingAndMarketingExpenses": 0, "sellingGeneralAndAdministrativeExpenses": 3364000, "otherExpenses": 325000, "operatingExpenses": 9978000, "costAndExpenses": 10904000, "interestIncome": 364000, "interestExpense": 0, "depreciationAndAmortization": 325000, "ebitda": -9429000, "ebitdaratio": -8.1991304348, "operatingIncome": -9754000, "operatingIncomeRatio": -8.4817391304, "totalOtherIncomeExpensesNet": 364000, "incomeBeforeTax": -9390000, "incomeBeforeTaxRatio": -8.1652173913, "incomeTaxExpense": -364000, "netIncome": -9390000, "netIncomeRatio": -8.1652173913, "eps": -64.36, "epsdiluted": -64.36, "weightedAverageShsOut": 145900, "weightedAverageShsOutDil": 145900, "link": "https://www.sec.gov/Archives/edgar/data/887359/000089843000002751/0000898430-00-002751-index.htm", "finalLink": "https://www.sec.gov/Archives/edgar/data/887359/000089843000002751/0000898430-00-002751-0001.txt", "calculatedOtherExpenses": 325000, "calculatedOperatingExpenses": 9978000, "calculatedNetInterest": 364000, "calculatedOtherIncome": 0, "calculatedIncomeNonControlling": 364000, "calculatedEbitda": -9429000}, {"date": "1999-06-30", "symbol": "VCEL", "reportedCurrency": "USD", "cik": "0000887359", "fillingDate": "1999-09-20", "acceptedDate": "1999-09-20 00:00:00", "calendarYear": "1999", "period": "FY", "revenue": 881000, "costOfRevenue": 6000, "grossProfit": 875000, "grossProfitRatio": 0.9931895573, "researchAndDevelopmentExpenses": 10871000, "generalAndAdministrativeExpenses": 2836000, "sellingAndMarketingExpenses": 0, "sellingGeneralAndAdministrativeExpenses": 2836000, "otherExpenses": 0, "operatingExpenses": 13707000, "costAndExpenses": 13713000, "interestIncome": 0, "interestExpense": 0, "depreciationAndAmortization": 226000, "ebitda": -13843000, "ebitdaratio": -15.7128263337, "operatingIncome": -12832000, "operatingIncomeRatio": -14.5652667423, "totalOtherIncomeExpensesNet": 1237000, "incomeBeforeTax": -11595000, "incomeBeforeTaxRatio": -13.1611804767, "incomeTaxExpense": -3041000, "netIncome": -11028000, "netIncomeRatio": -12.5175936436, "eps": -115.01, "epsdiluted": -115.01, "weightedAverageShsOut": 95887, "weightedAverageShsOutDil": 95887, "link": "https://www.sec.gov/Archives/edgar/data/887359/000107299399000177/0001072993-99-000177-index.html", "finalLink": "https://www.sec.gov/Archives/edgar/data/887359/000107299399000177/", "calculatedOtherExpenses": 0, "calculatedOperatingExpenses": 13707000, "calculatedNetInterest": 0, "calculatedOtherIncome": 1237000, "calculatedIncomeNonControlling": 2474000, "calculatedEbitda": -12606000}, {"date": "1998-06-30", "symbol": "VCEL", "reportedCurrency": "USD", "cik": "0000887359", "fillingDate": "1998-09-29", "acceptedDate": "1998-09-29 00:00:00", "calendarYear": "1998", "period": "FY", "revenue": 249000, "costOfRevenue": 0, "grossProfit": 249000, "grossProfitRatio": 1, "researchAndDevelopmentExpenses": 15498000, "generalAndAdministrativeExpenses": 2858000, "sellingAndMarketingExpenses": 0, "sellingGeneralAndAdministrativeExpenses": 2858000, "otherExpenses": 0, "operatingExpenses": 18356000, "costAndExpenses": 18356000, "interestIncome": 0, "interestExpense": 0, "depreciationAndAmortization": 377000, "ebitda": -17730000, "ebitdaratio": -71.2048192771, "operatingIncome": -18107000, "operatingIncomeRatio": -72.718875502, "totalOtherIncomeExpensesNet": 0, "incomeBeforeTax": 0, "incomeBeforeTaxRatio": 0, "incomeTaxExpense": -874000, "netIncome": -17233000, "netIncomeRatio": -69.2088353414, "eps": -206.34, "epsdiluted": -206.34, "weightedAverageShsOut": 83518, "weightedAverageShsOutDil": 83518, "link": "https://www.sec.gov/Archives/edgar/data/887359/000103221098001073/0001032210-98-001073-index.html", "finalLink": "https://www.sec.gov/Archives/edgar/data/887359/", "calculatedOtherExpenses": 0, "calculatedOperatingExpenses": 18356000, "calculatedNetInterest": 0, "calculatedOtherIncome": 18107000, "calculatedIncomeNonControlling": 18107000, "calculatedEbitda": -17730000}, {"date": "1997-06-30", "symbol": "VCEL", "reportedCurrency": "USD", "cik": "0000887359", "fillingDate": "1997-09-25", "acceptedDate": "1997-09-25 00:00:00", "calendarYear": "1997", "period": "FY", "revenue": 400000, "costOfRevenue": -500000, "grossProfit": 900000, "grossProfitRatio": 2.25, "researchAndDevelopmentExpenses": 13400000, "generalAndAdministrativeExpenses": 2000000, "sellingAndMarketingExpenses": 0, "sellingGeneralAndAdministrativeExpenses": 2000000, "otherExpenses": 500000, "operatingExpenses": 15900000, "costAndExpenses": 15400000, "interestIncome": 0, "interestExpense": 0, "depreciationAndAmortization": 500000, "ebitda": -15200000, "ebitdaratio": -38, "operatingIncome": -15000000, "operatingIncomeRatio": -37.5, "totalOtherIncomeExpensesNet": 700000, "incomeBeforeTax": -14300000, "incomeBeforeTaxRatio": -35.75, "incomeTaxExpense": -1400000, "netIncome": -14300000, "netIncomeRatio": -35.75, "eps": -203.2, "epsdiluted": -203.2, "weightedAverageShsOut": 70374, "weightedAverageShsOutDil": 70374, "link": "https://www.sec.gov/Archives/edgar/data/887359/000101287097001861/0001012870-97-001861-index.html", "finalLink": "https://www.sec.gov/Archives/edgar/data/887359/", "calculatedOtherExpenses": 500000, "calculatedOperatingExpenses": 15900000, "calculatedNetInterest": 0, "calculatedOtherIncome": 700000, "calculatedIncomeNonControlling": 1400000, "calculatedEbitda": -14500000}, {"date": "1996-06-30", "symbol": "VCEL", "reportedCurrency": "USD", "cik": "0000887359", "fillingDate": "1996-06-30", "acceptedDate": "1996-06-30 00:00:00", "calendarYear": "1996", "period": "FY", "revenue": 1600000, "costOfRevenue": 9600000, "grossProfit": -8000000, "grossProfitRatio": -5, "researchAndDevelopmentExpenses": 0, "generalAndAdministrativeExpenses": 0, "sellingAndMarketingExpenses": 0, "sellingGeneralAndAdministrativeExpenses": 2100000, "otherExpenses": 400000, "operatingExpenses": 2500000, "costAndExpenses": 12100000, "interestIncome": 0, "interestExpense": 0, "depreciationAndAmortization": 400000, "ebitda": -10800000, "ebitdaratio": -6.75, "operatingIncome": -10500000, "operatingIncomeRatio": -6.5625, "totalOtherIncomeExpensesNet": 700000, "incomeBeforeTax": -9800000, "incomeBeforeTaxRatio": -6.125, "incomeTaxExpense": -1300000, "netIncome": -9900000, "netIncomeRatio": -6.1875, "eps": -171.2, "epsdiluted": -171.2, "weightedAverageShsOut": 57827, "weightedAverageShsOutDil": 57827, "link": null, "finalLink": null, "calculatedOtherExpenses": 400000, "calculatedOperatingExpenses": 2500000, "calculatedNetInterest": 0, "calculatedOtherIncome": 700000, "calculatedIncomeNonControlling": 1400000, "calculatedEbitda": -10100000}]}