{"originalCurrency": "USD", "convertedCurrency": "USD", "report": [{"date": "2023-12-31", "symbol": "VCTR", "reportedCurrency": "USD", "cik": "0001570827", "fillingDate": "2024-02-29", "acceptedDate": "2024-02-29 13:37:19", "calendarYear": "2023", "period": "FY", "revenue": 840357000, "costOfRevenue": 191243000, "grossProfit": 649114000, "grossProfitRatio": 0.7724264807, "researchAndDevelopmentExpenses": 0, "generalAndAdministrativeExpenses": 56287000, "sellingAndMarketingExpenses": 149596000, "sellingGeneralAndAdministrativeExpenses": 56287000, "otherExpenses": -271780000, "operatingExpenses": 271780000, "costAndExpenses": 463023000, "interestIncome": 27243000, "interestExpense": 79793000, "depreciationAndAmortization": 41647000, "ebitda": 418981000, "ebitdaratio": 0.4985750104, "operatingIncome": 377334000, "operatingIncomeRatio": 0.4490163109, "totalOtherIncomeExpensesNet": -101426000, "incomeBeforeTax": 275908000, "incomeBeforeTaxRatio": 0.3283223678, "incomeTaxExpense": 62751000, "netIncome": 213157000, "netIncomeRatio": 0.2536505319, "eps": 3.22, "epsdiluted": 3.12, "weightedAverageShsOut": 66202000, "weightedAverageShsOutDil": 68214000, "link": "https://www.sec.gov/Archives/edgar/data/1570827/000095017024022869/0000950170-24-022869-index.htm", "finalLink": "https://www.sec.gov/Archives/edgar/data/1570827/000095017024022869/vctr-20231231.htm", "calculatedOtherExpenses": 215493000, "calculatedOperatingExpenses": 271780000, "calculatedNetInterest": -52550000, "calculatedOtherIncome": -48876000, "calculatedIncomeNonControlling": 0, "calculatedEbitda": 418981000}, {"date": "2022-12-31", "symbol": "VCTR", "reportedCurrency": "USD", "cik": "0001570827", "fillingDate": "2023-03-06", "acceptedDate": "2023-03-06 08:28:11", "calendarYear": "2022", "period": "FY", "revenue": 854800000, "costOfRevenue": 399303000, "grossProfit": 455497000, "grossProfitRatio": 0.5328696771, "researchAndDevelopmentExpenses": 0, "generalAndAdministrativeExpenses": 52373000, "sellingAndMarketingExpenses": 161105000, "sellingGeneralAndAdministrativeExpenses": 52373000, "otherExpenses": 43201000, "operatingExpenses": 95574000, "costAndExpenses": 494877000, "interestIncome": 3684000, "interestExpense": 46427000, "depreciationAndAmortization": 4016000, "ebitda": 403124000, "ebitdaratio": 0.4716003744, "operatingIncome": 399108000, "operatingIncomeRatio": 0.4669021993, "totalOtherIncomeExpensesNet": -49075000, "incomeBeforeTax": 350033000, "incomeBeforeTaxRatio": 0.409491109, "incomeTaxExpense": 74522000, "netIncome": 275511000, "netIncomeRatio": 0.322310482, "eps": 4.02, "epsdiluted": 3.81, "weightedAverageShsOut": 68481000, "weightedAverageShsOutDil": 72266000, "link": "https://www.sec.gov/Archives/edgar/data/1570827/000095017023006124/0000950170-23-006124-index.htm", "finalLink": "https://www.sec.gov/Archives/edgar/data/1570827/000095017023006124/vctr-20221231.htm", "calculatedOtherExpenses": 4016000, "calculatedOperatingExpenses": 56389000, "calculatedNetInterest": -42743000, "calculatedOtherIncome": -6332000, "calculatedIncomeNonControlling": 0, "calculatedEbitda": 403124000}, {"date": "2021-12-31", "symbol": "VCTR", "reportedCurrency": "USD", "cik": "0001570827", "fillingDate": "2022-03-14", "acceptedDate": "2022-03-14 16:20:31", "calendarYear": "2021", "period": "FY", "revenue": 890265000, "costOfRevenue": 411218000, "grossProfit": 479047000, "grossProfitRatio": 0.5380948369, "researchAndDevelopmentExpenses": 0, "generalAndAdministrativeExpenses": 53722000, "sellingAndMarketingExpenses": 176385000, "sellingGeneralAndAdministrativeExpenses": 53722000, "otherExpenses": 18840000, "operatingExpenses": 72562000, "costAndExpenses": 483780000, "interestIncome": 6045000, "interestExpense": 24652000, "depreciationAndAmortization": 57525000, "ebitda": 431370000, "ebitdaratio": 0.4845411198, "operatingIncome": 373845000, "operatingIncomeRatio": 0.4199255278, "totalOtherIncomeExpensesNet": -23203000, "incomeBeforeTax": 350642000, "incomeBeforeTaxRatio": 0.3938625016, "incomeTaxExpense": 72253000, "netIncome": 278389000, "netIncomeRatio": 0.3127035209, "eps": 4.1, "epsdiluted": 3.75, "weightedAverageShsOut": 67976000, "weightedAverageShsOutDil": 74151000, "link": "https://www.sec.gov/Archives/edgar/data/1570827/000156459022010087/0001564590-22-010087-index.htm", "finalLink": "https://www.sec.gov/Archives/edgar/data/1570827/000156459022010087/vctr-10k_20211231.htm", "calculatedOtherExpenses": 51480000, "calculatedOperatingExpenses": 105202000, "calculatedNetInterest": -18607000, "calculatedOtherIncome": -4596000, "calculatedIncomeNonControlling": 0, "calculatedEbitda": 431370000}, {"date": "2020-12-31", "symbol": "VCTR", "reportedCurrency": "USD", "cik": "0001570827", "fillingDate": "2021-03-15", "acceptedDate": "2021-03-15 08:28:59", "calendarYear": "2020", "period": "FY", "revenue": 775351000, "costOfRevenue": 372845000, "grossProfit": 402506000, "grossProfitRatio": 0.5191274661, "researchAndDevelopmentExpenses": 0, "generalAndAdministrativeExpenses": 51218000, "sellingAndMarketingExpenses": 175687000, "sellingGeneralAndAdministrativeExpenses": 51218000, "otherExpenses": 16381000, "operatingExpenses": 67599000, "costAndExpenses": 440444000, "interestIncome": 3703000, "interestExpense": 37005000, "depreciationAndAmortization": 40278000, "ebitda": 354991000, "ebitdaratio": 0.4578455435, "operatingIncome": 314713000, "operatingIncomeRatio": 0.4058974581, "totalOtherIncomeExpensesNet": -36173000, "incomeBeforeTax": 278540000, "incomeBeforeTaxRatio": 0.359243749, "incomeTaxExpense": 66018000, "netIncome": 212522000, "netIncomeRatio": 0.2740977957, "eps": 3.14, "epsdiluted": 2.88, "weightedAverageShsOut": 67710000, "weightedAverageShsOutDil": 73719000, "link": "https://www.sec.gov/Archives/edgar/data/1570827/000156459021013018/0001564590-21-013018-index.htm", "finalLink": "https://www.sec.gov/Archives/edgar/data/1570827/000156459021013018/vctr-10k_20201231.htm", "calculatedOtherExpenses": 36575000, "calculatedOperatingExpenses": 87793000, "calculatedNetInterest": -33302000, "calculatedOtherIncome": -2871000, "calculatedIncomeNonControlling": 0, "calculatedEbitda": 354991000}, {"date": "2019-12-31", "symbol": "VCTR", "reportedCurrency": "USD", "cik": "0001570827", "fillingDate": "2020-03-13", "acceptedDate": "2020-03-13 08:48:24", "calendarYear": "2019", "period": "FY", "revenue": 612373000, "costOfRevenue": 326431000, "grossProfit": 285942000, "grossProfitRatio": 0.4669409004, "researchAndDevelopmentExpenses": 0, "generalAndAdministrativeExpenses": 46568000, "sellingAndMarketingExpenses": 146622000, "sellingGeneralAndAdministrativeExpenses": 46568000, "otherExpenses": 23873000, "operatingExpenses": 70441000, "costAndExpenses": 396872000, "interestIncome": 6829000, "interestExpense": 40901000, "depreciationAndAmortization": 23873000, "ebitda": 246203000, "ebitdaratio": 0.4020474449, "operatingIncome": 222330000, "operatingIncomeRatio": 0.3630630351, "totalOtherIncomeExpensesNet": -101642000, "incomeBeforeTax": 120688000, "incomeBeforeTaxRatio": 0.1970824971, "incomeTaxExpense": 28197000, "netIncome": 92491000, "netIncomeRatio": 0.1510370314, "eps": 1.37, "epsdiluted": 1.26, "weightedAverageShsOut": 67616000, "weightedAverageShsOutDil": 73466000, "link": "https://www.sec.gov/Archives/edgar/data/1570827/000156459020010652/0001564590-20-010652-index.htm", "finalLink": "https://www.sec.gov/Archives/edgar/data/1570827/000156459020010652/vctr-10k_20191231.htm", "calculatedOtherExpenses": 17044000, "calculatedOperatingExpenses": 63612000, "calculatedNetInterest": -34072000, "calculatedOtherIncome": -67570000, "calculatedIncomeNonControlling": 0, "calculatedEbitda": 246203000}, {"date": "2018-12-31", "symbol": "VCTR", "reportedCurrency": "USD", "cik": "0001570827", "fillingDate": "2019-03-15", "acceptedDate": "2019-03-15 07:06:12", "calendarYear": "2018", "period": "FY", "revenue": 413412000, "costOfRevenue": 240560000, "grossProfit": 172852000, "grossProfitRatio": 0.4181107467, "researchAndDevelopmentExpenses": 0, "generalAndAdministrativeExpenses": 30005000, "sellingAndMarketingExpenses": 94680000, "sellingGeneralAndAdministrativeExpenses": 30005000, "otherExpenses": -2856000, "operatingExpenses": 53282000, "costAndExpenses": 293842000, "interestIncome": -2856000, "interestExpense": 23550000, "depreciationAndAmortization": 23277000, "ebitda": 142847000, "ebitdaratio": 0.3455318181, "operatingIncome": 114519000, "operatingIncomeRatio": 0.2770093756, "totalOtherIncomeExpensesNet": -11109000, "incomeBeforeTax": 84911000, "incomeBeforeTaxRatio": 0.2053907482, "incomeTaxExpense": 21207000, "netIncome": 63704000, "netIncomeRatio": 0.1540932532, "eps": 0.9, "epsdiluted": 0.9, "weightedAverageShsOut": 70511000, "weightedAverageShsOutDil": 70511000, "link": "https://www.sec.gov/Archives/edgar/data/1570827/000155837019002082/0001558370-19-002082-index.htm", "finalLink": "https://www.sec.gov/Archives/edgar/data/1570827/000155837019002082/vctr-20181231x10k.htm", "calculatedOtherExpenses": 28328000, "calculatedOperatingExpenses": 58333000, "calculatedNetInterest": -26406000, "calculatedOtherIncome": -3202000, "calculatedIncomeNonControlling": 0, "calculatedEbitda": 137796000}, {"date": "2017-12-31", "symbol": "VCTR", "reportedCurrency": "USD", "cik": "0001570827", "fillingDate": "2018-03-29", "acceptedDate": "2018-03-29 07:04:24", "calendarYear": "2017", "period": "FY", "revenue": 409629000, "costOfRevenue": 247550000, "grossProfit": 162079000, "grossProfitRatio": 0.3956726697, "researchAndDevelopmentExpenses": 0, "generalAndAdministrativeExpenses": 33996000, "sellingAndMarketingExpenses": 103439000, "sellingGeneralAndAdministrativeExpenses": 33996000, "otherExpenses": -2913000, "operatingExpenses": 63906000, "costAndExpenses": 311456000, "interestIncome": -2913000, "interestExpense": 47085000, "depreciationAndAmortization": 29910000, "ebitda": 123788000, "ebitdaratio": 0.3021954012, "operatingIncome": 90168000, "operatingIncomeRatio": 0.220121134, "totalOtherIncomeExpensesNet": -8335000, "incomeBeforeTax": 38458000, "incomeBeforeTaxRatio": 0.0938849544, "incomeTaxExpense": 12632000, "netIncome": 25826000, "netIncomeRatio": 0.063047294, "eps": 0.47, "epsdiluted": 0.47, "weightedAverageShsOut": 55118673, "weightedAverageShsOutDil": 55118673, "link": "https://www.sec.gov/Archives/edgar/data/1570827/000104746918002299/0001047469-18-002299-index.htm", "finalLink": "https://www.sec.gov/Archives/edgar/data/1570827/000104746918002299/a2234849z10-k.htm", "calculatedOtherExpenses": 37915000, "calculatedOperatingExpenses": 71911000, "calculatedNetInterest": -49998000, "calculatedOtherIncome": -1712000, "calculatedIncomeNonControlling": 0, "calculatedEbitda": 120078000}, {"date": "2016-12-31", "symbol": "VCTR", "reportedCurrency": "USD", "cik": "0001570827", "fillingDate": "2016-12-31", "acceptedDate": "2016-12-31 00:00:00", "calendarYear": "2016", "period": "FY", "revenue": 297883000, "costOfRevenue": 200112000, "grossProfit": 97771000, "grossProfitRatio": 0.3282194687, "researchAndDevelopmentExpenses": 0, "generalAndAdministrativeExpenses": 26628000, "sellingAndMarketingExpenses": 77497000, "sellingGeneralAndAdministrativeExpenses": 26628000, "otherExpenses": 30405000, "operatingExpenses": 57033000, "costAndExpenses": 257145000, "interestIncome": 1086000, "interestExpense": 34642000, "depreciationAndAmortization": 30405000, "ebitda": 72229000, "ebitdaratio": 0.2424743943, "operatingIncome": 24485000, "operatingIncomeRatio": 0.0821967014, "totalOtherIncomeExpensesNet": -16253000, "incomeBeforeTax": -9071000, "incomeBeforeTaxRatio": -0.0304515531, "incomeTaxExpense": -3000000, "netIncome": -6071000, "netIncomeRatio": -0.020380485, "eps": -0.0912, "epsdiluted": -0.0852, "weightedAverageShsOut": 66567257, "weightedAverageShsOutDil": 71217606, "link": null, "finalLink": null, "calculatedOtherExpenses": 46658000, "calculatedOperatingExpenses": 73286000, "calculatedNetInterest": -33556000, "calculatedOtherIncome": 0, "calculatedIncomeNonControlling": 0, "calculatedEbitda": 54890000}, {"date": "2015-12-31", "symbol": "VCTR", "reportedCurrency": "USD", "cik": "0001570827", "fillingDate": "2015-12-31", "acceptedDate": "2015-12-31 00:00:00", "calendarYear": "2015", "period": "FY", "revenue": 240763000, "costOfRevenue": 145300000, "grossProfit": 95463000, "grossProfitRatio": 0.3965019542, "researchAndDevelopmentExpenses": 0, "generalAndAdministrativeExpenses": 22959000, "sellingAndMarketingExpenses": 51481000, "sellingGeneralAndAdministrativeExpenses": 22959000, "otherExpenses": 27291000, "operatingExpenses": 50250000, "costAndExpenses": 195550000, "interestIncome": 47000, "interestExpense": 23380000, "depreciationAndAmortization": 27291000, "ebitda": 69886000, "ebitdaratio": 0.2902688536, "operatingIncome": 33220000, "operatingIncomeRatio": 0.1379780116, "totalOtherIncomeExpensesNet": -11993000, "incomeBeforeTax": 7222000, "incomeBeforeTaxRatio": 0.0299963034, "incomeTaxExpense": 3422000, "netIncome": 3800000, "netIncomeRatio": 0.015783156, "eps": 0.0571, "epsdiluted": 0.0534, "weightedAverageShsOut": 66567257, "weightedAverageShsOutDil": 71217606, "link": null, "finalLink": null, "calculatedOtherExpenses": 39284000, "calculatedOperatingExpenses": 62243000, "calculatedNetInterest": -23333000, "calculatedOtherIncome": -2665000, "calculatedIncomeNonControlling": 0, "calculatedEbitda": 60511000}, {"date": "2001-12-31", "symbol": "VCTR", "reportedCurrency": "USD", "cik": "0001570827", "fillingDate": "2022-02-10", "acceptedDate": "2022-02-10 16:31:14", "calendarYear": "2001", "period": "FY", "revenue": 775351000000, "costOfRevenue": 197158000000, "grossProfit": 578193000000, "grossProfitRatio": 0.7457177459, "researchAndDevelopmentExpenses": 0, "generalAndAdministrativeExpenses": 264533000000, "sellingAndMarketingExpenses": 175687000000, "sellingGeneralAndAdministrativeExpenses": 440220000000, "otherExpenses": 20418000000, "operatingExpenses": 460638000000, "costAndExpenses": 657796000000, "interestIncome": 0, "interestExpense": 3703000000, "depreciationAndAmortization": 16381000000, "ebitda": 298624000000, "ebitdaratio": 0.3851468561, "operatingIncome": 314713000000, "operatingIncomeRatio": 0.4058974581, "totalOtherIncomeExpensesNet": -36173000000, "incomeBeforeTax": 278540000000, "incomeBeforeTaxRatio": 0.359243749, "incomeTaxExpense": 66018000000, "netIncome": 212522000000, "netIncomeRatio": 0.2740977957, "eps": 3.14, "epsdiluted": 2.88, "weightedAverageShsOut": 67710000000, "weightedAverageShsOutDil": 73719000000, "link": "https://www.sec.gov/Archives/edgar/data/1570827/000115752322000181/0001157523-22-000181-index.htm", "finalLink": "https://www.sec.gov/Archives/edgar/data/1570827/000115752322000181/a52577414ex99_1.htm", "calculatedOtherExpenses": -176740000000, "calculatedOperatingExpenses": 263480000000, "calculatedNetInterest": -3703000000, "calculatedOtherIncome": -32470000000, "calculatedIncomeNonControlling": 0, "calculatedEbitda": 331094000000}]}