{"originalCurrency": "USD", "convertedCurrency": "USD", "report": [{"date": "2023-12-31", "symbol": "VECO", "reportedCurrency": "USD", "cik": "0000103145", "fillingDate": "2024-02-16", "acceptedDate": "2024-02-16 13:06:07", "calendarYear": "2023", "period": "FY", "revenue": 666435000, "costOfRevenue": 389857000, "grossProfit": 276578000, "grossProfitRatio": 0.4150112164, "researchAndDevelopmentExpenses": 112853000, "generalAndAdministrativeExpenses": 0, "sellingAndMarketingExpenses": 0, "sellingGeneralAndAdministrativeExpenses": 91656000, "otherExpenses": -97091000, "operatingExpenses": 204509000, "costAndExpenses": 594366000, "interestIncome": 10583000, "interestExpense": 11770000, "depreciationAndAmortization": 24966000, "ebitda": 97035000, "ebitdaratio": 0.1456030971, "operatingIncome": 72069000, "operatingIncomeRatio": 0.108141079, "totalOtherIncomeExpensesNet": -100407000, "incomeBeforeTax": -28338000, "incomeBeforeTaxRatio": -0.0425217763, "incomeTaxExpense": 2029999, "netIncome": -30368000, "netIncomeRatio": -0.0455678348, "eps": -0.56, "epsdiluted": -0.56, "weightedAverageShsOut": 53769000, "weightedAverageShsOutDil": 53769000, "link": "https://www.sec.gov/Archives/edgar/data/103145/000155837024001289/0001558370-24-001289-index.htm", "finalLink": "https://www.sec.gov/Archives/edgar/data/103145/000155837024001289/veco-20231231x10k.htm", "calculatedOtherExpenses": 0, "calculatedOperatingExpenses": 204509000, "calculatedNetInterest": -1187000, "calculatedOtherIncome": -99220000, "calculatedIncomeNonControlling": 1, "calculatedEbitda": 97035000}, {"date": "2022-12-31", "symbol": "VECO", "reportedCurrency": "USD", "cik": "0000103145", "fillingDate": "2023-02-22", "acceptedDate": "2023-02-22 16:04:08", "calendarYear": "2022", "period": "FY", "revenue": 646137000, "costOfRevenue": 382989000, "grossProfit": 263148000, "grossProfitRatio": 0.4072634751, "researchAndDevelopmentExpenses": 103565000, "generalAndAdministrativeExpenses": 0, "sellingAndMarketingExpenses": 0, "sellingGeneralAndAdministrativeExpenses": 88952000, "otherExpenses": 10335000, "operatingExpenses": 202852000, "costAndExpenses": 585841000, "interestIncome": 2199000, "interestExpense": 9311000, "depreciationAndAmortization": 10018000, "ebitda": 70314000, "ebitdaratio": 0.1088221229, "operatingIncome": 60296000, "operatingIncomeRatio": 0.093317671, "totalOtherIncomeExpensesNet": -9311000, "incomeBeforeTax": 50985000, "incomeBeforeTaxRatio": 0.0789074144, "incomeTaxExpense": -115957000, "netIncome": 166942000, "netIncomeRatio": 0.2583693551, "eps": 3.35, "epsdiluted": 2.71, "weightedAverageShsOut": 49906000, "weightedAverageShsOutDil": 65607000, "link": "https://www.sec.gov/Archives/edgar/data/103145/000155837023001744/0001558370-23-001744-index.htm", "finalLink": "https://www.sec.gov/Archives/edgar/data/103145/000155837023001744/veco-20221231x10k.htm", "calculatedOtherExpenses": 10335000, "calculatedOperatingExpenses": 202852000, "calculatedNetInterest": -7112000, "calculatedOtherIncome": -2199000, "calculatedIncomeNonControlling": 0, "calculatedEbitda": 70314000}, {"date": "2021-12-31", "symbol": "VECO", "reportedCurrency": "USD", "cik": "0000103145", "fillingDate": "2022-02-18", "acceptedDate": "2022-02-18 16:58:44", "calendarYear": "2021", "period": "FY", "revenue": 583277000, "costOfRevenue": 341003000, "grossProfit": 242274000, "grossProfitRatio": 0.4153669697, "researchAndDevelopmentExpenses": 88680000, "generalAndAdministrativeExpenses": 0, "sellingAndMarketingExpenses": 0, "sellingGeneralAndAdministrativeExpenses": 84536000, "otherExpenses": 12348000, "operatingExpenses": 185564000, "costAndExpenses": 526567000, "interestIncome": 2340000, "interestExpense": 26020000, "depreciationAndAmortization": 7270000, "ebitda": 63980000, "ebitdaratio": 0.109690593, "operatingIncome": 56710000, "operatingIncomeRatio": 0.0972265322, "totalOtherIncomeExpensesNet": -31030000, "incomeBeforeTax": 25680000, "incomeBeforeTaxRatio": 0.0440271089, "incomeTaxExpense": -358000, "netIncome": 26038000, "netIncomeRatio": 0.0446408825, "eps": 0.53, "epsdiluted": 0.49, "weightedAverageShsOut": 49073000, "weightedAverageShsOutDil": 53643000, "link": "https://www.sec.gov/Archives/edgar/data/103145/000155837022001461/0001558370-22-001461-index.htm", "finalLink": "https://www.sec.gov/Archives/edgar/data/103145/000155837022001461/veco-20211231x10k.htm", "calculatedOtherExpenses": 12348000, "calculatedOperatingExpenses": 185564000, "calculatedNetInterest": -23680000, "calculatedOtherIncome": -7350000, "calculatedIncomeNonControlling": 0, "calculatedEbitda": 63980000}, {"date": "2020-12-31", "symbol": "VECO", "reportedCurrency": "USD", "cik": "0000103145", "fillingDate": "2021-02-22", "acceptedDate": "2021-02-22 15:14:21", "calendarYear": "2020", "period": "FY", "revenue": 454163000, "costOfRevenue": 259863000, "grossProfit": 194300000, "grossProfitRatio": 0.4278199677, "researchAndDevelopmentExpenses": 78994000, "generalAndAdministrativeExpenses": 0, "sellingAndMarketingExpenses": 0, "sellingGeneralAndAdministrativeExpenses": 76251000, "otherExpenses": 15112000, "operatingExpenses": 170357000, "costAndExpenses": 430220000, "interestIncome": 1551000, "interestExpense": 24739000, "depreciationAndAmortization": 18089000, "ebitda": 40654000, "ebitdaratio": 0.0895141172, "operatingIncome": 22565000, "operatingIncomeRatio": 0.0496848048, "totalOtherIncomeExpensesNet": -31029000, "incomeBeforeTax": -8464000, "incomeBeforeTaxRatio": -0.0186364807, "incomeTaxExpense": -73000, "netIncome": -8391000, "netIncomeRatio": -0.0184757455, "eps": -0.17, "epsdiluted": -0.17, "weightedAverageShsOut": 48362000, "weightedAverageShsOutDil": 48362000, "link": "https://www.sec.gov/Archives/edgar/data/103145/000155837021001358/0001558370-21-001358-index.htm", "finalLink": "https://www.sec.gov/Archives/edgar/data/103145/000155837021001358/veco-20201231x10k.htm", "calculatedOtherExpenses": 16490000, "calculatedOperatingExpenses": 171735000, "calculatedNetInterest": -23188000, "calculatedOtherIncome": -7841000, "calculatedIncomeNonControlling": 0, "calculatedEbitda": 40654000}, {"date": "2019-12-31", "symbol": "VECO", "reportedCurrency": "USD", "cik": "0000103145", "fillingDate": "2020-02-21", "acceptedDate": "2020-02-21 17:11:28", "calendarYear": "2019", "period": "FY", "revenue": 419349000, "costOfRevenue": 261155000, "grossProfit": 158194000, "grossProfitRatio": 0.3772370985, "researchAndDevelopmentExpenses": 90557000, "generalAndAdministrativeExpenses": 0, "sellingAndMarketingExpenses": 0, "sellingGeneralAndAdministrativeExpenses": 79749000, "otherExpenses": 17043000, "operatingExpenses": 187349000, "costAndExpenses": 448504000, "interestIncome": 4680000, "interestExpense": 22085000, "depreciationAndAmortization": 27508000, "ebitda": -1647000, "ebitdaratio": -0.0039275162, "operatingIncome": -29155000, "operatingIncomeRatio": -0.0695244295, "totalOtherIncomeExpensesNet": -48801000, "incomeBeforeTax": -77956000, "incomeBeforeTaxRatio": -0.1858976652, "incomeTaxExpense": 777000, "netIncome": -78733000, "netIncomeRatio": -0.1877505371, "eps": -1.66, "epsdiluted": -1.66, "weightedAverageShsOut": 47482000, "weightedAverageShsOutDil": 47482000, "link": "https://www.sec.gov/Archives/edgar/data/103145/000155837020001167/0001558370-20-001167-index.htm", "finalLink": "https://www.sec.gov/Archives/edgar/data/103145/000155837020001167/veco-20191231x10kb097ae.htm", "calculatedOtherExpenses": 17043000, "calculatedOperatingExpenses": 187349000, "calculatedNetInterest": -17405000, "calculatedOtherIncome": -31396000, "calculatedIncomeNonControlling": 0, "calculatedEbitda": -1647000}, {"date": "2018-12-31", "symbol": "VECO", "reportedCurrency": "USD", "cik": "0000103145", "fillingDate": "2019-02-25", "acceptedDate": "2019-02-25 15:26:40", "calendarYear": "2018", "period": "FY", "revenue": 542082000, "costOfRevenue": 348363000, "grossProfit": 193719000, "grossProfitRatio": 0.3573610635, "researchAndDevelopmentExpenses": 97755000, "generalAndAdministrativeExpenses": 92060000, "sellingAndMarketingExpenses": 0, "sellingGeneralAndAdministrativeExpenses": 92060000, "otherExpenses": -368000, "operatingExpenses": 222166000, "costAndExpenses": 570529000, "interestIncome": 3186000, "interestExpense": 21518000, "depreciationAndAmortization": 32351000, "ebitda": 390591000, "ebitdaratio": 0.7205385901, "operatingIncome": -415502000, "operatingIncomeRatio": -0.7664928922, "totalOtherIncomeExpensesNet": -387055000, "incomeBeforeTax": -433834000, "incomeBeforeTaxRatio": -0.8003106541, "incomeTaxExpense": -26746000, "netIncome": -407088000, "netIncomeRatio": -0.7509712553, "eps": -8.63, "epsdiluted": -8.63, "weightedAverageShsOut": 47151000, "weightedAverageShsOutDil": 47151000, "link": "https://www.sec.gov/Archives/edgar/data/103145/000155837019000983/0001558370-19-000983-index.htm", "finalLink": "https://www.sec.gov/Archives/edgar/data/103145/000155837019000983/veco-20181231x10k.htm", "calculatedOtherExpenses": 419406000, "calculatedOperatingExpenses": 609221000, "calculatedNetInterest": -18332000, "calculatedOtherIncome": 0, "calculatedIncomeNonControlling": 0, "calculatedEbitda": -383151000}, {"date": "2017-12-31", "symbol": "VECO", "reportedCurrency": "USD", "cik": "0000103145", "fillingDate": "2018-02-21", "acceptedDate": "2018-02-21 16:25:24", "calendarYear": "2017", "period": "FY", "revenue": 484756000, "costOfRevenue": 300438000, "grossProfit": 184318000, "grossProfitRatio": 0.3802284036, "researchAndDevelopmentExpenses": 81987000, "generalAndAdministrativeExpenses": 100250000, "sellingAndMarketingExpenses": 0, "sellingGeneralAndAdministrativeExpenses": 100250000, "otherExpenses": 392000, "operatingExpenses": 217712000, "costAndExpenses": 518150000, "interestIncome": 2335000, "interestExpense": 19457000, "depreciationAndAmortization": 35475000, "ebitda": 32857000, "ebitdaratio": 0.0677804916, "operatingIncome": -63778000, "operatingIncomeRatio": -0.1315672214, "totalOtherIncomeExpensesNet": -30384000, "incomeBeforeTax": -80900000, "incomeBeforeTaxRatio": -0.1668880839, "incomeTaxExpense": -36107000, "netIncome": -44793000, "netIncomeRatio": -0.0924031884, "eps": -1.01, "epsdiluted": -1.01, "weightedAverageShsOut": 44174000, "weightedAverageShsOutDil": 44174000, "link": "https://www.sec.gov/Archives/edgar/data/103145/000110465918011084/0001104659-18-011084-index.htm", "finalLink": "https://www.sec.gov/Archives/edgar/data/103145/000110465918011084/a18-1089_110k.htm", "calculatedOtherExpenses": 65859000, "calculatedOperatingExpenses": 248096000, "calculatedNetInterest": -17122000, "calculatedOtherIncome": 0, "calculatedIncomeNonControlling": 0, "calculatedEbitda": -28303000}, {"date": "2016-12-31", "symbol": "VECO", "reportedCurrency": "USD", "cik": "0000103145", "fillingDate": "2017-02-22", "acceptedDate": "2017-02-22 17:01:49", "calendarYear": "2016", "period": "FY", "revenue": 332451000, "costOfRevenue": 199593000, "grossProfit": 132858000, "grossProfitRatio": 0.3996318254, "researchAndDevelopmentExpenses": 81016000, "generalAndAdministrativeExpenses": 77642000, "sellingAndMarketingExpenses": 0, "sellingGeneralAndAdministrativeExpenses": 77642000, "otherExpenses": -223000, "operatingExpenses": 177877000, "costAndExpenses": 377470000, "interestIncome": 1180000, "interestExpense": 222000, "depreciationAndAmortization": 19219000, "ebitda": 49360000, "ebitdaratio": 0.1484730081, "operatingIncome": -120402000, "operatingIncomeRatio": -0.3621646498, "totalOtherIncomeExpensesNet": -75383000, "incomeBeforeTax": -119444000, "incomeBeforeTaxRatio": -0.3592830222, "incomeTaxExpense": 2766000, "netIncome": -122210000, "netIncomeRatio": -0.3676030453, "eps": -3.11, "epsdiluted": -3.11, "weightedAverageShsOut": 39340000, "weightedAverageShsOutDil": 39340000, "link": "https://www.sec.gov/Archives/edgar/data/103145/000110465917010878/0001104659-17-010878-index.htm", "finalLink": "https://www.sec.gov/Archives/edgar/data/103145/000110465917010878/a17-1151_110k.htm", "calculatedOtherExpenses": 94602000, "calculatedOperatingExpenses": 253260000, "calculatedNetInterest": 958000, "calculatedOtherIncome": 0, "calculatedIncomeNonControlling": 0, "calculatedEbitda": -101183000}, {"date": "2015-12-31", "symbol": "VECO", "reportedCurrency": "USD", "cik": "0000103145", "fillingDate": "2016-02-25", "acceptedDate": "2016-02-25 16:46:45", "calendarYear": "2015", "period": "FY", "revenue": 477038000, "costOfRevenue": 299797000, "grossProfit": 177241000, "grossProfitRatio": 0.3715448245, "researchAndDevelopmentExpenses": 78543000, "generalAndAdministrativeExpenses": 90188000, "sellingAndMarketingExpenses": 0, "sellingGeneralAndAdministrativeExpenses": 90188000, "otherExpenses": 697000, "operatingExpenses": 196365000, "costAndExpenses": 496162000, "interestIncome": 1050000, "interestExpense": 464000, "depreciationAndAmortization": 27634000, "ebitda": 13315000, "ebitdaratio": 0.0279118225, "operatingIncome": -23232000, "operatingIncomeRatio": -0.0487005228, "totalOtherIncomeExpensesNet": -4108000, "incomeBeforeTax": -22646000, "incomeBeforeTaxRatio": -0.0474721091, "incomeTaxExpense": 9332000, "netIncome": -31978000, "netIncomeRatio": -0.067034492, "eps": -0.8, "epsdiluted": -0.8, "weightedAverageShsOut": 39742000, "weightedAverageShsOutDil": 39742000, "link": "https://www.sec.gov/Archives/edgar/data/103145/000110465916100036/0001104659-16-100036-index.htm", "finalLink": "https://www.sec.gov/Archives/edgar/data/103145/000110465916100036/a15-23356_110k.htm", "calculatedOtherExpenses": 31742000, "calculatedOperatingExpenses": 200473000, "calculatedNetInterest": 586000, "calculatedOtherIncome": 0, "calculatedIncomeNonControlling": 0, "calculatedEbitda": 4402000}, {"date": "2014-12-31", "symbol": "VECO", "reportedCurrency": "USD", "cik": "0000103145", "fillingDate": "2015-02-24", "acceptedDate": "2015-02-24 12:59:52", "calendarYear": "2014", "period": "FY", "revenue": 392873000, "costOfRevenue": 257991000, "grossProfit": 134882000, "grossProfitRatio": 0.3433221423, "researchAndDevelopmentExpenses": 81171000, "generalAndAdministrativeExpenses": 89760000, "sellingAndMarketingExpenses": 0, "sellingGeneralAndAdministrativeExpenses": 89760000, "otherExpenses": 3182000, "operatingExpenses": 184077000, "costAndExpenses": 442068000, "interestIncome": 1570000, "interestExpense": 715000, "depreciationAndAmortization": 13146000, "ebitda": -2853000, "ebitdaratio": -0.0072618887, "operatingIncome": -79209000, "operatingIncomeRatio": -0.2016147712, "totalOtherIncomeExpensesNet": -30014000, "incomeBeforeTax": -78354000, "incomeBeforeTaxRatio": -0.1994384954, "incomeTaxExpense": -11414000, "netIncome": -66940000, "netIncomeRatio": -0.1703858499, "eps": -1.7, "epsdiluted": -1.7, "weightedAverageShsOut": 39350000, "weightedAverageShsOutDil": 39350000, "link": "https://www.sec.gov/Archives/edgar/data/103145/000110465915013387/0001104659-15-013387-index.htm", "finalLink": "https://www.sec.gov/Archives/edgar/data/103145/000110465915013387/a14-24979_110k.htm", "calculatedOtherExpenses": 43160000, "calculatedOperatingExpenses": 214091000, "calculatedNetInterest": 855000, "calculatedOtherIncome": 0, "calculatedIncomeNonControlling": 0, "calculatedEbitda": -66063000}, {"date": "2013-12-31", "symbol": "VECO", "reportedCurrency": "USD", "cik": "0000103145", "fillingDate": "2014-02-28", "acceptedDate": "2014-02-28 16:02:21", "calendarYear": "2013", "period": "FY", "revenue": 331749000, "costOfRevenue": 228607000, "grossProfit": 103142000, "grossProfitRatio": 0.3109037254, "researchAndDevelopmentExpenses": 81424000, "generalAndAdministrativeExpenses": 85486000, "sellingAndMarketingExpenses": 0, "sellingGeneralAndAdministrativeExpenses": 85486000, "otherExpenses": 1017000, "operatingExpenses": 172437000, "costAndExpenses": 401044000, "interestIncome": 1200000, "interestExpense": 598000, "depreciationAndAmortization": 5527000, "ebitda": -60234000, "ebitdaratio": -0.1815649783, "operatingIncome": -71812000, "operatingIncomeRatio": -0.2164648575, "totalOtherIncomeExpensesNet": -2517000, "incomeBeforeTax": -71210000, "incomeBeforeTaxRatio": -0.2146502326, "incomeTaxExpense": -28947000, "netIncome": -42263000, "netIncomeRatio": -0.1273945061, "eps": -1.09, "epsdiluted": -1.09, "weightedAverageShsOut": 38773394, "weightedAverageShsOutDil": 38807000, "link": "https://www.sec.gov/Archives/edgar/data/103145/000110465914014824/0001104659-14-014824-index.htm", "finalLink": "https://www.sec.gov/Archives/edgar/data/103145/000110465914014824/a14-4581_110k.htm", "calculatedOtherExpenses": 8044000, "calculatedOperatingExpenses": 174954000, "calculatedNetInterest": 602000, "calculatedOtherIncome": 0, "calculatedIncomeNonControlling": 0, "calculatedEbitda": -66285000}, {"date": "2012-12-31", "symbol": "VECO", "reportedCurrency": "USD", "cik": "0000103145", "fillingDate": "2013-11-04", "acceptedDate": "2013-11-04 07:16:11", "calendarYear": "2012", "period": "FY", "revenue": 516020000, "costOfRevenue": 300887000, "grossProfit": 215133000, "grossProfitRatio": 0.4169082594, "researchAndDevelopmentExpenses": 95153000, "generalAndAdministrativeExpenses": 73110000, "sellingAndMarketingExpenses": 0, "sellingGeneralAndAdministrativeExpenses": 73110000, "otherExpenses": 398000, "operatingExpenses": 173171000, "costAndExpenses": 474058000, "interestIncome": 2476000, "interestExpense": 1502000, "depreciationAndAmortization": 16192000, "ebitda": 61028000, "ebitdaratio": 0.1182667338, "operatingIncome": 37212000, "operatingIncomeRatio": 0.072113484, "totalOtherIncomeExpensesNet": -4750000, "incomeBeforeTax": 38186000, "incomeBeforeTaxRatio": 0.0740010077, "incomeTaxExpense": 11657000, "netIncome": 30928000, "netIncomeRatio": 0.0599356614, "eps": 0.8, "epsdiluted": 0.79, "weightedAverageShsOut": 38477000, "weightedAverageShsOutDil": 39051000, "link": "https://www.sec.gov/Archives/edgar/data/103145/000104746913010200/0001047469-13-010200-index.htm", "finalLink": "https://www.sec.gov/Archives/edgar/data/103145/000104746913010200/a2217194z10-k.htm", "calculatedOtherExpenses": 9658000, "calculatedOperatingExpenses": 177921000, "calculatedNetInterest": 974000, "calculatedOtherIncome": 0, "calculatedIncomeNonControlling": -4399000, "calculatedEbitda": 53404000}, {"date": "2011-12-31", "symbol": "VECO", "reportedCurrency": "USD", "cik": "0000103145", "fillingDate": "2012-02-22", "acceptedDate": "2012-02-22 15:47:12", "calendarYear": "2011", "period": "FY", "revenue": 979135000, "costOfRevenue": 504801000, "grossProfit": 474334000, "grossProfitRatio": 0.4844418798, "researchAndDevelopmentExpenses": 96596000, "generalAndAdministrativeExpenses": 95134000, "sellingAndMarketingExpenses": 0, "sellingGeneralAndAdministrativeExpenses": 95134000, "otherExpenses": 4473000, "operatingExpenses": 196203000, "costAndExpenses": 701004000, "interestIncome": 3776000, "interestExpense": 4600000, "depreciationAndAmortization": 4734000, "ebitda": 288086000, "ebitdaratio": 0.2942250047, "operatingIncome": 276259000, "operatingIncomeRatio": 0.2821459758, "totalOtherIncomeExpensesNet": -5221000, "incomeBeforeTax": 272086000, "incomeBeforeTaxRatio": 0.2778840507, "incomeTaxExpense": 81584000, "netIncome": 127987000, "netIncomeRatio": 0.130714355, "eps": 3.23, "epsdiluted": 3.11, "weightedAverageShsOut": 39658000, "weightedAverageShsOutDil": 41155000, "link": "https://www.sec.gov/Archives/edgar/data/103145/000104746912001286/0001047469-12-001286-index.htm", "finalLink": "https://www.sec.gov/Archives/edgar/data/103145/000104746912001286/a2207410z10-k.htm", "calculatedOtherExpenses": 6345000, "calculatedOperatingExpenses": 198075000, "calculatedNetInterest": -824000, "calculatedOtherIncome": -3349000, "calculatedIncomeNonControlling": 62515000, "calculatedEbitda": 280993000}, {"date": "2010-12-31", "symbol": "VECO", "reportedCurrency": "USD", "cik": "0000103145", "fillingDate": "2011-02-24", "acceptedDate": "2011-02-24 16:37:19", "calendarYear": "2010", "period": "FY", "revenue": 933231000, "costOfRevenue": 489406000, "grossProfit": 443825000, "grossProfitRatio": 0.4755789295, "researchAndDevelopmentExpenses": 71390000, "generalAndAdministrativeExpenses": 91777000, "sellingAndMarketingExpenses": 0, "sellingGeneralAndAdministrativeExpenses": 91777000, "otherExpenses": 3262000, "operatingExpenses": 166429000, "costAndExpenses": 655835000, "interestIncome": 1629000, "interestExpense": 6572000, "depreciationAndAmortization": 4876000, "ebitda": 282272000, "ebitdaratio": 0.3024674491, "operatingIncome": 277575000, "operatingIncomeRatio": 0.2974343973, "totalOtherIncomeExpensesNet": 179000, "incomeBeforeTax": 271003000, "incomeBeforeTaxRatio": 0.2903921966, "incomeTaxExpense": 10472000, "netIncome": 361760000, "netIncomeRatio": 0.3876425022, "eps": 9.16, "epsdiluted": 8.51, "weightedAverageShsOut": 39499000, "weightedAverageShsOutDil": 42514000, "link": "https://www.sec.gov/Archives/edgar/data/103145/000104746911001284/0001047469-11-001284-index.htm", "finalLink": "https://www.sec.gov/Archives/edgar/data/103145/000104746911001284/a2202112z10-k.htm", "calculatedOtherExpenses": 3083000, "calculatedOperatingExpenses": 166250000, "calculatedNetInterest": -4943000, "calculatedOtherIncome": -1629000, "calculatedIncomeNonControlling": -101229000, "calculatedEbitda": 282451000}, {"date": "2009-12-31", "symbol": "VECO", "reportedCurrency": "USD", "cik": "0000103145", "fillingDate": "2010-02-24", "acceptedDate": "2010-02-24 17:15:58", "calendarYear": "2009", "period": "FY", "revenue": 380149000, "costOfRevenue": 228587000, "grossProfit": 151562000, "grossProfitRatio": 0.3986910396, "researchAndDevelopmentExpenses": 57430000, "generalAndAdministrativeExpenses": 85455000, "sellingAndMarketingExpenses": 0, "sellingGeneralAndAdministrativeExpenses": 85455000, "otherExpenses": 8128000, "operatingExpenses": 151013000, "costAndExpenses": 379600000, "interestIncome": 882000, "interestExpense": 6850000, "depreciationAndAmortization": 7338000, "ebitda": 7887000, "ebitdaratio": 0.0207471281, "operatingIncome": -7435000, "operatingIncomeRatio": -0.0195581206, "totalOtherIncomeExpensesNet": -7984000, "incomeBeforeTax": -14285000, "incomeBeforeTaxRatio": -0.037577371, "incomeTaxExpense": 1347000, "netIncome": -15567000, "netIncomeRatio": -0.0409497329, "eps": -0.48, "epsdiluted": -0.48, "weightedAverageShsOut": 32628000, "weightedAverageShsOutDil": 32628000, "link": "https://www.sec.gov/Archives/edgar/data/103145/000104746910001258/0001047469-10-001258-index.htm", "finalLink": "https://www.sec.gov/Archives/edgar/data/103145/000104746910001258/a2196619z10-k.htm", "calculatedOtherExpenses": 16112000, "calculatedOperatingExpenses": 158997000, "calculatedNetInterest": -5968000, "calculatedOtherIncome": -882000, "calculatedIncomeNonControlling": -65000, "calculatedEbitda": -97000}, {"date": "2008-12-31", "symbol": "VECO", "reportedCurrency": "USD", "cik": "0000103145", "fillingDate": "2009-03-02", "acceptedDate": "2009-03-02 13:58:15", "calendarYear": "2008", "period": "FY", "revenue": 442809000, "costOfRevenue": 266215000, "grossProfit": 176594000, "grossProfitRatio": 0.398803999, "researchAndDevelopmentExpenses": 60353000, "generalAndAdministrativeExpenses": 92838000, "sellingAndMarketingExpenses": 0, "sellingGeneralAndAdministrativeExpenses": 92838000, "otherExpenses": 83399000, "operatingExpenses": 236590000, "costAndExpenses": 502805000, "interestIncome": -2588000, "interestExpense": 6400000, "depreciationAndAmortization": 25089000, "ebitda": 43340000, "ebitdaratio": 0.0978751561, "operatingIncome": -70558000, "operatingIncomeRatio": -0.1593418381, "totalOtherIncomeExpensesNet": -78247000, "incomeBeforeTax": -69401000, "incomeBeforeTaxRatio": -0.1567289734, "incomeTaxExpense": 1892000, "netIncome": -71063000, "netIncomeRatio": -0.1604822847, "eps": -2.27, "epsdiluted": -2.27, "weightedAverageShsOut": 31347000, "weightedAverageShsOutDil": 31347000, "link": "https://www.sec.gov/Archives/edgar/data/103145/000104746909002094/0001047469-09-002094-index.htm", "finalLink": "https://www.sec.gov/Archives/edgar/data/103145/000104746909002094/a2191098z10-k.htm", "calculatedOtherExpenses": 93961000, "calculatedOperatingExpenses": 247152000, "calculatedNetInterest": -8988000, "calculatedOtherIncome": 10145000, "calculatedIncomeNonControlling": -230000, "calculatedEbitda": -45469000}, {"date": "2007-12-31", "symbol": "VECO", "reportedCurrency": "USD", "cik": "0000103145", "fillingDate": "2008-02-28", "acceptedDate": "2008-02-28 12:58:34", "calendarYear": "2007", "period": "FY", "revenue": 402475000, "costOfRevenue": 244964000, "grossProfit": 157511000, "grossProfitRatio": 0.3913559848, "researchAndDevelopmentExpenses": 61174000, "generalAndAdministrativeExpenses": 90972000, "sellingAndMarketingExpenses": 0, "sellingGeneralAndAdministrativeExpenses": 90972000, "otherExpenses": 10700000, "operatingExpenses": 162846000, "costAndExpenses": 407810000, "interestIncome": -3963000, "interestExpense": 6976000, "depreciationAndAmortization": 24991000, "ebitda": 26094000, "ebitdaratio": 0.0648338406, "operatingIncome": -12061000, "operatingIncomeRatio": -0.0299670787, "totalOtherIncomeExpensesNet": -6438000, "incomeBeforeTax": -14336000, "incomeBeforeTaxRatio": -0.0356196037, "incomeTaxExpense": 3651000, "netIncome": -17359000, "netIncomeRatio": -0.0431306292, "eps": -0.56, "epsdiluted": -0.56, "weightedAverageShsOut": 31020000, "weightedAverageShsOutDil": 31020000, "link": "https://www.sec.gov/Archives/edgar/data/103145/000104746908001893/0001047469-08-001893-index.htm", "finalLink": "https://www.sec.gov/Archives/edgar/data/103145/000104746908001893/a2182931z10-k.htm", "calculatedOtherExpenses": 17426000, "calculatedOperatingExpenses": 169572000, "calculatedNetInterest": -10939000, "calculatedOtherIncome": 8664000, "calculatedIncomeNonControlling": -628000, "calculatedEbitda": 12930000}, {"date": "2006-12-31", "symbol": "VECO", "reportedCurrency": "USD", "cik": "0000103145", "fillingDate": "2007-02-28", "acceptedDate": "2007-02-28 12:10:45", "calendarYear": "2006", "period": "FY", "revenue": 441034000, "costOfRevenue": 246910000, "grossProfit": 194124000, "grossProfitRatio": 0.4401565412, "researchAndDevelopmentExpenses": 61925000, "generalAndAdministrativeExpenses": 93110000, "sellingAndMarketingExpenses": 0, "sellingGeneralAndAdministrativeExpenses": 93110000, "otherExpenses": 15473000, "operatingExpenses": 170508000, "costAndExpenses": 417418000, "interestIncome": -4926000, "interestExpense": 9194000, "depreciationAndAmortization": 30080000, "ebitda": 53954000, "ebitdaratio": 0.1223352395, "operatingIncome": 22456000, "operatingIncomeRatio": 0.0509167094, "totalOtherIncomeExpensesNet": -258000, "incomeBeforeTax": 18518000, "incomeBeforeTaxRatio": 0.0419876926, "incomeTaxExpense": 4959000, "netIncome": 14917000, "netIncomeRatio": 0.0338227892, "eps": 0.49, "epsdiluted": 0.48, "weightedAverageShsOut": 30492000, "weightedAverageShsOutDil": 31059000, "link": "https://www.sec.gov/Archives/edgar/data/103145/000110465907014739/0001104659-07-014739-index.htm", "finalLink": "https://www.sec.gov/Archives/edgar/data/103145/000110465907014739/a07-5047_110k.htm", "calculatedOtherExpenses": 16633000, "calculatedOperatingExpenses": 171668000, "calculatedNetInterest": -14120000, "calculatedOtherIncome": 10182000, "calculatedIncomeNonControlling": -1358000, "calculatedEbitda": 52536000}, {"date": "2005-12-31", "symbol": "VECO", "reportedCurrency": "USD", "cik": "0000103145", "fillingDate": "2006-03-01", "acceptedDate": "2006-03-01 17:00:32", "calendarYear": "2005", "period": "FY", "revenue": 410190000, "costOfRevenue": 236090000, "grossProfit": 174100000, "grossProfitRatio": 0.4244374558, "researchAndDevelopmentExpenses": 60382000, "generalAndAdministrativeExpenses": 84667000, "sellingAndMarketingExpenses": 0, "sellingGeneralAndAdministrativeExpenses": 84667000, "otherExpenses": 16820000, "operatingExpenses": 161869000, "costAndExpenses": 397959000, "interestIncome": -2635000, "interestExpense": 10203000, "depreciationAndAmortization": 29811000, "ebitda": 43444000, "ebitdaratio": 0.1059118945, "operatingIncome": 11066000, "operatingIncomeRatio": 0.026977742, "totalOtherIncomeExpensesNet": -1402000, "incomeBeforeTax": 3498000, "incomeBeforeTaxRatio": 0.0085277554, "incomeTaxExpense": 4395000, "netIncome": -897000, "netIncomeRatio": -0.0021867915, "eps": -0.03, "epsdiluted": -0.03, "weightedAverageShsOut": 29921000, "weightedAverageShsOutDil": 29921000, "link": "https://www.sec.gov/Archives/edgar/data/103145/000110465906013231/0001104659-06-013231-index.htm", "finalLink": "https://www.sec.gov/Archives/edgar/data/103145/000110465906013231/a06-5478_110k.htm", "calculatedOtherExpenses": 17985000, "calculatedOperatingExpenses": 163034000, "calculatedNetInterest": -12838000, "calculatedOtherIncome": 5270000, "calculatedIncomeNonControlling": 0, "calculatedEbitda": 40877000}, {"date": "2004-12-31", "symbol": "VECO", "reportedCurrency": "USD", "cik": "0000103145", "fillingDate": "2005-03-16", "acceptedDate": "2005-03-16 13:19:02", "calendarYear": "2004", "period": "FY", "revenue": 390443000, "costOfRevenue": 238686000, "grossProfit": 151757000, "grossProfitRatio": 0.3886790133, "researchAndDevelopmentExpenses": 58338000, "generalAndAdministrativeExpenses": 82511000, "sellingAndMarketingExpenses": 0, "sellingGeneralAndAdministrativeExpenses": 82511000, "otherExpenses": 18904000, "operatingExpenses": 159753000, "costAndExpenses": 398439000, "interestIncome": -1780000, "interestExpense": 10250000, "depreciationAndAmortization": 31264000, "ebitda": 27269000, "ebitdaratio": 0.0698411804, "operatingIncome": -11558000, "operatingIncomeRatio": -0.0296022723, "totalOtherIncomeExpensesNet": -4001000, "incomeBeforeTax": -20028000, "incomeBeforeTaxRatio": -0.0512955796, "incomeTaxExpense": 42527000, "netIncome": -62555000, "netIncomeRatio": -0.1602154476, "eps": -2.11, "epsdiluted": -2.11, "weightedAverageShsOut": 29650000, "weightedAverageShsOutDil": 29650000, "link": "https://www.sec.gov/Archives/edgar/data/103145/000104746905006689/0001047469-05-006689-index.htm", "finalLink": "https://www.sec.gov/Archives/edgar/data/103145/000104746905006689/a2153643z10-k.htm", "calculatedOtherExpenses": 22466000, "calculatedOperatingExpenses": 163315000, "calculatedNetInterest": -12030000, "calculatedOtherIncome": 3560000, "calculatedIncomeNonControlling": 0, "calculatedEbitda": 19706000}, {"date": "2003-12-31", "symbol": "VECO", "reportedCurrency": "USD", "cik": "0000103145", "fillingDate": "2004-03-12", "acceptedDate": "2004-03-12 16:17:42", "calendarYear": "2003", "period": "FY", "revenue": 279321000, "costOfRevenue": 152307000, "grossProfit": 127014000, "grossProfitRatio": 0.4547241346, "researchAndDevelopmentExpenses": 48868000, "generalAndAdministrativeExpenses": 67986000, "sellingAndMarketingExpenses": 0, "sellingGeneralAndAdministrativeExpenses": 67986000, "otherExpenses": 14082000, "operatingExpenses": 130936000, "costAndExpenses": 283243000, "interestIncome": -2515000, "interestExpense": 10326000, "depreciationAndAmortization": 24858000, "ebitda": 26621000, "ebitdaratio": 0.0953061173, "operatingIncome": -9325000, "operatingIncomeRatio": -0.0333845289, "totalOtherIncomeExpensesNet": -5685000, "incomeBeforeTax": -9747000, "incomeBeforeTaxRatio": -0.0348953355, "incomeTaxExpense": -7389000, "netIncome": -9747000, "netIncomeRatio": -0.0348953355, "eps": -0.33, "epsdiluted": -0.33, "weightedAverageShsOut": 29263000, "weightedAverageShsOutDil": 29263000, "link": "https://www.sec.gov/Archives/edgar/data/103145/000104746904007698/0001047469-04-007698-index.htm", "finalLink": "https://www.sec.gov/Archives/edgar/data/103145/000104746904007698/a2130460z10-k.htm", "calculatedOtherExpenses": 19485000, "calculatedOperatingExpenses": 136339000, "calculatedNetInterest": -12841000, "calculatedOtherIncome": 12419000, "calculatedIncomeNonControlling": 7389000, "calculatedEbitda": 15533000}, {"date": "2002-12-31", "symbol": "VECO", "reportedCurrency": "USD", "cik": "0000103145", "fillingDate": "2003-03-27", "acceptedDate": "2003-03-27 17:28:13", "calendarYear": "2002", "period": "FY", "revenue": 298885000, "costOfRevenue": 183042000, "grossProfit": 115843000, "grossProfitRatio": 0.3875838533, "researchAndDevelopmentExpenses": 53889000, "generalAndAdministrativeExpenses": 75899000, "sellingAndMarketingExpenses": 0, "sellingGeneralAndAdministrativeExpenses": 75899000, "otherExpenses": 112702000, "operatingExpenses": 242490000, "costAndExpenses": 425532000, "interestIncome": -4533000, "interestExpense": 10535000, "depreciationAndAmortization": 27929000, "ebitda": 11909000, "ebitdaratio": 0.0398447563, "operatingIncome": -137895000, "operatingIncomeRatio": -0.4613647389, "totalOtherIncomeExpensesNet": -110627000, "incomeBeforeTax": -143897000, "incomeBeforeTaxRatio": -0.4814460411, "incomeTaxExpense": -20513000, "netIncome": -123730000, "netIncomeRatio": -0.413971929, "eps": -4.25, "epsdiluted": -4.25, "weightedAverageShsOut": 29096000, "weightedAverageShsOutDil": 29096000, "link": "https://www.sec.gov/Archives/edgar/data/103145/000104746903010605/0001047469-03-010605-index.htm", "finalLink": "https://www.sec.gov/Archives/edgar/data/103145/000104746903010605/a2106488z10-k.htm", "calculatedOtherExpenses": 123950000, "calculatedOperatingExpenses": 253738000, "calculatedNetInterest": -15068000, "calculatedOtherIncome": 9066000, "calculatedIncomeNonControlling": 346000, "calculatedEbitda": -109966000}, {"date": "2001-12-31", "symbol": "VECO", "reportedCurrency": "USD", "cik": "0000103145", "fillingDate": "2002-03-27", "acceptedDate": "2002-03-27 00:00:00", "calendarYear": "2001", "period": "FY", "revenue": 449251000, "costOfRevenue": 260148000, "grossProfit": 189103000, "grossProfitRatio": 0.4209295027, "researchAndDevelopmentExpenses": 59722000, "generalAndAdministrativeExpenses": 90626000, "sellingAndMarketingExpenses": 0, "sellingGeneralAndAdministrativeExpenses": 90626000, "otherExpenses": 15384000, "operatingExpenses": 165732000, "costAndExpenses": 425880000, "interestIncome": -3004000, "interestExpense": 2427000, "depreciationAndAmortization": 22654000, "ebitda": 54986000, "ebitdaratio": 0.1223948305, "operatingIncome": 20325000, "operatingIncomeRatio": 0.0452419694, "totalOtherIncomeExpensesNet": -8961000, "incomeBeforeTax": 20902000, "incomeBeforeTaxRatio": 0.0465263294, "incomeTaxExpense": 6020000, "netIncome": 10309000, "netIncomeRatio": 0.022947083, "eps": 0.4, "epsdiluted": 0.39, "weightedAverageShsOut": 25937000, "weightedAverageShsOutDil": 26355000, "link": "https://www.sec.gov/Archives/edgar/data/103145/000091205702011835/0000912057-02-011835-index.htm", "finalLink": "https://www.sec.gov/Archives/edgar/data/103145/000091205702011835/a2074520z10-k.htm", "calculatedOtherExpenses": 18430000, "calculatedOperatingExpenses": 168778000, "calculatedNetInterest": -5431000, "calculatedOtherIncome": 6008000, "calculatedIncomeNonControlling": 4573000, "calculatedEbitda": 42979000}, {"date": "2000-12-31", "symbol": "VECO", "reportedCurrency": "USD", "cik": "0000103145", "fillingDate": "2001-03-14", "acceptedDate": "2001-03-14 00:00:00", "calendarYear": "2000", "period": "FY", "revenue": 386668000, "costOfRevenue": 216023000, "grossProfit": 170645000, "grossProfitRatio": 0.4413217541, "researchAndDevelopmentExpenses": 53904000, "generalAndAdministrativeExpenses": 78861000, "sellingAndMarketingExpenses": 0, "sellingGeneralAndAdministrativeExpenses": 78861000, "otherExpenses": 15551000, "operatingExpenses": 148316000, "costAndExpenses": 364339000, "interestIncome": -3681000, "interestExpense": 2374000, "depreciationAndAmortization": 15551000, "ebitda": 56737000, "ebitdaratio": 0.1467331147, "operatingIncome": 22329000, "operatingIncomeRatio": 0.0577472147, "totalOtherIncomeExpensesNet": -18857000, "incomeBeforeTax": 4779000, "incomeBeforeTaxRatio": 0.0123594401, "incomeTaxExpense": 4277000, "netIncome": -17880000, "netIncomeRatio": -0.0462412199, "eps": -0.75, "epsdiluted": -0.71, "weightedAverageShsOut": 23805000, "weightedAverageShsOutDil": 25128000, "link": "https://www.sec.gov/Archives/edgar/data/103145/000091205701007608/0000912057-01-007608-index.htm", "finalLink": "https://www.sec.gov/Archives/edgar/data/103145/000091205701007608/a2041225z10-k.htm", "calculatedOtherExpenses": 15551000, "calculatedOperatingExpenses": 148316000, "calculatedNetInterest": -6055000, "calculatedOtherIncome": -11495000, "calculatedIncomeNonControlling": 18382000, "calculatedEbitda": 37880000}, {"date": "1999-12-31", "symbol": "VECO", "reportedCurrency": "USD", "cik": "0000103145", "fillingDate": "2000-03-15", "acceptedDate": "2000-03-15 00:00:00", "calendarYear": "1999", "period": "FY", "revenue": 246600000, "costOfRevenue": 119900000, "grossProfit": 126700000, "grossProfitRatio": 0.5137875101, "researchAndDevelopmentExpenses": 31500000, "generalAndAdministrativeExpenses": 52400000, "sellingAndMarketingExpenses": 0, "sellingGeneralAndAdministrativeExpenses": 52400000, "otherExpenses": 5800000, "operatingExpenses": 89700000, "costAndExpenses": 209600000, "interestIncome": 0, "interestExpense": 0, "depreciationAndAmortization": 5800000, "ebitda": 49200000, "ebitdaratio": 0.199513382, "operatingIncome": 37000000, "operatingIncomeRatio": 0.1500405515, "totalOtherIncomeExpensesNet": -6400000, "incomeBeforeTax": 32400000, "incomeBeforeTaxRatio": 0.1313868613, "incomeTaxExpense": 12000000, "netIncome": 20400000, "netIncomeRatio": 0.0827250608, "eps": 1.07, "epsdiluted": 1.02, "weightedAverageShsOut": 20604000, "weightedAverageShsOutDil": 21461000, "link": "https://www.sec.gov/Archives/edgar/data/103145/000091205700011664/0000912057-00-011664-index.html", "finalLink": "https://www.sec.gov/Archives/edgar/data/103145/000091205700011664/", "calculatedOtherExpenses": 5800000, "calculatedOperatingExpenses": 89700000, "calculatedNetInterest": 0, "calculatedOtherIncome": -4600000, "calculatedIncomeNonControlling": 0, "calculatedEbitda": 42800000}, {"date": "1998-12-31", "symbol": "VECO", "reportedCurrency": "USD", "cik": "0000103145", "fillingDate": "1999-03-29", "acceptedDate": "1999-03-29 00:00:00", "calendarYear": "1998", "period": "FY", "revenue": 206800000, "costOfRevenue": 107100000, "grossProfit": 99700000, "grossProfitRatio": 0.4821083172, "researchAndDevelopmentExpenses": 27400000, "generalAndAdministrativeExpenses": 42000000, "sellingAndMarketingExpenses": 0, "sellingGeneralAndAdministrativeExpenses": 42000000, "otherExpenses": 4700000, "operatingExpenses": 74100000, "costAndExpenses": 181200000, "interestIncome": 0, "interestExpense": 0, "depreciationAndAmortization": 4700000, "ebitda": 37000000, "ebitdaratio": 0.1789168279, "operatingIncome": 25600000, "operatingIncomeRatio": 0.1237911025, "totalOtherIncomeExpensesNet": -6700000, "incomeBeforeTax": 18100000, "incomeBeforeTaxRatio": 0.0875241779, "incomeTaxExpense": 5400000, "netIncome": 12700000, "netIncomeRatio": 0.0614119923, "eps": 0.73, "epsdiluted": 0.7, "weightedAverageShsOut": 18775000, "weightedAverageShsOutDil": 19436000, "link": "https://www.sec.gov/Archives/edgar/data/103145/000104746999012101/0001047469-99-012101-index.html", "finalLink": "https://www.sec.gov/Archives/edgar/data/103145/", "calculatedOtherExpenses": 4700000, "calculatedOperatingExpenses": 74100000, "calculatedNetInterest": 0, "calculatedOtherIncome": -7500000, "calculatedIncomeNonControlling": 0, "calculatedEbitda": 30300000}, {"date": "1997-12-31", "symbol": "VECO", "reportedCurrency": "USD", "cik": "0000103145", "fillingDate": "1998-03-31", "acceptedDate": "1998-03-31 00:00:00", "calendarYear": "1997", "period": "FY", "revenue": 165400000, "costOfRevenue": 86900000, "grossProfit": 78500000, "grossProfitRatio": 0.4746070133, "researchAndDevelopmentExpenses": 18400000, "generalAndAdministrativeExpenses": 33300000, "sellingAndMarketingExpenses": 0, "sellingGeneralAndAdministrativeExpenses": 33300000, "otherExpenses": 1600000, "operatingExpenses": 53300000, "costAndExpenses": 140200000, "interestIncome": 0, "interestExpense": 0, "depreciationAndAmortization": 1600000, "ebitda": 32300000, "ebitdaratio": 0.1952841596, "operatingIncome": 25200000, "operatingIncomeRatio": 0.1523579202, "totalOtherIncomeExpensesNet": -5500000, "incomeBeforeTax": 19700000, "incomeBeforeTaxRatio": 0.1191051995, "incomeTaxExpense": 7400000, "netIncome": 12300000, "netIncomeRatio": 0.0743651753, "eps": 1.35, "epsdiluted": 1.3, "weightedAverageShsOut": 8715596, "weightedAverageShsOutDil": 9313725, "link": "https://www.sec.gov/Archives/edgar/data/103145/000100547798001014/0001005477-98-001014-index.html", "finalLink": "https://www.sec.gov/Archives/edgar/data/103145/", "calculatedOtherExpenses": 1600000, "calculatedOperatingExpenses": 53300000, "calculatedNetInterest": 0, "calculatedOtherIncome": -5500000, "calculatedIncomeNonControlling": 0, "calculatedEbitda": 26800000}, {"date": "1996-12-31", "symbol": "VECO", "reportedCurrency": "USD", "cik": "0000103145", "fillingDate": "1997-03-04", "acceptedDate": "1997-03-04 00:00:00", "calendarYear": "1996", "period": "FY", "revenue": 96800000, "costOfRevenue": 53500000, "grossProfit": 43300000, "grossProfitRatio": 0.4473140496, "researchAndDevelopmentExpenses": 9800000, "generalAndAdministrativeExpenses": 19500000, "sellingAndMarketingExpenses": 0, "sellingGeneralAndAdministrativeExpenses": 19500000, "otherExpenses": 1600000, "operatingExpenses": 30900000, "costAndExpenses": 84400000, "interestIncome": 0, "interestExpense": 0, "depreciationAndAmortization": 1600000, "ebitda": 13500000, "ebitdaratio": 0.1394628099, "operatingIncome": 12400000, "operatingIncomeRatio": 0.1280991736, "totalOtherIncomeExpensesNet": 500000, "incomeBeforeTax": 12800000, "incomeBeforeTaxRatio": 0.132231405, "incomeTaxExpense": 4800000, "netIncome": 8000000, "netIncomeRatio": 0.0826446281, "eps": 1.89, "epsdiluted": 1.86, "weightedAverageShsOut": 6413043, "weightedAverageShsOutDil": 6629213, "link": "https://www.sec.gov/Archives/edgar/data/103145/000091205797007799/0000912057-97-007799-index.html", "finalLink": "https://www.sec.gov/Archives/edgar/data/103145/", "calculatedOtherExpenses": 1600000, "calculatedOperatingExpenses": 30900000, "calculatedNetInterest": 0, "calculatedOtherIncome": 400000, "calculatedIncomeNonControlling": 0, "calculatedEbitda": 14000000}, {"date": "1995-12-31", "symbol": "VECO", "reportedCurrency": "USD", "cik": "0000103145", "fillingDate": "1995-12-31", "acceptedDate": "1995-12-30 19:00:00", "calendarYear": "1995", "period": "FY", "revenue": 72400000, "costOfRevenue": 38300000, "grossProfit": 34100000, "grossProfitRatio": 0.4709944751, "researchAndDevelopmentExpenses": 7100000, "generalAndAdministrativeExpenses": 0, "sellingAndMarketingExpenses": 0, "sellingGeneralAndAdministrativeExpenses": 16800000, "otherExpenses": 1200000, "operatingExpenses": 25100000, "costAndExpenses": 63400000, "interestIncome": 0, "interestExpense": 0, "depreciationAndAmortization": 1200000, "ebitda": 10000000, "ebitdaratio": 0.138121547, "operatingIncome": 9000000, "operatingIncomeRatio": 0.1243093923, "totalOtherIncomeExpensesNet": 200000, "incomeBeforeTax": 9200000, "incomeBeforeTaxRatio": 0.1270718232, "incomeTaxExpense": 2400000, "netIncome": 6800000, "netIncomeRatio": 0.0939226519, "eps": 1.13, "epsdiluted": 1.09, "weightedAverageShsOut": 5357143, "weightedAverageShsOutDil": 5357143, "link": "", "finalLink": "", "calculatedOtherExpenses": 1200000, "calculatedOperatingExpenses": 25100000, "calculatedNetInterest": 0, "calculatedOtherIncome": 200000, "calculatedIncomeNonControlling": 0, "calculatedEbitda": 10200000}, {"date": "1994-12-31", "symbol": "VECO", "reportedCurrency": "USD", "cik": "0000103145", "fillingDate": "1994-12-31", "acceptedDate": "1994-12-30 19:00:00", "calendarYear": "1994", "period": "FY", "revenue": 49400000, "costOfRevenue": 27800000, "grossProfit": 21600000, "grossProfitRatio": 0.4372469636, "researchAndDevelopmentExpenses": 0, "generalAndAdministrativeExpenses": 0, "sellingAndMarketingExpenses": 0, "sellingGeneralAndAdministrativeExpenses": 16300000, "otherExpenses": 1400000, "operatingExpenses": 17700000, "costAndExpenses": 45500000, "interestIncome": 0, "interestExpense": 0, "depreciationAndAmortization": 1400000, "ebitda": 5200000, "ebitdaratio": 0.1052631579, "operatingIncome": 3900000, "operatingIncomeRatio": 0.0789473684, "totalOtherIncomeExpensesNet": 100000, "incomeBeforeTax": 1400000, "incomeBeforeTaxRatio": 0.028340081, "incomeTaxExpense": -800000, "netIncome": 1500000, "netIncomeRatio": 0.0303643725, "eps": -0.05, "epsdiluted": -0.05, "weightedAverageShsOut": 1904762, "weightedAverageShsOutDil": 1904762, "link": "", "finalLink": "", "calculatedOtherExpenses": 1400000, "calculatedOperatingExpenses": 17700000, "calculatedNetInterest": 0, "calculatedOtherIncome": -2500000, "calculatedIncomeNonControlling": 700000, "calculatedEbitda": 5300000}, {"date": "1993-12-31", "symbol": "VECO", "reportedCurrency": "USD", "cik": "0000103145", "fillingDate": "1993-12-31", "acceptedDate": "1993-12-30 19:00:00", "calendarYear": "1993", "period": "FY", "revenue": 43100000, "costOfRevenue": 24500000, "grossProfit": 18600000, "grossProfitRatio": 0.4315545244, "researchAndDevelopmentExpenses": 0, "generalAndAdministrativeExpenses": 0, "sellingAndMarketingExpenses": 0, "sellingGeneralAndAdministrativeExpenses": 15300000, "otherExpenses": 1300000, "operatingExpenses": 16600000, "costAndExpenses": 41100000, "interestIncome": 0, "interestExpense": 0, "depreciationAndAmortization": 1300000, "ebitda": 3500000, "ebitdaratio": 0.0812064965, "operatingIncome": 2000000, "operatingIncomeRatio": 0.0464037123, "totalOtherIncomeExpensesNet": -200000, "incomeBeforeTax": 1800000, "incomeBeforeTaxRatio": 0.0417633411, "incomeTaxExpense": 2400000, "netIncome": -400000, "netIncomeRatio": -0.0092807425, "eps": -0.39, "epsdiluted": -0.39, "weightedAverageShsOut": 1025641, "weightedAverageShsOutDil": 1025641, "link": "", "finalLink": "", "calculatedOtherExpenses": 1300000, "calculatedOperatingExpenses": 16600000, "calculatedNetInterest": 0, "calculatedOtherIncome": -200000, "calculatedIncomeNonControlling": -200000, "calculatedEbitda": 3300000}]}