{"originalCurrency": "USD", "convertedCurrency": "USD", "report": [{"date": "2024-01-31", "symbol": "VEEV", "reportedCurrency": "USD", "cik": "0001393052", "fillingDate": "2024-03-25", "acceptedDate": "2024-03-25 16:06:01", "calendarYear": "2024", "period": "FY", "revenue": 2363673000, "costOfRevenue": 691732000, "grossProfit": 1671941000, "grossProfitRatio": 0.7073486899, "researchAndDevelopmentExpenses": 628917000, "generalAndAdministrativeExpenses": 246545000, "sellingAndMarketingExpenses": 381472000, "sellingGeneralAndAdministrativeExpenses": 613690000, "otherExpenses": 0, "operatingExpenses": 1242607000, "costAndExpenses": 1934339000, "interestIncome": 133748000, "interestExpense": 0, "depreciationAndAmortization": 37150000, "ebitda": 466484000, "ebitdaratio": 0.1973555564, "operatingIncome": 429334000, "operatingIncomeRatio": 0.1816384923, "totalOtherIncomeExpensesNet": 158689000, "incomeBeforeTax": 588023000, "incomeBeforeTaxRatio": 0.2487751055, "incomeTaxExpense": 62318000, "netIncome": 525705000, "netIncomeRatio": 0.2224102065, "eps": 3.27, "epsdiluted": 3.22, "weightedAverageShsOut": 160532000, "weightedAverageShsOutDil": 163486000, "link": "https://www.sec.gov/Archives/edgar/data/1393052/000139305224000013/0001393052-24-000013-index.htm", "finalLink": "https://www.sec.gov/Archives/edgar/data/1393052/000139305224000013/veev-20240131.htm", "calculatedOtherExpenses": 0, "calculatedOperatingExpenses": 1242607000, "calculatedNetInterest": 133748000, "calculatedOtherIncome": 24941000, "calculatedIncomeNonControlling": 0, "calculatedEbitda": 466484000}, {"date": "2023-01-31", "symbol": "VEEV", "reportedCurrency": "USD", "cik": "0001393052", "fillingDate": "2023-03-30", "acceptedDate": "2023-03-30 16:06:48", "calendarYear": "2023", "period": "FY", "revenue": 2155060000, "costOfRevenue": 609405000, "grossProfit": 1545655000, "grossProfitRatio": 0.7172213303, "researchAndDevelopmentExpenses": 520278000, "generalAndAdministrativeExpenses": 217595000, "sellingAndMarketingExpenses": 348691000, "sellingGeneralAndAdministrativeExpenses": 566286000, "otherExpenses": 50005000, "operatingExpenses": 1086564000, "costAndExpenses": 1695969000, "interestIncome": 45860000, "interestExpense": -50005000, "depreciationAndAmortization": 29122000, "ebitda": 488213000, "ebitdaratio": 0.2265426485, "operatingIncome": 459091000, "operatingIncomeRatio": 0.2130293356, "totalOtherIncomeExpensesNet": 50005000, "incomeBeforeTax": 509096000, "incomeBeforeTaxRatio": 0.2362328659, "incomeTaxExpense": 21390000, "netIncome": 487706000, "netIncomeRatio": 0.2263073882, "eps": 3.14, "epsdiluted": 3, "weightedAverageShsOut": 155385000, "weightedAverageShsOutDil": 162437000, "link": "https://www.sec.gov/Archives/edgar/data/1393052/000139305223000025/0001393052-23-000025-index.htm", "finalLink": "https://www.sec.gov/Archives/edgar/data/1393052/000139305223000025/veev-20230131.htm", "calculatedOtherExpenses": 0, "calculatedOperatingExpenses": 1086564000, "calculatedNetInterest": 95865000, "calculatedOtherIncome": -45860000, "calculatedIncomeNonControlling": 0, "calculatedEbitda": 488213000}, {"date": "2022-01-31", "symbol": "VEEV", "reportedCurrency": "USD", "cik": "0001393052", "fillingDate": "2022-03-30", "acceptedDate": "2022-03-30 17:08:05", "calendarYear": "2022", "period": "FY", "revenue": 1850777000, "costOfRevenue": 503678000, "grossProfit": 1347099000, "grossProfitRatio": 0.7278559221, "researchAndDevelopmentExpenses": 382035000, "generalAndAdministrativeExpenses": 171507000, "sellingAndMarketingExpenses": 288061000, "sellingGeneralAndAdministrativeExpenses": 459568000, "otherExpenses": 6815000, "operatingExpenses": 841603000, "costAndExpenses": 1345281000, "interestIncome": 14730000, "interestExpense": 14730000, "depreciationAndAmortization": 27448000, "ebitda": 532944000, "ebitdaratio": 0.2879568959, "operatingIncome": 505496000, "operatingIncomeRatio": 0.273126368, "totalOtherIncomeExpensesNet": 6815000, "incomeBeforeTax": 512311000, "incomeBeforeTaxRatio": 0.2768086053, "incomeTaxExpense": 84921000, "netIncome": 427390000, "netIncomeRatio": 0.2309246333, "eps": 2.79, "epsdiluted": 2.63, "weightedAverageShsOut": 153251000, "weightedAverageShsOutDil": 162277000, "link": "https://www.sec.gov/Archives/edgar/data/1393052/000139305222000017/0001393052-22-000017-index.htm", "finalLink": "https://www.sec.gov/Archives/edgar/data/1393052/000139305222000017/veev-20220131.htm", "calculatedOtherExpenses": 0, "calculatedOperatingExpenses": 841603000, "calculatedNetInterest": 0, "calculatedOtherIncome": 6815000, "calculatedIncomeNonControlling": 0, "calculatedEbitda": 532944000}, {"date": "2021-01-31", "symbol": "VEEV", "reportedCurrency": "USD", "cik": "0001393052", "fillingDate": "2021-03-30", "acceptedDate": "2021-03-30 16:53:51", "calendarYear": "2021", "period": "FY", "revenue": 1465069000, "costOfRevenue": 408928000, "grossProfit": 1056141000, "grossProfitRatio": 0.7208814056, "researchAndDevelopmentExpenses": 294220000, "generalAndAdministrativeExpenses": 149113000, "sellingAndMarketingExpenses": 235014000, "sellingGeneralAndAdministrativeExpenses": 384127000, "otherExpenses": 16199000, "operatingExpenses": 678347000, "costAndExpenses": 1087275000, "interestIncome": 15859000, "interestExpense": 0, "depreciationAndAmortization": 29455000, "ebitda": 407249000, "ebitdaratio": 0.2779725733, "operatingIncome": 377794000, "operatingIncomeRatio": 0.2578677182, "totalOtherIncomeExpensesNet": 16199000, "incomeBeforeTax": 393993000, "incomeBeforeTaxRatio": 0.2689245353, "incomeTaxExpense": 13995000, "netIncome": 379998000, "netIncomeRatio": 0.2593720842, "eps": 2.52, "epsdiluted": 2.36, "weightedAverageShsOut": 150666000, "weightedAverageShsOutDil": 160732000, "link": "https://www.sec.gov/Archives/edgar/data/1393052/000139305221000015/0001393052-21-000015-index.htm", "finalLink": "https://www.sec.gov/Archives/edgar/data/1393052/000139305221000015/veev-20210131.htm", "calculatedOtherExpenses": 0, "calculatedOperatingExpenses": 678347000, "calculatedNetInterest": 15859000, "calculatedOtherIncome": 340000, "calculatedIncomeNonControlling": 0, "calculatedEbitda": 407249000}, {"date": "2020-01-31", "symbol": "VEEV", "reportedCurrency": "USD", "cik": "0001393052", "fillingDate": "2020-03-30", "acceptedDate": "2020-03-30 17:24:19", "calendarYear": "2020", "period": "FY", "revenue": 1104081000, "costOfRevenue": 303369000, "grossProfit": 800712000, "grossProfitRatio": 0.7252293989, "researchAndDevelopmentExpenses": 209895000, "generalAndAdministrativeExpenses": 114267000, "sellingAndMarketingExpenses": 190331000, "sellingGeneralAndAdministrativeExpenses": 304598000, "otherExpenses": 27478000, "operatingExpenses": 514493000, "costAndExpenses": 817862000, "interestIncome": 25185000, "interestExpense": 0, "depreciationAndAmortization": 27825000, "ebitda": 314044000, "ebitdaratio": 0.2844392757, "operatingIncome": 286219000, "operatingIncomeRatio": 0.2592373205, "totalOtherIncomeExpensesNet": 27478000, "incomeBeforeTax": 313697000, "incomeBeforeTaxRatio": 0.2841249872, "incomeTaxExpense": 12579000, "netIncome": 301118000, "netIncomeRatio": 0.2727318014, "eps": 2.04, "epsdiluted": 1.9, "weightedAverageShsOut": 147796000, "weightedAverageShsOutDil": 158296000, "link": "https://www.sec.gov/Archives/edgar/data/1393052/000162828020004385/0001628280-20-004385-index.htm", "finalLink": "https://www.sec.gov/Archives/edgar/data/1393052/000162828020004385/veev-20200131x10k.htm", "calculatedOtherExpenses": 0, "calculatedOperatingExpenses": 514493000, "calculatedNetInterest": 25185000, "calculatedOtherIncome": 2293000, "calculatedIncomeNonControlling": 0, "calculatedEbitda": 314044000}, {"date": "2019-01-31", "symbol": "VEEV", "reportedCurrency": "USD", "cik": "0001393052", "fillingDate": "2019-03-28", "acceptedDate": "2019-03-28 16:30:36", "calendarYear": "2019", "period": "FY", "revenue": 862210000, "costOfRevenue": 245281000, "grossProfit": 616929000, "grossProfitRatio": 0.7155205808, "researchAndDevelopmentExpenses": 158783000, "generalAndAdministrativeExpenses": 86413000, "sellingAndMarketingExpenses": 148867000, "sellingGeneralAndAdministrativeExpenses": 235280000, "otherExpenses": 15777000, "operatingExpenses": 394063000, "costAndExpenses": 639344000, "interestIncome": 15388000, "interestExpense": 0, "depreciationAndAmortization": 14071000, "ebitda": 236937000, "ebitdaratio": 0.2748019624, "operatingIncome": 222866000, "operatingIncomeRatio": 0.2584822723, "totalOtherIncomeExpensesNet": 15777000, "incomeBeforeTax": 238643000, "incomeBeforeTaxRatio": 0.2767805987, "incomeTaxExpense": 8811000, "netIncome": 229832000, "netIncomeRatio": 0.2665615105, "eps": 1.47, "epsdiluted": 1.47, "weightedAverageShsOut": 156117000, "weightedAverageShsOutDil": 156117000, "link": "https://www.sec.gov/Archives/edgar/data/1393052/000156459019009853/0001564590-19-009853-index.htm", "finalLink": "https://www.sec.gov/Archives/edgar/data/1393052/000156459019009853/veev-10k_20190131.htm", "calculatedOtherExpenses": 0, "calculatedOperatingExpenses": 394063000, "calculatedNetInterest": 15388000, "calculatedOtherIncome": 389000, "calculatedIncomeNonControlling": 0, "calculatedEbitda": 236937000}, {"date": "2018-01-31", "symbol": "VEEV", "reportedCurrency": "USD", "cik": "0001393052", "fillingDate": "2018-03-30", "acceptedDate": "2018-03-29 17:34:05", "calendarYear": "2018", "period": "FY", "revenue": 685571000, "costOfRevenue": 211439000, "grossProfit": 474132000, "grossProfitRatio": 0.6915870129, "researchAndDevelopmentExpenses": 132051000, "generalAndAdministrativeExpenses": 60391000, "sellingAndMarketingExpenses": 130898000, "sellingGeneralAndAdministrativeExpenses": 191289000, "otherExpenses": 7842000, "operatingExpenses": 323340000, "costAndExpenses": 534779000, "interestIncome": 8383000, "interestExpense": 0, "depreciationAndAmortization": 14277000, "ebitda": 165069000, "ebitdaratio": 0.2407759371, "operatingIncome": 150792000, "operatingIncomeRatio": 0.2199509606, "totalOtherIncomeExpensesNet": 7842000, "incomeBeforeTax": 158634000, "incomeBeforeTaxRatio": 0.2313896008, "incomeTaxExpense": 16668000, "netIncome": 141966000, "netIncomeRatio": 0.2070770205, "eps": 1.08, "epsdiluted": 0.98, "weightedAverageShsOut": 140311000, "weightedAverageShsOutDil": 153681000, "link": "https://www.sec.gov/Archives/edgar/data/1393052/000156459018007164/0001564590-18-007164-index.htm", "finalLink": "https://www.sec.gov/Archives/edgar/data/1393052/000156459018007164/veev-10k_20180131.htm", "calculatedOtherExpenses": 0, "calculatedOperatingExpenses": 323340000, "calculatedNetInterest": 8383000, "calculatedOtherIncome": -541000, "calculatedIncomeNonControlling": 0, "calculatedEbitda": 165069000}, {"date": "2017-01-31", "symbol": "VEEV", "reportedCurrency": "USD", "cik": "0001393052", "fillingDate": "2017-03-30", "acceptedDate": "2017-03-30 16:42:05", "calendarYear": "2017", "period": "FY", "revenue": 544043000, "costOfRevenue": 173681000, "grossProfit": 370362000, "grossProfitRatio": 0.68075869, "researchAndDevelopmentExpenses": 96750000, "generalAndAdministrativeExpenses": 48841000, "sellingAndMarketingExpenses": 116803000, "sellingGeneralAndAdministrativeExpenses": 165644000, "otherExpenses": 1667000, "operatingExpenses": 262394000, "costAndExpenses": 436075000, "interestIncome": 4477000, "interestExpense": 0, "depreciationAndAmortization": 13825000, "ebitda": 121793000, "ebitdaratio": 0.2238664958, "operatingIncome": 107968000, "operatingIncomeRatio": 0.1984549015, "totalOtherIncomeExpensesNet": 1667000, "incomeBeforeTax": 109635000, "incomeBeforeTaxRatio": 0.2015189976, "incomeTaxExpense": 40831000, "netIncome": 68804000, "netIncomeRatio": 0.1264679446, "eps": 0.57, "epsdiluted": 0.53, "weightedAverageShsOut": 135698000, "weightedAverageShsOutDil": 147578000, "link": "https://www.sec.gov/Archives/edgar/data/1393052/000156459017005637/0001564590-17-005637-index.htm", "finalLink": "https://www.sec.gov/Archives/edgar/data/1393052/000156459017005637/veev-10k_20170131.htm", "calculatedOtherExpenses": 0, "calculatedOperatingExpenses": 262394000, "calculatedNetInterest": 4477000, "calculatedOtherIncome": -2810000, "calculatedIncomeNonControlling": 0, "calculatedEbitda": 121793000}, {"date": "2016-01-31", "symbol": "VEEV", "reportedCurrency": "USD", "cik": "0001393052", "fillingDate": "2016-03-31", "acceptedDate": "2016-03-31 16:20:17", "calendarYear": "2016", "period": "FY", "revenue": 409221000, "costOfRevenue": 142214000, "grossProfit": 267007000, "grossProfitRatio": 0.6524762903, "researchAndDevelopmentExpenses": 65976000, "generalAndAdministrativeExpenses": 41458000, "sellingAndMarketingExpenses": 80984000, "sellingGeneralAndAdministrativeExpenses": 122442000, "otherExpenses": 28000, "operatingExpenses": 188418000, "costAndExpenses": 330632000, "interestIncome": 4617000, "interestExpense": 0, "depreciationAndAmortization": 8464000, "ebitda": 87053000, "ebitdaratio": 0.2127285745, "operatingIncome": 78589000, "operatingIncomeRatio": 0.192045374, "totalOtherIncomeExpensesNet": 28000, "incomeBeforeTax": 78617000, "incomeBeforeTaxRatio": 0.1921137967, "incomeTaxExpense": 24157000, "netIncome": 54460000, "netIncomeRatio": 0.1330821243, "eps": 0.41, "epsdiluted": 0.38, "weightedAverageShsOut": 132020000, "weightedAverageShsOutDil": 144977000, "link": "https://www.sec.gov/Archives/edgar/data/1393052/000156459016015753/0001564590-16-015753-index.htm", "finalLink": "https://www.sec.gov/Archives/edgar/data/1393052/000156459016015753/veev-10k_20160131.htm", "calculatedOtherExpenses": 0, "calculatedOperatingExpenses": 188418000, "calculatedNetInterest": 4617000, "calculatedOtherIncome": -4589000, "calculatedIncomeNonControlling": 0, "calculatedEbitda": 87053000}, {"date": "2015-01-31", "symbol": "VEEV", "reportedCurrency": "USD", "cik": "0001393052", "fillingDate": "2015-04-01", "acceptedDate": "2015-03-31 21:16:08", "calendarYear": "2015", "period": "FY", "revenue": 313222000, "costOfRevenue": 115658000, "grossProfit": 197564000, "grossProfitRatio": 0.6307475209, "researchAndDevelopmentExpenses": 41156000, "generalAndAdministrativeExpenses": 30239000, "sellingAndMarketingExpenses": 56203000, "sellingGeneralAndAdministrativeExpenses": 86442000, "otherExpenses": -2780000, "operatingExpenses": 127598000, "costAndExpenses": 243256000, "interestIncome": 3537000, "interestExpense": 0, "depreciationAndAmortization": 3929000, "ebitda": 73895000, "ebitdaratio": 0.2359189329, "operatingIncome": 69966000, "operatingIncomeRatio": 0.2233751141, "totalOtherIncomeExpensesNet": -2780000, "incomeBeforeTax": 67186000, "incomeBeforeTaxRatio": 0.2144996201, "incomeTaxExpense": 26803000, "netIncome": 40383000, "netIncomeRatio": 0.1289277254, "eps": 0.31, "epsdiluted": 0.28, "weightedAverageShsOut": 127713000, "weightedAverageShsOutDil": 144204000, "link": "https://www.sec.gov/Archives/edgar/data/1393052/000156459015002300/0001564590-15-002300-index.htm", "finalLink": "https://www.sec.gov/Archives/edgar/data/1393052/000156459015002300/veev-10k_20150131.htm", "calculatedOtherExpenses": 0, "calculatedOperatingExpenses": 127598000, "calculatedNetInterest": 3537000, "calculatedOtherIncome": -6317000, "calculatedIncomeNonControlling": 0, "calculatedEbitda": 73895000}, {"date": "2014-01-31", "symbol": "VEEV", "reportedCurrency": "USD", "cik": "0001393052", "fillingDate": "2014-03-18", "acceptedDate": "2014-03-18 06:20:00", "calendarYear": "2014", "period": "FY", "revenue": 210151000, "costOfRevenue": 82602000, "grossProfit": 127549000, "grossProfitRatio": 0.6069397719, "researchAndDevelopmentExpenses": 26327000, "generalAndAdministrativeExpenses": 20411000, "sellingAndMarketingExpenses": 41507000, "sellingGeneralAndAdministrativeExpenses": 61918000, "otherExpenses": -804000, "operatingExpenses": 88245000, "costAndExpenses": 170847000, "interestIncome": 0, "interestExpense": 0, "depreciationAndAmortization": 2410000, "ebitda": 41714000, "ebitdaratio": 0.1984953676, "operatingIncome": 39304000, "operatingIncomeRatio": 0.1870274231, "totalOtherIncomeExpensesNet": -804000, "incomeBeforeTax": 38500000, "incomeBeforeTaxRatio": 0.1832016027, "incomeTaxExpense": 14885000, "netIncome": 23615000, "netIncomeRatio": 0.1123715804, "eps": 0.2, "epsdiluted": 0.15, "weightedAverageShsOut": 51725000, "weightedAverageShsOutDil": 68024000, "link": "https://www.sec.gov/Archives/edgar/data/1393052/000119312514103258/0001193125-14-103258-index.htm", "finalLink": "https://www.sec.gov/Archives/edgar/data/1393052/000119312514103258/d646612d10k.htm", "calculatedOtherExpenses": 0, "calculatedOperatingExpenses": 88245000, "calculatedNetInterest": 0, "calculatedOtherIncome": -804000, "calculatedIncomeNonControlling": 0, "calculatedEbitda": 41714000}, {"date": "2013-01-31", "symbol": "VEEV", "reportedCurrency": "USD", "cik": "0001393052", "fillingDate": "2013-01-31", "acceptedDate": "2013-01-30 19:00:00", "calendarYear": "2013", "period": "FY", "revenue": 129548000, "costOfRevenue": 57016000, "grossProfit": 72532000, "grossProfitRatio": 0.5598851391, "researchAndDevelopmentExpenses": 14638000, "generalAndAdministrativeExpenses": 8371000, "sellingAndMarketingExpenses": 19490000, "sellingGeneralAndAdministrativeExpenses": 27861000, "otherExpenses": -940000, "operatingExpenses": 42499000, "costAndExpenses": 99515000, "interestIncome": 0, "interestExpense": 0, "depreciationAndAmortization": 789000, "ebitda": 30822000, "ebitdaratio": 0.2379195356, "operatingIncome": 30033000, "operatingIncomeRatio": 0.231829129, "totalOtherIncomeExpensesNet": -940000, "incomeBeforeTax": 29093000, "incomeBeforeTaxRatio": 0.2245731312, "incomeTaxExpense": 10310000, "netIncome": 18783000, "netIncomeRatio": 0.14498873, "eps": 0.0321, "epsdiluted": 0.0288, "weightedAverageShsOut": 108440000, "weightedAverageShsOutDil": 120833000, "link": "", "finalLink": "", "calculatedOtherExpenses": 0, "calculatedOperatingExpenses": 42499000, "calculatedNetInterest": 0, "calculatedOtherIncome": -940000, "calculatedIncomeNonControlling": 0, "calculatedEbitda": 30822000}, {"date": "2012-01-31", "symbol": "VEEV", "reportedCurrency": "USD", "cik": "0001393052", "fillingDate": "2012-01-31", "acceptedDate": "2012-01-30 19:00:00", "calendarYear": "2012", "period": "FY", "revenue": 61262000, "costOfRevenue": 29056000, "grossProfit": 32206000, "grossProfitRatio": 0.5257092488, "researchAndDevelopmentExpenses": 7750000, "generalAndAdministrativeExpenses": 5539000, "sellingAndMarketingExpenses": 12279000, "sellingGeneralAndAdministrativeExpenses": 17818000, "otherExpenses": 15000, "operatingExpenses": 25568000, "costAndExpenses": 54624000, "interestIncome": 0, "interestExpense": 0, "depreciationAndAmortization": 407000, "ebitda": 7045000, "ebitdaratio": 0.114997878, "operatingIncome": 6638000, "operatingIncomeRatio": 0.1083542816, "totalOtherIncomeExpensesNet": 15000, "incomeBeforeTax": 6653000, "incomeBeforeTaxRatio": 0.1085991316, "incomeTaxExpense": 2423000, "netIncome": 4230000, "netIncomeRatio": 0.0690476968, "eps": 0.0055, "epsdiluted": 0.005, "weightedAverageShsOut": 108440000, "weightedAverageShsOutDil": 120833000, "link": "", "finalLink": "", "calculatedOtherExpenses": 0, "calculatedOperatingExpenses": 25568000, "calculatedNetInterest": 0, "calculatedOtherIncome": 15000, "calculatedIncomeNonControlling": 0, "calculatedEbitda": 7045000}, {"date": "2011-01-31", "symbol": "VEEV", "reportedCurrency": "USD", "cik": "0001393052", "fillingDate": "2011-01-31", "acceptedDate": "2011-01-30 19:00:00", "calendarYear": "2011", "period": "FY", "revenue": 29129000, "costOfRevenue": 12317000, "grossProfit": 16812000, "grossProfitRatio": 0.5771567853, "researchAndDevelopmentExpenses": 3637000, "generalAndAdministrativeExpenses": 2513000, "sellingAndMarketingExpenses": 5571000, "sellingGeneralAndAdministrativeExpenses": 8084000, "otherExpenses": 173000, "operatingExpenses": 11721000, "costAndExpenses": 24038000, "interestIncome": 0, "interestExpense": 0, "depreciationAndAmortization": 219000, "ebitda": 5310000, "ebitdaratio": 0.1822925607, "operatingIncome": 5091000, "operatingIncomeRatio": 0.1747742799, "totalOtherIncomeExpensesNet": 173000, "incomeBeforeTax": 5264000, "incomeBeforeTaxRatio": 0.1807133784, "incomeTaxExpense": 1355000, "netIncome": 3909000, "netIncomeRatio": 0.1341961619, "eps": 0.004, "epsdiluted": 0.0037, "weightedAverageShsOut": 105887000, "weightedAverageShsOutDil": 115599000, "link": "", "finalLink": "", "calculatedOtherExpenses": 0, "calculatedOperatingExpenses": 11721000, "calculatedNetInterest": 0, "calculatedOtherIncome": 173000, "calculatedIncomeNonControlling": 0, "calculatedEbitda": 5310000}]}