{"originalCurrency": "USD", "convertedCurrency": "USD", "report": [{"date": "2023-04-01", "symbol": "VFC", "reportedCurrency": "USD", "cik": "0000103379", "fillingDate": "2023-05-25", "acceptedDate": "2023-05-25 15:17:17", "calendarYear": "2023", "period": "FY", "revenue": 11612475000, "costOfRevenue": 5515796000, "grossProfit": 6096679000, "grossProfitRatio": 0.5250111626, "researchAndDevelopmentExpenses": 0, "generalAndAdministrativeExpenses": 4172177000, "sellingAndMarketingExpenses": 861800000, "sellingGeneralAndAdministrativeExpenses": 5033977000, "otherExpenses": -119774000, "operatingExpenses": 5033977000, "costAndExpenses": 10549773000, "interestIncome": 9758000, "interestExpense": -174390000, "depreciationAndAmortization": 262324000, "ebitda": 2060035000, "ebitdaratio": 0.1773984443, "operatingIncome": 1797711000, "operatingIncomeRatio": 0.1548086002, "totalOtherIncomeExpensesNet": -1754424000, "incomeBeforeTax": 43287000, "incomeBeforeTaxRatio": 0.0037276291, "incomeTaxExpense": -75297000, "netIncome": 118584000, "netIncomeRatio": 0.0102117766, "eps": 0.31, "epsdiluted": 0.31, "weightedAverageShsOut": 387763000, "weightedAverageShsOutDil": 388370000, "link": "https://www.sec.gov/Archives/edgar/data/103379/000010337923000006/0000103379-23-000006-index.htm", "finalLink": "https://www.sec.gov/Archives/edgar/data/103379/000010337923000006/vfc-20230401.htm", "calculatedOtherExpenses": -735009000, "calculatedOperatingExpenses": 4298968000, "calculatedNetInterest": 184148000, "calculatedOtherIncome": -1938572000, "calculatedIncomeNonControlling": 0, "calculatedEbitda": 2060035000}, {"date": "2022-04-02", "symbol": "VFC", "reportedCurrency": "USD", "cik": "0000103379", "fillingDate": "2022-05-26", "acceptedDate": "2022-05-26 16:44:50", "calendarYear": "2022", "period": "FY", "revenue": 11841840000, "costOfRevenue": 5386393000, "grossProfit": 6455447000, "grossProfitRatio": 0.5451388467, "researchAndDevelopmentExpenses": 0, "generalAndAdministrativeExpenses": 3982643000, "sellingAndMarketingExpenses": 840600000, "sellingGeneralAndAdministrativeExpenses": 4823243000, "otherExpenses": 26154000, "operatingExpenses": 4823243000, "costAndExpenses": 10209636000, "interestIncome": 5006000, "interestExpense": 136469000, "depreciationAndAmortization": 270580000, "ebitda": 1902784000, "ebitdaratio": 0.1606831371, "operatingIncome": 1632204000, "operatingIncomeRatio": 0.1378336475, "totalOtherIncomeExpensesNet": -108954000, "incomeBeforeTax": 1523250000, "incomeBeforeTaxRatio": 0.1286328814, "incomeTaxExpense": 306981000, "netIncome": 1386941000, "netIncomeRatio": 0.1171220858, "eps": 3.55, "epsdiluted": 3.53, "weightedAverageShsOut": 390291000, "weightedAverageShsOutDil": 392411000, "link": "https://www.sec.gov/Archives/edgar/data/103379/000010337922000006/0000103379-22-000006-index.htm", "finalLink": "https://www.sec.gov/Archives/edgar/data/103379/000010337922000006/vfc-20220402.htm", "calculatedOtherExpenses": 0, "calculatedOperatingExpenses": 4823243000, "calculatedNetInterest": -131463000, "calculatedOtherIncome": 22509000, "calculatedIncomeNonControlling": -170672000, "calculatedEbitda": 1902784000}, {"date": "2021-04-03", "symbol": "VFC", "reportedCurrency": "USD", "cik": "0000103379", "fillingDate": "2021-05-27", "acceptedDate": "2021-05-27 16:24:05", "calendarYear": "2021", "period": "FY", "revenue": 9238830000, "costOfRevenue": 4370780000, "grossProfit": 4868050000, "grossProfitRatio": 0.5269119575, "researchAndDevelopmentExpenses": 0, "generalAndAdministrativeExpenses": 3631958000, "sellingAndMarketingExpenses": 608100000, "sellingGeneralAndAdministrativeExpenses": 4240058000, "otherExpenses": -24659000, "operatingExpenses": 4240058000, "costAndExpenses": 8610838000, "interestIncome": 9155000, "interestExpense": 135655000, "depreciationAndAmortization": 309803000, "ebitda": 917434000, "ebitdaratio": 0.0993019679, "operatingIncome": 607631000, "operatingIncomeRatio": 0.0657692587, "totalOtherIncomeExpensesNet": -151159000, "incomeBeforeTax": 456472000, "incomeBeforeTaxRatio": 0.0494079878, "incomeTaxExpense": 101566000, "netIncome": 407869000, "netIncomeRatio": 0.0441472567, "eps": 1.05, "epsdiluted": 1.04, "weightedAverageShsOut": 389655000, "weightedAverageShsOutDil": 392121000, "link": "https://www.sec.gov/Archives/edgar/data/103379/000010337921000006/0000103379-21-000006-index.htm", "finalLink": "https://www.sec.gov/Archives/edgar/data/103379/000010337921000006/vfc-20210403.htm", "calculatedOtherExpenses": 20361000, "calculatedOperatingExpenses": 4260419000, "calculatedNetInterest": -126500000, "calculatedOtherIncome": -24659000, "calculatedIncomeNonControlling": -52963000, "calculatedEbitda": 917434000}, {"date": "2020-03-28", "symbol": "VFC", "reportedCurrency": "USD", "cik": "0000103379", "fillingDate": "2020-05-27", "acceptedDate": "2020-05-27 13:28:25", "calendarYear": "2020", "period": "FY", "revenue": 10488556000, "costOfRevenue": 4690520000, "grossProfit": 5798036000, "grossProfitRatio": 0.5527964002, "researchAndDevelopmentExpenses": 0, "generalAndAdministrativeExpenses": 3790708000, "sellingAndMarketingExpenses": 756300000, "sellingGeneralAndAdministrativeExpenses": 4547008000, "otherExpenses": -68650000, "operatingExpenses": 4547008000, "costAndExpenses": 9237528000, "interestIncome": 19867000, "interestExpense": 72175000, "depreciationAndAmortization": 267619000, "ebitda": 1901642000, "ebitdaratio": 0.1813063686, "operatingIncome": 1634023000, "operatingIncomeRatio": 0.1557910355, "totalOtherIncomeExpensesNet": -906815000, "incomeBeforeTax": 727208000, "incomeBeforeTaxRatio": 0.0693334716, "incomeTaxExpense": 98062000, "netIncome": 679449000, "netIncomeRatio": 0.0647800326, "eps": 1.72, "epsdiluted": 1.7, "weightedAverageShsOut": 395411000, "weightedAverageShsOutDil": 399936000, "link": "https://www.sec.gov/Archives/edgar/data/103379/000010337920000006/0000103379-20-000006-index.htm", "finalLink": "https://www.sec.gov/Archives/edgar/data/103379/000010337920000006/vfc328202010-k.htm", "calculatedOtherExpenses": -382995000, "calculatedOperatingExpenses": 4164013000, "calculatedNetInterest": -52308000, "calculatedOtherIncome": -854507000, "calculatedIncomeNonControlling": -50303000, "calculatedEbitda": 1901642000}, {"date": "2019-03-30", "symbol": "VFC", "reportedCurrency": "USD", "cik": "0000103379", "fillingDate": "2019-05-24", "acceptedDate": "2019-05-24 15:55:36", "calendarYear": "2019", "period": "FY", "revenue": 13848660000, "costOfRevenue": 6827481000, "grossProfit": 7021179000, "grossProfitRatio": 0.5069933842, "researchAndDevelopmentExpenses": 0, "generalAndAdministrativeExpenses": 0, "sellingAndMarketingExpenses": 0, "sellingGeneralAndAdministrativeExpenses": 5345339000, "otherExpenses": -63011000, "operatingExpenses": 5345339000, "costAndExpenses": 12172820000, "interestIncome": 22643000, "interestExpense": 85425000, "depreciationAndAmortization": 301005000, "ebitda": 1976845000, "ebitdaratio": 0.1427463018, "operatingIncome": 1675840000, "operatingIncomeRatio": 0.1210109859, "totalOtherIncomeExpensesNet": -148436000, "incomeBeforeTax": 1527404000, "incomeBeforeTaxRatio": 0.1102925482, "incomeTaxExpense": 268400000, "netIncome": 1259792000, "netIncomeRatio": 0.0909685125, "eps": 3.19, "epsdiluted": 3.15, "weightedAverageShsOut": 395189000, "weightedAverageShsOutDil": 400496000, "link": "https://www.sec.gov/Archives/edgar/data/103379/000010337919000006/0000103379-19-000006-index.htm", "finalLink": "https://www.sec.gov/Archives/edgar/data/103379/000010337919000006/vfc330201910-k.htm", "calculatedOtherExpenses": 0, "calculatedOperatingExpenses": 5345339000, "calculatedNetInterest": -62782000, "calculatedOtherIncome": -85654000, "calculatedIncomeNonControlling": -788000, "calculatedEbitda": 1976845000}, {"date": "2018-03-31", "symbol": "VFC", "reportedCurrency": "USD", "cik": "0000103379", "fillingDate": "2018-03-31", "acceptedDate": "2018-03-31 00:00:00", "calendarYear": "2018", "period": "FY", "revenue": 3045446000, "costOfRevenue": 1506335000, "grossProfit": 1539111000, "grossProfitRatio": 0.5053811494, "researchAndDevelopmentExpenses": 0, "generalAndAdministrativeExpenses": 0, "sellingAndMarketingExpenses": 0, "sellingGeneralAndAdministrativeExpenses": 1229046000, "otherExpenses": 5233000, "operatingExpenses": 1229046000, "costAndExpenses": 2735381000, "interestIncome": 3228000, "interestExpense": 24393000, "depreciationAndAmortization": 79993000, "ebitda": 390058000, "ebitdaratio": 0.1280791057, "operatingIncome": 310065000, "operatingIncomeRatio": 0.1018126737, "totalOtherIncomeExpensesNet": -15932000, "incomeBeforeTax": 294133000, "incomeBeforeTaxRatio": 0.0965812561, "incomeTaxExpense": 32969000, "netIncome": 252793000, "netIncomeRatio": 0.0830068896, "eps": 0.64, "epsdiluted": 0.63, "weightedAverageShsOut": 395253000, "weightedAverageShsOutDil": 401276000, "link": null, "finalLink": null, "calculatedOtherExpenses": 0, "calculatedOperatingExpenses": 1229046000, "calculatedNetInterest": -21165000, "calculatedOtherIncome": 5233000, "calculatedIncomeNonControlling": 8371000, "calculatedEbitda": 390058000}, {"date": "2016-12-31", "symbol": "VFC", "reportedCurrency": "USD", "cik": "0000103379", "fillingDate": "2017-03-01", "acceptedDate": "2017-03-01 11:56:45", "calendarYear": "2017", "period": "FY", "revenue": 12019003000, "costOfRevenue": 6196335000, "grossProfit": 5822668000, "grossProfitRatio": 0.4844551582, "researchAndDevelopmentExpenses": 0, "generalAndAdministrativeExpenses": 0, "sellingAndMarketingExpenses": 0, "sellingGeneralAndAdministrativeExpenses": 4323442000, "otherExpenses": 2001000, "operatingExpenses": 4323442000, "costAndExpenses": 10519777000, "interestIncome": 9094000, "interestExpense": 85636000, "depreciationAndAmortization": 281577000, "ebitda": 1780803000, "ebitdaratio": 0.1481656174, "operatingIncome": 1499226000, "operatingIncomeRatio": 0.124737967, "totalOtherIncomeExpensesNet": 2001000, "incomeBeforeTax": 1415591000, "incomeBeforeTaxRatio": 0.1177794032, "incomeTaxExpense": 243064000, "netIncome": 1074106000, "netIncomeRatio": 0.0893673127, "eps": 2.58, "epsdiluted": 2.54, "weightedAverageShsOut": 416103000, "weightedAverageShsOutDil": 422081000, "link": "https://www.sec.gov/Archives/edgar/data/103379/000162828017002027/0001628280-17-002027-index.htm", "finalLink": "https://www.sec.gov/Archives/edgar/data/103379/000162828017002027/vfc1231201610-k.htm", "calculatedOtherExpenses": 0, "calculatedOperatingExpenses": 4323442000, "calculatedNetInterest": -76542000, "calculatedOtherIncome": -7093000, "calculatedIncomeNonControlling": 98421000, "calculatedEbitda": 1780803000}, {"date": "2015-12-31", "symbol": "VFC", "reportedCurrency": "USD", "cik": "0000103379", "fillingDate": "2016-03-02", "acceptedDate": "2016-03-02 14:38:12", "calendarYear": "2016", "period": "FY", "revenue": 12376744000, "costOfRevenue": 6393800000, "grossProfit": 5982944000, "grossProfitRatio": 0.4834020967, "researchAndDevelopmentExpenses": 0, "generalAndAdministrativeExpenses": 0, "sellingAndMarketingExpenses": 0, "sellingGeneralAndAdministrativeExpenses": 4178386000, "otherExpenses": 1655000, "operatingExpenses": 4178386000, "costAndExpenses": 10572186000, "interestIncome": 7152000, "interestExpense": 82262000, "depreciationAndAmortization": 272075000, "ebitda": 2220195000, "ebitdaratio": 0.1793844165, "operatingIncome": 1660996000, "operatingIncomeRatio": 0.1342029859, "totalOtherIncomeExpensesNet": -141907000, "incomeBeforeTax": 1580389000, "incomeBeforeTaxRatio": 0.1276902067, "incomeTaxExpense": 348796000, "netIncome": 1231593000, "netIncomeRatio": 0.099508643, "eps": 2.9, "epsdiluted": 2.85, "weightedAverageShsOut": 425408000, "weightedAverageShsOutDil": 432079000, "link": "https://www.sec.gov/Archives/edgar/data/103379/000119312516489832/0001193125-16-489832-index.htm", "finalLink": "https://www.sec.gov/Archives/edgar/data/103379/000119312516489832/d240426d10k.htm", "calculatedOtherExpenses": 143562000, "calculatedOperatingExpenses": 4321948000, "calculatedNetInterest": -75110000, "calculatedOtherIncome": -5497000, "calculatedIncomeNonControlling": 0, "calculatedEbitda": 1933071000}, {"date": "2014-12-31", "symbol": "VFC", "reportedCurrency": "USD", "cik": "0000103379", "fillingDate": "2015-03-03", "acceptedDate": "2015-03-03 16:39:25", "calendarYear": "2015", "period": "FY", "revenue": 12282161000, "costOfRevenue": 6288190000, "grossProfit": 5993971000, "grossProfitRatio": 0.4880225068, "researchAndDevelopmentExpenses": 0, "generalAndAdministrativeExpenses": 0, "sellingAndMarketingExpenses": 0, "sellingGeneralAndAdministrativeExpenses": 4159885000, "otherExpenses": -5544000, "operatingExpenses": 4159885000, "costAndExpenses": 10448075000, "interestIncome": 6911000, "interestExpense": 79814000, "depreciationAndAmortization": 274883000, "ebitda": 2505331000, "ebitdaratio": 0.2039812864, "operatingIncome": 1437724000, "operatingIncomeRatio": 0.1170579021, "totalOtherIncomeExpensesNet": -401906000, "incomeBeforeTax": 1352366000, "incomeBeforeTaxRatio": 0.1101081479, "incomeTaxExpense": 304861000, "netIncome": 1047505000, "netIncomeRatio": 0.0852867016, "eps": 3.07, "epsdiluted": 3.02, "weightedAverageShsOut": 432611000, "weightedAverageShsOutDil": 440153000, "link": "https://www.sec.gov/Archives/edgar/data/103379/000119312515075174/0001193125-15-075174-index.htm", "finalLink": "https://www.sec.gov/Archives/edgar/data/103379/000119312515075174/d838659d10k.htm", "calculatedOtherExpenses": 396362000, "calculatedOperatingExpenses": 4556247000, "calculatedNetInterest": -72903000, "calculatedOtherIncome": -12455000, "calculatedIncomeNonControlling": 0, "calculatedEbitda": 1712607000}, {"date": "2013-12-28", "symbol": "VFC", "reportedCurrency": "USD", "cik": "0000103379", "fillingDate": "2014-02-26", "acceptedDate": "2014-02-26 15:07:48", "calendarYear": "2014", "period": "FY", "revenue": 11419648000, "costOfRevenue": 5931469000, "grossProfit": 5488179000, "grossProfitRatio": 0.4805909079, "researchAndDevelopmentExpenses": 0, "generalAndAdministrativeExpenses": 0, "sellingAndMarketingExpenses": 0, "sellingGeneralAndAdministrativeExpenses": 3841032000, "otherExpenses": -4025000, "operatingExpenses": 3841032000, "costAndExpenses": 9772501000, "interestIncome": 4141000, "interestExpense": 84773000, "depreciationAndAmortization": 253273000, "ebitda": 1900536000, "ebitdaratio": 0.1664268461, "operatingIncome": 1647147000, "operatingIncomeRatio": 0.1442379835, "totalOtherIncomeExpensesNet": -4025000, "incomeBeforeTax": 1562490000, "incomeBeforeTaxRatio": 0.1368247077, "incomeTaxExpense": 352371000, "netIncome": 1210119000, "netIncomeRatio": 0.1059681524, "eps": 2.76, "epsdiluted": 2.71, "weightedAverageShsOut": 438657000, "weightedAverageShsOutDil": 446809000, "link": "https://www.sec.gov/Archives/edgar/data/103379/000119312514069474/0001193125-14-069474-index.htm", "finalLink": "https://www.sec.gov/Archives/edgar/data/103379/000119312514069474/d647537d10k.htm", "calculatedOtherExpenses": 0, "calculatedOperatingExpenses": 3841032000, "calculatedNetInterest": -80632000, "calculatedOtherIncome": -4025000, "calculatedIncomeNonControlling": 0, "calculatedEbitda": 1900420000}, {"date": "2012-12-29", "symbol": "VFC", "reportedCurrency": "USD", "cik": "0000103379", "fillingDate": "2013-02-27", "acceptedDate": "2013-02-27 16:09:00", "calendarYear": "2013", "period": "FY", "revenue": 10879855000, "costOfRevenue": 5817880000, "grossProfit": 5061975000, "grossProfitRatio": 0.4652612558, "researchAndDevelopmentExpenses": 0, "generalAndAdministrativeExpenses": 0, "sellingAndMarketingExpenses": 0, "sellingGeneralAndAdministrativeExpenses": 3596708000, "otherExpenses": 46860000, "operatingExpenses": 3596708000, "costAndExpenses": 9414588000, "interestIncome": 3353000, "interestExpense": 93605000, "depreciationAndAmortization": 237956000, "ebitda": 1753436000, "ebitdaratio": 0.1611635449, "operatingIncome": 1465267000, "operatingIncomeRatio": 0.1346770706, "totalOtherIncomeExpensesNet": 46860000, "incomeBeforeTax": 1421875000, "incomeBeforeTaxRatio": 0.1306887822, "incomeTaxExpense": 335737000, "netIncome": 1085999000, "netIncomeRatio": 0.0998174148, "eps": 2.47, "epsdiluted": 2.43, "weightedAverageShsOut": 439292000, "weightedAverageShsOutDil": 447616000, "link": "https://www.sec.gov/Archives/edgar/data/103379/000119312513079974/0001193125-13-079974-index.htm", "finalLink": "https://www.sec.gov/Archives/edgar/data/103379/000119312513079974/d444924d10k.htm", "calculatedOtherExpenses": 0, "calculatedOperatingExpenses": 3596708000, "calculatedNetInterest": -90252000, "calculatedOtherIncome": 46860000, "calculatedIncomeNonControlling": 139000, "calculatedEbitda": 1703223000}, {"date": "2011-12-31", "symbol": "VFC", "reportedCurrency": "USD", "cik": "0000103379", "fillingDate": "2012-02-29", "acceptedDate": "2012-02-29 15:03:48", "calendarYear": "2012", "period": "FY", "revenue": 9459232000, "costOfRevenue": 5128602000, "grossProfit": 4330630000, "grossProfitRatio": 0.4578204658, "researchAndDevelopmentExpenses": 0, "generalAndAdministrativeExpenses": 0, "sellingAndMarketingExpenses": 0, "sellingGeneralAndAdministrativeExpenses": 3085839000, "otherExpenses": 0, "operatingExpenses": 3085839000, "costAndExpenses": 8214441000, "interestIncome": 4778000, "interestExpense": 77578000, "depreciationAndAmortization": 198735000, "ebitda": 1448304000, "ebitdaratio": 0.1531101045, "operatingIncome": 1244791000, "operatingIncomeRatio": 0.1315953557, "totalOtherIncomeExpensesNet": -7248000, "incomeBeforeTax": 1164743000, "incomeBeforeTaxRatio": 0.1231329351, "incomeTaxExpense": 274350000, "netIncome": 888089000, "netIncomeRatio": 0.0938859518, "eps": 2.03, "epsdiluted": 2, "weightedAverageShsOut": 437148000, "weightedAverageShsOutDil": 445152000, "link": "https://www.sec.gov/Archives/edgar/data/103379/000119312512088711/0001193125-12-088711-index.htm", "finalLink": "https://www.sec.gov/Archives/edgar/data/103379/000119312512088711/d265930d10k.htm", "calculatedOtherExpenses": 0, "calculatedOperatingExpenses": 3085839000, "calculatedNetInterest": -72800000, "calculatedOtherIncome": -7248000, "calculatedIncomeNonControlling": 2304000, "calculatedEbitda": 1443526000}, {"date": "2010-12-31", "symbol": "VFC", "reportedCurrency": "USD", "cik": "0000103379", "fillingDate": "2011-03-02", "acceptedDate": "2011-03-02 17:11:05", "calendarYear": "2011", "period": "FY", "revenue": 7702589000, "costOfRevenue": 4105201000, "grossProfit": 3597388000, "grossProfitRatio": 0.4670362134, "researchAndDevelopmentExpenses": 0, "generalAndAdministrativeExpenses": 0, "sellingAndMarketingExpenses": 0, "sellingGeneralAndAdministrativeExpenses": 2574790000, "otherExpenses": 0, "operatingExpenses": 2574790000, "costAndExpenses": 6679991000, "interestIncome": 2336000, "interestExpense": 77738000, "depreciationAndAmortization": 173396000, "ebitda": 1198330000, "ebitdaratio": 0.1555749632, "operatingIncome": 820860000, "operatingIncomeRatio": 0.1065693626, "totalOtherIncomeExpensesNet": -196984000, "incomeBeforeTax": 750212000, "incomeBeforeTaxRatio": 0.0973973816, "incomeTaxExpense": 176700000, "netIncome": 571362000, "netIncomeRatio": 0.074177916, "eps": 1.31, "epsdiluted": 1.3, "weightedAverageShsOut": 435056000, "weightedAverageShsOutDil": 441312000, "link": "https://www.sec.gov/Archives/edgar/data/103379/000095012311021306/0000950123-11-021306-index.htm", "finalLink": "https://www.sec.gov/Archives/edgar/data/103379/000095012311021306/w81729e10vk.htm", "calculatedOtherExpenses": 201738000, "calculatedOperatingExpenses": 2776528000, "calculatedNetInterest": -75402000, "calculatedOtherIncome": 4754000, "calculatedIncomeNonControlling": 2150000, "calculatedEbitda": 994256000}, {"date": "2009-12-31", "symbol": "VFC", "reportedCurrency": "USD", "cik": "0000103379", "fillingDate": "2010-03-03", "acceptedDate": "2010-03-03 15:53:40", "calendarYear": "2010", "period": "FY", "revenue": 7220286000, "costOfRevenue": 4025122000, "grossProfit": 3195164000, "grossProfitRatio": 0.4425259609, "researchAndDevelopmentExpenses": 0, "generalAndAdministrativeExpenses": 0, "sellingAndMarketingExpenses": 0, "sellingGeneralAndAdministrativeExpenses": 2336394000, "otherExpenses": 0, "operatingExpenses": 2336394000, "costAndExpenses": 6361516000, "interestIncome": 2230000, "interestExpense": 85902000, "depreciationAndAmortization": 170452000, "ebitda": 1031452000, "ebitdaratio": 0.142854729, "operatingIncome": 736817000, "operatingIncomeRatio": 0.1020481737, "totalOtherIncomeExpensesNet": -120425000, "incomeBeforeTax": 654673000, "incomeBeforeTaxRatio": 0.0906713391, "incomeTaxExpense": 196215000, "netIncome": 461271000, "netIncomeRatio": 0.0638854195, "eps": 1.05, "epsdiluted": 1.03, "weightedAverageShsOut": 441556000, "weightedAverageShsOutDil": 446420000, "link": "https://www.sec.gov/Archives/edgar/data/103379/000095012310020525/0000950123-10-020525-index.htm", "finalLink": "https://www.sec.gov/Archives/edgar/data/103379/000095012310020525/w77397e10vk.htm", "calculatedOtherExpenses": 121953000, "calculatedOperatingExpenses": 2458347000, "calculatedNetInterest": -83672000, "calculatedOtherIncome": 1528000, "calculatedIncomeNonControlling": -2813000, "calculatedEbitda": 907269000}, {"date": "2008-12-31", "symbol": "VFC", "reportedCurrency": "USD", "cik": "0000103379", "fillingDate": "2009-03-03", "acceptedDate": "2009-03-03 17:09:29", "calendarYear": "2009", "period": "FY", "revenue": 7642600000, "costOfRevenue": 4283680000, "grossProfit": 3358920000, "grossProfitRatio": 0.4394996467, "researchAndDevelopmentExpenses": 0, "generalAndAdministrativeExpenses": 0, "sellingAndMarketingExpenses": 0, "sellingGeneralAndAdministrativeExpenses": 2419925000, "otherExpenses": 0, "operatingExpenses": 2419925000, "costAndExpenses": 6703605000, "interestIncome": 765000, "interestExpense": 95353000, "depreciationAndAmortization": 166171000, "ebitda": 1108269000, "ebitdaratio": 0.1450120378, "operatingIncome": 938995000, "operatingIncomeRatio": 0.1228632926, "totalOtherIncomeExpensesNet": -3103000, "incomeBeforeTax": 847957000, "incomeBeforeTaxRatio": 0.1109513778, "incomeTaxExpense": 245209000, "netIncome": 602748000, "netIncomeRatio": 0.0788668778, "eps": 1.38, "epsdiluted": 1.36, "weightedAverageShsOut": 436936000, "weightedAverageShsOutDil": 445020000, "link": "https://www.sec.gov/Archives/edgar/data/103379/000089322009000455/0000893220-09-000455-index.htm", "finalLink": "https://www.sec.gov/Archives/edgar/data/103379/000089322009000455/w72797e10vk.htm", "calculatedOtherExpenses": 0, "calculatedOperatingExpenses": 2419925000, "calculatedNetInterest": -94588000, "calculatedOtherIncome": 3550000, "calculatedIncomeNonControlling": 0, "calculatedEbitda": 1105166000}, {"date": "2007-12-29", "symbol": "VFC", "reportedCurrency": "USD", "cik": "0000103379", "fillingDate": "2008-02-26", "acceptedDate": "2008-02-26 16:22:55", "calendarYear": "2008", "period": "FY", "revenue": 7219359000, "costOfRevenue": 4080022000, "grossProfit": 3139337000, "grossProfitRatio": 0.4348498253, "researchAndDevelopmentExpenses": 0, "generalAndAdministrativeExpenses": 0, "sellingAndMarketingExpenses": 0, "sellingGeneralAndAdministrativeExpenses": 2173896000, "otherExpenses": 0, "operatingExpenses": 2173896000, "costAndExpenses": 6253918000, "interestIncome": 9310000, "interestExpense": 92677000, "depreciationAndAmortization": 141227000, "ebitda": 1103727000, "ebitdaratio": 0.1528843489, "operatingIncome": 965441000, "operatingIncomeRatio": 0.1337294627, "totalOtherIncomeExpensesNet": 2941000, "incomeBeforeTax": 905570000, "incomeBeforeTaxRatio": 0.1254363441, "incomeTaxExpense": 292324000, "netIncome": 591621000, "netIncomeRatio": 0.0819492423, "eps": 1.34, "epsdiluted": 1.31, "weightedAverageShsOut": 441508209, "weightedAverageShsOutDil": 453349425, "link": "https://www.sec.gov/Archives/edgar/data/103379/000089322008000524/0000893220-08-000524-index.htm", "finalLink": "https://www.sec.gov/Archives/edgar/data/103379/000089322008000524/w48593e10vk.htm", "calculatedOtherExpenses": 0, "calculatedOperatingExpenses": 2173896000, "calculatedNetInterest": -83367000, "calculatedOtherIncome": 23496000, "calculatedIncomeNonControlling": 21625000, "calculatedEbitda": 1106668000}, {"date": "2006-12-30", "symbol": "VFC", "reportedCurrency": "USD", "cik": "0000103379", "fillingDate": "2007-02-27", "acceptedDate": "2007-02-27 17:06:00", "calendarYear": "2007", "period": "FY", "revenue": 6215794000, "costOfRevenue": 3515624000, "grossProfit": 2700170000, "grossProfitRatio": 0.4344046794, "researchAndDevelopmentExpenses": 0, "generalAndAdministrativeExpenses": 0, "sellingAndMarketingExpenses": 0, "sellingGeneralAndAdministrativeExpenses": 1874026000, "otherExpenses": 0, "operatingExpenses": 1874026000, "costAndExpenses": 5389650000, "interestIncome": 5994000, "interestExpense": 64583000, "depreciationAndAmortization": 126505000, "ebitda": 950290000, "ebitdaratio": 0.1528831232, "operatingIncome": 826144000, "operatingIncomeRatio": 0.1329104536, "totalOtherIncomeExpensesNet": 2359000, "incomeBeforeTax": 777238000, "incomeBeforeTaxRatio": 0.1250424322, "incomeTaxExpense": 242187000, "netIncome": 533516000, "netIncomeRatio": 0.0858323168, "eps": 1.21, "epsdiluted": 1.18, "weightedAverageShsOut": 442215768, "weightedAverageShsOutDil": 451584746, "link": "https://www.sec.gov/Archives/edgar/data/103379/000089322007000491/0000893220-07-000491-index.htm", "finalLink": "https://www.sec.gov/Archives/edgar/data/103379/000089322007000491/w30596e10vk.htm", "calculatedOtherExpenses": 0, "calculatedOperatingExpenses": 1874026000, "calculatedNetInterest": -58589000, "calculatedOtherIncome": 9683000, "calculatedIncomeNonControlling": 1535000, "calculatedEbitda": 952649000}, {"date": "2005-12-31", "symbol": "VFC", "reportedCurrency": "USD", "cik": "0000103379", "fillingDate": "2006-03-10", "acceptedDate": "2006-03-10 16:20:26", "calendarYear": "2006", "period": "FY", "revenue": 6428648000, "costOfRevenue": 3785243000, "grossProfit": 2643405000, "grossProfitRatio": 0.4111914356, "researchAndDevelopmentExpenses": 0, "generalAndAdministrativeExpenses": 0, "sellingAndMarketingExpenses": 0, "sellingGeneralAndAdministrativeExpenses": 1888957000, "otherExpenses": -60380000, "operatingExpenses": 1815228000, "costAndExpenses": 5600471000, "interestIncome": 0, "interestExpense": -21483000, "depreciationAndAmortization": 133264000, "ebitda": 882652000, "ebitdaratio": 0.1372997868, "operatingIncome": 828177000, "operatingIncomeRatio": 0.1288259989, "totalOtherIncomeExpensesNet": 78789000, "incomeBeforeTax": 770813000, "incomeBeforeTaxRatio": 0.1199028163, "incomeTaxExpense": 252278000, "netIncome": 506702000, "netIncomeRatio": 0.0788193723, "eps": 1.14, "epsdiluted": 1.11, "weightedAverageShsOut": 444992070, "weightedAverageShsOutDil": 455014414, "link": "https://www.sec.gov/Archives/edgar/data/103379/000089322006000503/0000893220-06-000503-index.htm", "finalLink": "https://www.sec.gov/Archives/edgar/data/103379/000089322006000503/w18296e10vk.htm", "calculatedOtherExpenses": -73729000, "calculatedOperatingExpenses": 1815228000, "calculatedNetInterest": 21483000, "calculatedOtherIncome": -78847000, "calculatedIncomeNonControlling": 11833000, "calculatedEbitda": 961441000}, {"date": "2004-12-31", "symbol": "VFC", "reportedCurrency": "USD", "cik": "0000103379", "fillingDate": "2005-03-10", "acceptedDate": "2005-03-10 17:17:50", "calendarYear": "2005", "period": "FY", "revenue": 6054536000, "costOfRevenue": 3644255000, "grossProfit": 2410281000, "grossProfitRatio": 0.3980950811, "researchAndDevelopmentExpenses": 0, "generalAndAdministrativeExpenses": 0, "sellingAndMarketingExpenses": 0, "sellingGeneralAndAdministrativeExpenses": 1676769000, "otherExpenses": -47331000, "operatingExpenses": 1632493000, "costAndExpenses": 5276748000, "interestIncome": 0, "interestExpense": 16922000, "depreciationAndAmortization": 140717000, "ebitda": 870961000, "ebitdaratio": 0.1438526421, "operatingIncome": 777788000, "operatingIncomeRatio": 0.1284636841, "totalOtherIncomeExpensesNet": 47544000, "incomeBeforeTax": 712120000, "incomeBeforeTaxRatio": 0.1176176011, "incomeTaxExpense": 237418000, "netIncome": 474702000, "netIncomeRatio": 0.0784043567, "eps": 1.08, "epsdiluted": 1.05, "weightedAverageShsOut": 439879070, "weightedAverageShsOutDil": 449282660, "link": "https://www.sec.gov/Archives/edgar/data/103379/000089322005000519/0000893220-05-000519-index.htm", "finalLink": "https://www.sec.gov/Archives/edgar/data/103379/000089322005000519/w06467e10vk.htm", "calculatedOtherExpenses": -44276000, "calculatedOperatingExpenses": 1632493000, "calculatedNetInterest": -16922000, "calculatedOtherIncome": -48746000, "calculatedIncomeNonControlling": 0, "calculatedEbitda": 918505000}, {"date": "2003-12-31", "symbol": "VFC", "reportedCurrency": "USD", "cik": "0000103379", "fillingDate": "2004-03-10", "acceptedDate": "2004-03-10 11:11:33", "calendarYear": "2004", "period": "FY", "revenue": 5207459000, "costOfRevenue": 3230756000, "grossProfit": 1976703000, "grossProfitRatio": 0.3795906986, "researchAndDevelopmentExpenses": 0, "generalAndAdministrativeExpenses": 0, "sellingAndMarketingExpenses": 0, "sellingGeneralAndAdministrativeExpenses": 1331814000, "otherExpenses": -6910000, "operatingExpenses": 1331814000, "costAndExpenses": 4562570000, "interestIncome": 0, "interestExpense": 38905000, "depreciationAndAmortization": 104463000, "ebitda": 745823000, "ebitdaratio": 0.143222059, "operatingIncome": 644889000, "operatingIncomeRatio": 0.1238394772, "totalOtherIncomeExpensesNet": 3529000, "incomeBeforeTax": 598506000, "incomeBeforeTaxRatio": 0.1149324459, "incomeTaxExpense": 200573000, "netIncome": 397933000, "netIncomeRatio": 0.0764159641, "eps": 0.92, "epsdiluted": 0.9, "weightedAverageShsOut": 431275204, "weightedAverageShsOutDil": 438443213, "link": "https://www.sec.gov/Archives/edgar/data/103379/000089322004000378/0000893220-04-000378-index.htm", "finalLink": "https://www.sec.gov/Archives/edgar/data/103379/000089322004000378/w94808e10vk.htm", "calculatedOtherExpenses": 0, "calculatedOperatingExpenses": 1331814000, "calculatedNetInterest": -38905000, "calculatedOtherIncome": -7478000, "calculatedIncomeNonControlling": 0, "calculatedEbitda": 749352000}, {"date": "2002-12-31", "symbol": "VFC", "reportedCurrency": "USD", "cik": "0000103379", "fillingDate": "2003-03-21", "acceptedDate": "2003-03-21 16:06:12", "calendarYear": "2003", "period": "FY", "revenue": 5083523000, "costOfRevenue": 3231697000, "grossProfit": 1851826000, "grossProfitRatio": 0.3642800475, "researchAndDevelopmentExpenses": 0, "generalAndAdministrativeExpenses": 0, "sellingAndMarketingExpenses": 0, "sellingGeneralAndAdministrativeExpenses": 1229902000, "otherExpenses": -2016000, "operatingExpenses": 1229902000, "costAndExpenses": 4461599000, "interestIncome": 0, "interestExpense": 43898000, "depreciationAndAmortization": 109674000, "ebitda": 727866000, "ebitdaratio": 0.1431814118, "operatingIncome": 621924000, "operatingIncomeRatio": 0.1223411402, "totalOtherIncomeExpensesNet": 3732000, "incomeBeforeTax": 561728000, "incomeBeforeTaxRatio": 0.1104997459, "incomeTaxExpense": 197300000, "netIncome": -154543000, "netIncomeRatio": -0.0304007673, "eps": -0.35, "epsdiluted": -0.33, "weightedAverageShsOut": 437761074, "weightedAverageShsOutDil": 472655072, "link": "https://www.sec.gov/Archives/edgar/data/103379/000089322003000363/0000893220-03-000363-index.htm", "finalLink": "https://www.sec.gov/Archives/edgar/data/103379/000089322003000363/w84411e10vk.htm", "calculatedOtherExpenses": 0, "calculatedOperatingExpenses": 1229902000, "calculatedNetInterest": -43898000, "calculatedOtherIncome": -16298000, "calculatedIncomeNonControlling": 518971000, "calculatedEbitda": 731598000}, {"date": "2001-12-29", "symbol": "VFC", "reportedCurrency": "USD", "cik": "0000103379", "fillingDate": "2002-03-20", "acceptedDate": "2002-03-20 00:00:00", "calendarYear": "2002", "period": "FY", "revenue": 5518805000, "costOfRevenue": 3798834000, "grossProfit": 1719971000, "grossProfitRatio": 0.3116564184, "researchAndDevelopmentExpenses": 0, "generalAndAdministrativeExpenses": 0, "sellingAndMarketingExpenses": 0, "sellingGeneralAndAdministrativeExpenses": 1372725000, "otherExpenses": -4740000, "operatingExpenses": 1372725000, "costAndExpenses": 5171559000, "interestIncome": 0, "interestExpense": 592868000, "depreciationAndAmortization": 168972000, "ebitda": 514147000, "ebitdaratio": 0.0931627408, "operatingIncome": 347246000, "operatingIncomeRatio": 0.0629205054, "totalOtherIncomeExpensesNet": 2071000, "incomeBeforeTax": 262801000, "incomeBeforeTaxRatio": 0.0476191857, "incomeTaxExpense": 124971000, "netIncome": 137830000, "netIncomeRatio": 0.0249746095, "eps": 0.3, "epsdiluted": 0.3, "weightedAverageShsOut": 444514286, "weightedAverageShsOutDil": 444514286, "link": "https://www.sec.gov/Archives/edgar/data/103379/000089322002000278/0000893220-02-000278-index.htm", "finalLink": "https://www.sec.gov/Archives/edgar/data/103379/000089322002000278/w58417e10-k405.txt", "calculatedOtherExpenses": 0, "calculatedOperatingExpenses": 1372725000, "calculatedNetInterest": -592868000, "calculatedOtherIncome": 508423000, "calculatedIncomeNonControlling": 0, "calculatedEbitda": 516218000}, {"date": "2000-12-30", "symbol": "VFC", "reportedCurrency": "USD", "cik": "0000103379", "fillingDate": "2001-03-26", "acceptedDate": "2001-03-26 00:00:00", "calendarYear": "2001", "period": "FY", "revenue": 5747879000, "costOfRevenue": 3669029000, "grossProfit": 2078850000, "grossProfitRatio": 0.3616725404, "researchAndDevelopmentExpenses": 0, "generalAndAdministrativeExpenses": 0, "sellingAndMarketingExpenses": 0, "sellingGeneralAndAdministrativeExpenses": 1395435000, "otherExpenses": 131309000, "operatingExpenses": 1568857000, "costAndExpenses": 5237886000, "interestIncome": 0, "interestExpense": 101790000, "depreciationAndAmortization": 173422000, "ebitda": 680843000, "ebitdaratio": 0.1184511713, "operatingIncome": 509993000, "operatingIncomeRatio": 0.0887271635, "totalOtherIncomeExpensesNet": 2572000, "incomeBeforeTax": 431533000, "incomeBeforeTaxRatio": 0.075076911, "incomeTaxExpense": 164417000, "netIncome": 260334000, "netIncomeRatio": 0.0452921852, "eps": 0.56, "epsdiluted": 0.55, "weightedAverageShsOut": 455424000, "weightedAverageShsOutDil": 463666968, "link": "https://www.sec.gov/Archives/edgar/data/103379/000089322001000313/0000893220-01-000313-index.htm", "finalLink": "https://www.sec.gov/Archives/edgar/data/103379/000089322001000313/w46645e10-k405.txt", "calculatedOtherExpenses": 173422000, "calculatedOperatingExpenses": 1568857000, "calculatedNetInterest": -101790000, "calculatedOtherIncome": 23330000, "calculatedIncomeNonControlling": 6782000, "calculatedEbitda": 683415000}, {"date": "1999-12-31", "symbol": "VFC", "reportedCurrency": "USD", "cik": "0000103379", "fillingDate": "2000-03-28", "acceptedDate": "2000-03-28 00:00:00", "calendarYear": "2000", "period": "FY", "revenue": 5551600000, "costOfRevenue": 3501600000, "grossProfit": 2050000000, "grossProfitRatio": 0.3692629152, "researchAndDevelopmentExpenses": 0, "generalAndAdministrativeExpenses": 0, "sellingAndMarketingExpenses": 0, "sellingGeneralAndAdministrativeExpenses": 1230000000, "otherExpenses": 169013000, "operatingExpenses": 1397400000, "costAndExpenses": 4899000000, "interestIncome": 0, "interestExpense": 49084000, "depreciationAndAmortization": 167400000, "ebitda": 814600000, "ebitdaratio": 0.1467324735, "operatingIncome": 652600000, "operatingIncomeRatio": 0.1175516968, "totalOtherIncomeExpensesNet": 5400000, "incomeBeforeTax": 595500000, "incomeBeforeTaxRatio": 0.1072663737, "incomeTaxExpense": 229300000, "netIncome": 366200000, "netIncomeRatio": 0.0659629656, "eps": 0.76, "epsdiluted": 0.75, "weightedAverageShsOut": 477236842, "weightedAverageShsOutDil": 485217391, "link": "https://www.sec.gov/Archives/edgar/data/103379/000089322000000362/0000893220-00-000362-index.html", "finalLink": "https://www.sec.gov/Archives/edgar/data/103379/000089322000000362/", "calculatedOtherExpenses": 167400000, "calculatedOperatingExpenses": 1397400000, "calculatedNetInterest": -49084000, "calculatedOtherIncome": -8016000, "calculatedIncomeNonControlling": 0, "calculatedEbitda": 820000000}, {"date": "1998-12-31", "symbol": "VFC", "reportedCurrency": "USD", "cik": "0000103379", "fillingDate": "1999-03-31", "acceptedDate": "1999-03-31 00:00:00", "calendarYear": "1999", "period": "FY", "revenue": 5478800000, "costOfRevenue": 3425300000, "grossProfit": 2053500000, "grossProfitRatio": 0.3748083522, "researchAndDevelopmentExpenses": 0, "generalAndAdministrativeExpenses": 0, "sellingAndMarketingExpenses": 0, "sellingGeneralAndAdministrativeExpenses": 1198900000, "otherExpenses": 160000000, "operatingExpenses": 1360300000, "costAndExpenses": 4785600000, "interestIncome": 0, "interestExpense": 59900000, "depreciationAndAmortization": 161400000, "ebitda": 854000000, "ebitdaratio": 0.155873549, "operatingIncome": 693200000, "operatingIncomeRatio": 0.1265240564, "totalOtherIncomeExpensesNet": 600000, "incomeBeforeTax": 631600000, "incomeBeforeTaxRatio": 0.1152807184, "incomeTaxExpense": 243300000, "netIncome": 388300000, "netIncomeRatio": 0.0708731839, "eps": 0.79, "epsdiluted": 0.78, "weightedAverageShsOut": 485299685, "weightedAverageShsOutDil": 496258065, "link": "https://www.sec.gov/Archives/edgar/data/103379/000089322099000395/0000893220-99-000395-index.html", "finalLink": "https://www.sec.gov/Archives/edgar/data/103379/", "calculatedOtherExpenses": 161400000, "calculatedOperatingExpenses": 1360300000, "calculatedNetInterest": -59900000, "calculatedOtherIncome": -1700000, "calculatedIncomeNonControlling": 0, "calculatedEbitda": 854600000}, {"date": "1997-12-31", "symbol": "VFC", "reportedCurrency": "USD", "cik": "0000103379", "fillingDate": "1998-03-31", "acceptedDate": "1998-03-31 00:00:00", "calendarYear": "1998", "period": "FY", "revenue": 5222200000, "costOfRevenue": 3284400000, "grossProfit": 1937800000, "grossProfitRatio": 0.3710696641, "researchAndDevelopmentExpenses": 0, "generalAndAdministrativeExpenses": 0, "sellingAndMarketingExpenses": 0, "sellingGeneralAndAdministrativeExpenses": 1175600000, "otherExpenses": 158700000, "operatingExpenses": 1331900000, "costAndExpenses": 4616300000, "interestIncome": 0, "interestExpense": -3900000, "depreciationAndAmortization": 156300000, "ebitda": 732700000, "ebitdaratio": 0.1403048524, "operatingIncome": 605900000, "operatingIncomeRatio": 0.116023898, "totalOtherIncomeExpensesNet": 29500000, "incomeBeforeTax": 585800000, "incomeBeforeTaxRatio": 0.1121749454, "incomeTaxExpense": 234900000, "netIncome": 350900000, "netIncomeRatio": 0.067193903, "eps": 0.69, "epsdiluted": 0.68, "weightedAverageShsOut": 508550725, "weightedAverageShsOutDil": 519851852, "link": "https://www.sec.gov/Archives/edgar/data/103379/000089322098000630/0000893220-98-000630-index.html", "finalLink": "https://www.sec.gov/Archives/edgar/data/103379/", "calculatedOtherExpenses": 156300000, "calculatedOperatingExpenses": 1331900000, "calculatedNetInterest": 3900000, "calculatedOtherIncome": -24000000, "calculatedIncomeNonControlling": 0, "calculatedEbitda": 762200000}, {"date": "1996-12-31", "symbol": "VFC", "reportedCurrency": "USD", "cik": "0000103379", "fillingDate": "1997-03-26", "acceptedDate": "1997-03-26 00:00:00", "calendarYear": "1997", "period": "FY", "revenue": 5137200000, "costOfRevenue": 3297700000, "grossProfit": 1839500000, "grossProfitRatio": 0.3580744374, "researchAndDevelopmentExpenses": 0, "generalAndAdministrativeExpenses": 0, "sellingAndMarketingExpenses": 0, "sellingGeneralAndAdministrativeExpenses": 1122100000, "otherExpenses": 159600000, "operatingExpenses": 1282600000, "costAndExpenses": 4580300000, "interestIncome": 0, "interestExpense": 22800000, "depreciationAndAmortization": 160500000, "ebitda": 703200000, "ebitdaratio": 0.1368839056, "operatingIncome": 556900000, "operatingIncomeRatio": 0.108405357, "totalOtherIncomeExpensesNet": 14200000, "incomeBeforeTax": 508400000, "incomeBeforeTaxRatio": 0.0989644164, "incomeTaxExpense": 208900000, "netIncome": 299500000, "netIncomeRatio": 0.0583002414, "eps": 0.58, "epsdiluted": 0.57, "weightedAverageShsOut": 509168000, "weightedAverageShsOutDil": 521057269, "link": "https://www.sec.gov/Archives/edgar/data/103379/000089322097000612/0000893220-97-000612-index.html", "finalLink": "https://www.sec.gov/Archives/edgar/data/103379/", "calculatedOtherExpenses": 160500000, "calculatedOperatingExpenses": 1282600000, "calculatedNetInterest": -22800000, "calculatedOtherIncome": -25700000, "calculatedIncomeNonControlling": 0, "calculatedEbitda": 717400000}, {"date": "1995-12-30", "symbol": "VFC", "reportedCurrency": "USD", "cik": "0000103379", "fillingDate": "1996-03-26", "acceptedDate": "1996-03-26 00:00:00", "calendarYear": "1996", "period": "FY", "revenue": 5062300000, "costOfRevenue": 3409900000, "grossProfit": 1652400000, "grossProfitRatio": 0.3264128953, "researchAndDevelopmentExpenses": 0, "generalAndAdministrativeExpenses": 0, "sellingAndMarketingExpenses": 0, "sellingGeneralAndAdministrativeExpenses": 1131300000, "otherExpenses": 165600000, "operatingExpenses": 1299000000, "costAndExpenses": 4708900000, "interestIncome": 0, "interestExpense": 59500000, "depreciationAndAmortization": 167700000, "ebitda": 513100000, "ebitdaratio": 0.1013570907, "operatingIncome": 353400000, "operatingIncomeRatio": 0.0698101653, "totalOtherIncomeExpensesNet": 8000000, "incomeBeforeTax": 284100000, "incomeBeforeTaxRatio": 0.0561207356, "incomeTaxExpense": 126800000, "netIncome": 157300000, "netIncomeRatio": 0.0310728325, "eps": 0.3, "epsdiluted": 0.3, "weightedAverageShsOut": 509944000, "weightedAverageShsOutDil": 517468354, "link": "https://www.sec.gov/Archives/edgar/data/103379/000089322096000481/0000893220-96-000481-index.html", "finalLink": "https://www.sec.gov/Archives/edgar/data/103379/", "calculatedOtherExpenses": 167700000, "calculatedOperatingExpenses": 1299000000, "calculatedNetInterest": -59500000, "calculatedOtherIncome": -9800000, "calculatedIncomeNonControlling": 0, "calculatedEbitda": 521100000}, {"date": "1994-12-31", "symbol": "VFC", "reportedCurrency": "USD", "cik": "0000103379", "fillingDate": "1995-03-30", "acceptedDate": "1995-03-30 00:00:00", "calendarYear": "1995", "period": "FY", "revenue": 4971700000, "costOfRevenue": 3228800000, "grossProfit": 1742900000, "grossProfitRatio": 0.3505641933, "researchAndDevelopmentExpenses": 0, "generalAndAdministrativeExpenses": 0, "sellingAndMarketingExpenses": 0, "sellingGeneralAndAdministrativeExpenses": 1045600000, "otherExpenses": 160300000, "operatingExpenses": 1204100000, "costAndExpenses": 4432900000, "interestIncome": 0, "interestExpense": 82600000, "depreciationAndAmortization": 158500000, "ebitda": 700200000, "ebitdaratio": 0.1408371382, "operatingIncome": 538800000, "operatingIncomeRatio": 0.1083733934, "totalOtherIncomeExpensesNet": -2900000, "incomeBeforeTax": 455600000, "incomeBeforeTaxRatio": 0.0916386749, "incomeTaxExpense": 181100000, "netIncome": 274500000, "netIncomeRatio": 0.0552125028, "eps": 0.53, "epsdiluted": 0.51, "weightedAverageShsOut": 516960000, "weightedAverageShsOutDil": 527414634, "link": "https://www.sec.gov/Archives/edgar/data/103379/000089322095000190/0000893220-95-000190-index.html", "finalLink": "https://www.sec.gov/Archives/edgar/data/103379/", "calculatedOtherExpenses": 158500000, "calculatedOperatingExpenses": 1204100000, "calculatedNetInterest": -82600000, "calculatedOtherIncome": -600000, "calculatedIncomeNonControlling": 0, "calculatedEbitda": 697300000}, {"date": "1993-12-31", "symbol": "VFC", "reportedCurrency": "USD", "cik": "0000103379", "fillingDate": "1994-03-24", "acceptedDate": "1994-03-24 00:00:00", "calendarYear": "1994", "period": "FY", "revenue": 4320400000, "costOfRevenue": 2849100000, "grossProfit": 1471300000, "grossProfitRatio": 0.3405471716, "researchAndDevelopmentExpenses": 0, "generalAndAdministrativeExpenses": 0, "sellingAndMarketingExpenses": 0, "sellingGeneralAndAdministrativeExpenses": 913700000, "otherExpenses": 131600000, "operatingExpenses": 1039500000, "costAndExpenses": 3888600000, "interestIncome": 0, "interestExpense": 4200000, "depreciationAndAmortization": 125800000, "ebitda": 516800000, "ebitdaratio": 0.1196185538, "operatingIncome": 431800000, "operatingIncomeRatio": 0.0999444496, "totalOtherIncomeExpensesNet": 40800000, "incomeBeforeTax": 400000000, "incomeBeforeTaxRatio": 0.09258402, "incomeTaxExpense": 153600000, "netIncome": 246400000, "netIncomeRatio": 0.0570317563, "eps": 0.24, "epsdiluted": 0.23, "weightedAverageShsOut": 515912000, "weightedAverageShsOutDil": 515912000, "link": "https://www.sec.gov/Archives/edgar/data/103379/000089322094000173/0000893220-94-000173-index.html", "finalLink": "https://www.sec.gov/Archives/edgar/data/103379/", "calculatedOtherExpenses": 125800000, "calculatedOperatingExpenses": 1039500000, "calculatedNetInterest": -4200000, "calculatedOtherIncome": -27600000, "calculatedIncomeNonControlling": 0, "calculatedEbitda": 557600000}, {"date": "1992-12-31", "symbol": "VFC", "reportedCurrency": "USD", "cik": "0000103379", "fillingDate": "1993-03-31", "acceptedDate": "1993-03-31 00:00:00", "calendarYear": "1993", "period": "FY", "revenue": 3824400000, "costOfRevenue": 2495400000, "grossProfit": 1329000000, "grossProfitRatio": 0.3475054911, "researchAndDevelopmentExpenses": 0, "generalAndAdministrativeExpenses": 0, "sellingAndMarketingExpenses": 0, "sellingGeneralAndAdministrativeExpenses": 791300000, "otherExpenses": 115500000, "operatingExpenses": 899600000, "costAndExpenses": 3395000000, "interestIncome": 0, "interestExpense": 36800000, "depreciationAndAmortization": 108300000, "ebitda": 520200000, "ebitdaratio": 0.1360213367, "operatingIncome": 429400000, "operatingIncomeRatio": 0.1122790503, "totalOtherIncomeExpensesNet": 17500000, "incomeBeforeTax": 375700000, "incomeBeforeTaxRatio": 0.098237632, "incomeTaxExpense": 138700000, "netIncome": 237000000, "netIncomeRatio": 0.0619705052, "eps": 0.25, "epsdiluted": 0.24, "weightedAverageShsOut": 476152000, "weightedAverageShsOutDil": 476152000, "link": null, "finalLink": null, "calculatedOtherExpenses": 108300000, "calculatedOperatingExpenses": 899600000, "calculatedNetInterest": -36800000, "calculatedOtherIncome": -16900000, "calculatedIncomeNonControlling": 0, "calculatedEbitda": 537700000}, {"date": "1991-12-31", "symbol": "VFC", "reportedCurrency": "USD", "cik": "0000103379", "fillingDate": "1992-03-31", "acceptedDate": "1992-03-31 00:00:00", "calendarYear": "1992", "period": "FY", "revenue": 2952400000, "costOfRevenue": 1948800000, "grossProfit": 1003600000, "grossProfitRatio": 0.3399268392, "researchAndDevelopmentExpenses": 0, "generalAndAdministrativeExpenses": 0, "sellingAndMarketingExpenses": 0, "sellingGeneralAndAdministrativeExpenses": 608600000, "otherExpenses": 95900000, "operatingExpenses": 699600000, "costAndExpenses": 2648400000, "interestIncome": 0, "interestExpense": 20000000, "depreciationAndAmortization": 91000000, "ebitda": 367300000, "ebitdaratio": 0.1244072619, "operatingIncome": 304000000, "operatingIncomeRatio": 0.1029670776, "totalOtherIncomeExpensesNet": 27700000, "incomeBeforeTax": 263200000, "incomeBeforeTaxRatio": 0.0891478119, "incomeTaxExpense": 101900000, "netIncome": 161300000, "netIncomeRatio": 0.0546335185, "eps": 0.17, "epsdiluted": 0.17, "weightedAverageShsOut": 461600000, "weightedAverageShsOutDil": 461600000, "link": null, "finalLink": null, "calculatedOtherExpenses": 91000000, "calculatedOperatingExpenses": 699600000, "calculatedNetInterest": -20000000, "calculatedOtherIncome": -20800000, "calculatedIncomeNonControlling": 0, "calculatedEbitda": 395000000}, {"date": "1990-12-31", "symbol": "VFC", "reportedCurrency": "USD", "cik": "0000103379", "fillingDate": "1991-03-31", "acceptedDate": "1991-03-31 00:00:00", "calendarYear": "1991", "period": "FY", "revenue": 2612600000, "costOfRevenue": 1754500000, "grossProfit": 858100000, "grossProfitRatio": 0.328446758, "researchAndDevelopmentExpenses": 0, "generalAndAdministrativeExpenses": 0, "sellingAndMarketingExpenses": 0, "sellingGeneralAndAdministrativeExpenses": 510800000, "otherExpenses": 95500000, "operatingExpenses": 608700000, "costAndExpenses": 2363200000, "interestIncome": 0, "interestExpense": 124000000, "depreciationAndAmortization": 97900000, "ebitda": 377400000, "ebitdaratio": 0.1444538008, "operatingIncome": 249400000, "operatingIncomeRatio": 0.0954604608, "totalOtherIncomeExpensesNet": -30100000, "incomeBeforeTax": 143100000, "incomeBeforeTaxRatio": 0.054773023, "incomeTaxExpense": 62000000, "netIncome": 81100000, "netIncomeRatio": 0.031041874, "eps": 0.0838, "epsdiluted": 0.0825, "weightedAverageShsOut": 456104000, "weightedAverageShsOutDil": 456104000, "link": null, "finalLink": null, "calculatedOtherExpenses": 97900000, "calculatedOperatingExpenses": 608700000, "calculatedNetInterest": -124000000, "calculatedOtherIncome": 17700000, "calculatedIncomeNonControlling": 0, "calculatedEbitda": 347300000}, {"date": "1989-12-31", "symbol": "VFC", "reportedCurrency": "USD", "cik": "0000103379", "fillingDate": "1990-03-31", "acceptedDate": "1990-03-31 00:00:00", "calendarYear": "1990", "period": "FY", "revenue": 2532700000, "costOfRevenue": 1662400000, "grossProfit": 870300000, "grossProfitRatio": 0.34362538, "researchAndDevelopmentExpenses": 0, "generalAndAdministrativeExpenses": 0, "sellingAndMarketingExpenses": 0, "sellingGeneralAndAdministrativeExpenses": 466400000, "otherExpenses": 91600000, "operatingExpenses": 557400000, "costAndExpenses": 2219800000, "interestIncome": 0, "interestExpense": 29900000, "depreciationAndAmortization": 91000000, "ebitda": 386800000, "ebitdaratio": 0.1527223911, "operatingIncome": 312900000, "operatingIncomeRatio": 0.1235440439, "totalOtherIncomeExpensesNet": 17100000, "incomeBeforeTax": 283700000, "incomeBeforeTaxRatio": 0.1120148458, "incomeTaxExpense": 107700000, "netIncome": 176000000, "netIncomeRatio": 0.069491057, "eps": 0.17, "epsdiluted": 0.17, "weightedAverageShsOut": 463888000, "weightedAverageShsOutDil": 463888000, "link": null, "finalLink": null, "calculatedOtherExpenses": 91000000, "calculatedOperatingExpenses": 557400000, "calculatedNetInterest": -29900000, "calculatedOtherIncome": 700000, "calculatedIncomeNonControlling": 0, "calculatedEbitda": 403900000}, {"date": "1988-12-31", "symbol": "VFC", "reportedCurrency": "USD", "cik": "0000103379", "fillingDate": "1989-03-31", "acceptedDate": "1989-03-31 00:00:00", "calendarYear": "1989", "period": "FY", "revenue": 2516100000, "costOfRevenue": 1669400000, "grossProfit": 846700000, "grossProfitRatio": 0.3365128572, "researchAndDevelopmentExpenses": 0, "generalAndAdministrativeExpenses": 0, "sellingAndMarketingExpenses": 0, "sellingGeneralAndAdministrativeExpenses": 455400000, "otherExpenses": 22500000, "operatingExpenses": 525700000, "costAndExpenses": 2195100000, "interestIncome": 0, "interestExpense": -300000, "depreciationAndAmortization": 70300000, "ebitda": 390500000, "ebitdaratio": 0.1552005087, "operatingIncome": 321000000, "operatingIncomeRatio": 0.1275783951, "totalOtherIncomeExpensesNet": 800000, "incomeBeforeTax": 275000000, "incomeBeforeTaxRatio": 0.1092961329, "incomeTaxExpense": 101300000, "netIncome": 173700000, "netIncomeRatio": 0.0690354119, "eps": 0.16, "epsdiluted": 0.16, "weightedAverageShsOut": 544752000, "weightedAverageShsOutDil": 544752000, "link": null, "finalLink": null, "calculatedOtherExpenses": 70300000, "calculatedOperatingExpenses": 525700000, "calculatedNetInterest": 300000, "calculatedOtherIncome": -46300000, "calculatedIncomeNonControlling": 0, "calculatedEbitda": 391300000}, {"date": "1987-12-31", "symbol": "VFC", "reportedCurrency": "USD", "cik": "0000103379", "fillingDate": "1988-03-31", "acceptedDate": "1988-03-31 00:00:00", "calendarYear": "1988", "period": "FY", "revenue": 2573800000, "costOfRevenue": 1688200000, "grossProfit": 885600000, "grossProfitRatio": 0.3440826793, "researchAndDevelopmentExpenses": 0, "generalAndAdministrativeExpenses": 0, "sellingAndMarketingExpenses": 0, "sellingGeneralAndAdministrativeExpenses": 456400000, "otherExpenses": 0, "operatingExpenses": 527000000, "costAndExpenses": 2215200000, "interestIncome": 0, "interestExpense": 0, "depreciationAndAmortization": 70600000, "ebitda": 413500000, "ebitdaratio": 0.1606573937, "operatingIncome": 358600000, "operatingIncomeRatio": 0.139327065, "totalOtherIncomeExpensesNet": 15700000, "incomeBeforeTax": 313800000, "incomeBeforeTaxRatio": 0.1219208952, "incomeTaxExpense": 134100000, "netIncome": 179700000, "netIncomeRatio": 0.0698189448, "eps": 0.17, "epsdiluted": 0.17, "weightedAverageShsOut": 544944000, "weightedAverageShsOutDil": 544944000, "link": null, "finalLink": null, "calculatedOtherExpenses": 70600000, "calculatedOperatingExpenses": 527000000, "calculatedNetInterest": 0, "calculatedOtherIncome": -44800000, "calculatedIncomeNonControlling": 0, "calculatedEbitda": 429200000}, {"date": "1986-12-31", "symbol": "VFC", "reportedCurrency": "USD", "cik": "0000103379", "fillingDate": "1987-03-31", "acceptedDate": "1987-03-31 00:00:00", "calendarYear": "1987", "period": "FY", "revenue": 1544600000, "costOfRevenue": 958900000, "grossProfit": 585700000, "grossProfitRatio": 0.3791920238, "researchAndDevelopmentExpenses": 0, "generalAndAdministrativeExpenses": 0, "sellingAndMarketingExpenses": 0, "sellingGeneralAndAdministrativeExpenses": 278200000, "otherExpenses": 0, "operatingExpenses": 322200000, "costAndExpenses": 1281100000, "interestIncome": 0, "interestExpense": 0, "depreciationAndAmortization": 44000000, "ebitda": 297800000, "ebitdaratio": 0.1928007251, "operatingIncome": 263500000, "operatingIncomeRatio": 0.1705943286, "totalOtherIncomeExpensesNet": 9700000, "incomeBeforeTax": 249500000, "incomeBeforeTaxRatio": 0.1615304933, "incomeTaxExpense": 120100000, "netIncome": 129400000, "netIncomeRatio": 0.0837757348, "eps": 0.13, "epsdiluted": 0.13, "weightedAverageShsOut": 540448000, "weightedAverageShsOutDil": 540448000, "link": null, "finalLink": null, "calculatedOtherExpenses": 44000000, "calculatedOperatingExpenses": 322200000, "calculatedNetInterest": 0, "calculatedOtherIncome": -14000000, "calculatedIncomeNonControlling": 0, "calculatedEbitda": 307500000}, {"date": "1985-12-31", "symbol": "VFC", "reportedCurrency": "USD", "cik": "0000103379", "fillingDate": "1985-12-31", "acceptedDate": "1985-12-31 00:00:00", "calendarYear": "1986", "period": "FY", "revenue": 1481200000, "costOfRevenue": 911100000, "grossProfit": 570100000, "grossProfitRatio": 0.3848906292, "researchAndDevelopmentExpenses": 0, "generalAndAdministrativeExpenses": 0, "sellingAndMarketingExpenses": 0, "sellingGeneralAndAdministrativeExpenses": 247500000, "otherExpenses": 0, "operatingExpenses": 287700000, "costAndExpenses": 1198800000, "interestIncome": 0, "interestExpense": 0, "depreciationAndAmortization": 40200000, "ebitda": 311300000, "ebitdaratio": 0.2101674318, "operatingIncome": 282400000, "operatingIncomeRatio": 0.1906562247, "totalOtherIncomeExpensesNet": 11300000, "incomeBeforeTax": 272100000, "incomeBeforeTaxRatio": 0.1837024035, "incomeTaxExpense": 132700000, "netIncome": 139400000, "netIncomeRatio": 0.0941128814, "eps": 0.0706, "epsdiluted": 0.0706, "weightedAverageShsOut": 497552000, "weightedAverageShsOutDil": 497552000, "link": null, "finalLink": null, "calculatedOtherExpenses": 40200000, "calculatedOperatingExpenses": 287700000, "calculatedNetInterest": 0, "calculatedOtherIncome": -10300000, "calculatedIncomeNonControlling": 0, "calculatedEbitda": 322600000}]}