{"originalCurrency": "USD", "convertedCurrency": "USD", "report": [{"date": "2023-12-31", "symbol": "VIRT", "reportedCurrency": "USD", "cik": "0001592386", "fillingDate": "2024-02-16", "acceptedDate": "2024-02-16 16:30:10", "calendarYear": "2023", "period": "FY", "revenue": 2130589000, "costOfRevenue": 1367165000, "grossProfit": 763424000, "grossProfitRatio": 0.3583159399, "researchAndDevelopmentExpenses": 37700000, "generalAndAdministrativeExpenses": 230760000, "sellingAndMarketingExpenses": 0, "sellingGeneralAndAdministrativeExpenses": 230760000, "otherExpenses": -330227000, "operatingExpenses": 330227000, "costAndExpenses": 1697392000, "interestIncome": 0, "interestExpense": 107611000, "depreciationAndAmortization": 127266000, "ebitda": 560463000, "ebitdaratio": 0.2630554274, "operatingIncome": 433197000, "operatingIncomeRatio": 0.2033226493, "totalOtherIncomeExpensesNet": -108066000, "incomeBeforeTax": 325131000, "incomeBeforeTaxRatio": 0.1526014637, "incomeTaxExpense": 61210000, "netIncome": 142036000, "netIncomeRatio": 0.0666651334, "eps": 1.42, "epsdiluted": 1.42, "weightedAverageShsOut": 94076165, "weightedAverageShsOutDil": 94076165, "link": "https://www.sec.gov/Archives/edgar/data/1592386/000159238624000026/0001592386-24-000026-index.htm", "finalLink": "https://www.sec.gov/Archives/edgar/data/1592386/000159238624000026/virt-20231231.htm", "calculatedOtherExpenses": 61767000, "calculatedOperatingExpenses": 330227000, "calculatedNetInterest": -107611000, "calculatedOtherIncome": -455000, "calculatedIncomeNonControlling": 121885000, "calculatedEbitda": 560463000}, {"date": "2022-12-31", "symbol": "VIRT", "reportedCurrency": "USD", "cik": "0001592386", "fillingDate": "2023-02-17", "acceptedDate": "2023-02-17 16:30:49", "calendarYear": "2022", "period": "FY", "revenue": 2364812000, "costOfRevenue": 1460680000, "grossProfit": 904132000, "grossProfitRatio": 0.3823272209, "researchAndDevelopmentExpenses": 40200000, "generalAndAdministrativeExpenses": 86069000, "sellingAndMarketingExpenses": 0, "sellingGeneralAndAdministrativeExpenses": 86069000, "otherExpenses": 131214000, "operatingExpenses": 217283000, "costAndExpenses": 1677963000, "interestIncome": 0, "interestExpense": 92035000, "depreciationAndAmortization": 131214000, "ebitda": 788153000, "ebitdaratio": 0.333283576, "operatingIncome": 656939000, "operatingIncomeRatio": 0.2777975585, "totalOtherIncomeExpensesNet": -100141000, "incomeBeforeTax": 556798000, "incomeBeforeTaxRatio": 0.2354512748, "incomeTaxExpense": 88466000, "netIncome": 468332000, "netIncomeRatio": 0.1980419585, "eps": 4.5, "epsdiluted": 4.48, "weightedAverageShsOut": 103997767, "weightedAverageShsOutDil": 104422443, "link": "https://www.sec.gov/Archives/edgar/data/1592386/000159238623000025/0001592386-23-000025-index.htm", "finalLink": "https://www.sec.gov/Archives/edgar/data/1592386/000159238623000025/virt-20221231.htm", "calculatedOtherExpenses": 120924000, "calculatedOperatingExpenses": 247193000, "calculatedNetInterest": -92035000, "calculatedOtherIncome": -8106000, "calculatedIncomeNonControlling": 0, "calculatedEbitda": 788153000}, {"date": "2021-12-31", "symbol": "VIRT", "reportedCurrency": "USD", "cik": "0001592386", "fillingDate": "2022-02-18", "acceptedDate": "2022-02-18 17:10:59", "calendarYear": "2021", "period": "FY", "revenue": 2811485000, "costOfRevenue": 1473408000, "grossProfit": 1338077000, "grossProfitRatio": 0.4759324699, "researchAndDevelopmentExpenses": 39400000, "generalAndAdministrativeExpenses": 88149000, "sellingAndMarketingExpenses": 0, "sellingGeneralAndAdministrativeExpenses": 88149000, "otherExpenses": 137484000, "operatingExpenses": 225633000, "costAndExpenses": 1699041000, "interestIncome": 0, "interestExpense": 79969000, "depreciationAndAmortization": 137484000, "ebitda": 1243338000, "ebitdaratio": 0.4422353312, "operatingIncome": 1105854000, "operatingIncomeRatio": 0.3933344834, "totalOtherIncomeExpensesNet": -108950000, "incomeBeforeTax": 996904000, "incomeBeforeTaxRatio": 0.3545827205, "incomeTaxExpense": 169670000, "netIncome": 827234000, "netIncomeRatio": 0.2942338302, "eps": 7.05, "epsdiluted": 6.99, "weightedAverageShsOut": 117339539, "weightedAverageShsOutDil": 118423928, "link": "https://www.sec.gov/Archives/edgar/data/1592386/000159238622000041/0001592386-22-000041-index.htm", "finalLink": "https://www.sec.gov/Archives/edgar/data/1592386/000159238622000041/virt-20211231.htm", "calculatedOtherExpenses": 104674000, "calculatedOperatingExpenses": 232223000, "calculatedNetInterest": -79969000, "calculatedOtherIncome": -28981000, "calculatedIncomeNonControlling": 0, "calculatedEbitda": 1243338000}, {"date": "2020-12-31", "symbol": "VIRT", "reportedCurrency": "USD", "cik": "0001592386", "fillingDate": "2021-02-25", "acceptedDate": "2021-02-25 08:34:39", "calendarYear": "2020", "period": "FY", "revenue": 3239331000, "costOfRevenue": 1491778000, "grossProfit": 1747553000, "grossProfitRatio": 0.5394796024, "researchAndDevelopmentExpenses": 29300000, "generalAndAdministrativeExpenses": 94558000, "sellingAndMarketingExpenses": 0, "sellingGeneralAndAdministrativeExpenses": 94558000, "otherExpenses": 140995000, "operatingExpenses": 235553000, "costAndExpenses": 1727331000, "interestIncome": 0, "interestExpense": 87735000, "depreciationAndAmortization": 140995000, "ebitda": 1624116000, "ebitdaratio": 0.5013738948, "operatingIncome": 1483121000, "operatingIncomeRatio": 0.4578479322, "totalOtherIncomeExpensesNet": -100284000, "incomeBeforeTax": 1382837000, "incomeBeforeTaxRatio": 0.426889688, "incomeTaxExpense": 261924000, "netIncome": 1120913000, "netIncomeRatio": 0.3460322517, "eps": 9.21, "epsdiluted": 9.16, "weightedAverageShsOut": 121692443, "weightedAverageShsOutDil": 122332190, "link": "https://www.sec.gov/Archives/edgar/data/1592386/000159238621000005/0001592386-21-000005-index.htm", "finalLink": "https://www.sec.gov/Archives/edgar/data/1592386/000159238621000005/virt-20201231.htm", "calculatedOtherExpenses": 140574000, "calculatedOperatingExpenses": 264432000, "calculatedNetInterest": -87735000, "calculatedOtherIncome": -12549000, "calculatedIncomeNonControlling": 0, "calculatedEbitda": 1624116000}, {"date": "2019-12-31", "symbol": "VIRT", "reportedCurrency": "USD", "cik": "0001592386", "fillingDate": "2020-02-28", "acceptedDate": "2020-02-28 16:53:04", "calendarYear": "2019", "period": "FY", "revenue": 1530082000, "costOfRevenue": 1035913000, "grossProfit": 494169000, "grossProfitRatio": 0.3229689651, "researchAndDevelopmentExpenses": 21000000, "generalAndAdministrativeExpenses": 116232000, "sellingAndMarketingExpenses": 0, "sellingGeneralAndAdministrativeExpenses": 116232000, "otherExpenses": 238359000, "operatingExpenses": 354591000, "costAndExpenses": 1390504000, "interestIncome": 0, "interestExpense": 121859000, "depreciationAndAmortization": 136239000, "ebitda": 234685000, "ebitdaratio": 0.1533806685, "operatingIncome": 98446000, "operatingIncomeRatio": 0.0643403425, "totalOtherIncomeExpensesNet": -214428000, "incomeBeforeTax": -115982000, "incomeBeforeTaxRatio": -0.0758011662, "incomeTaxExpense": -12277000, "netIncome": -103705000, "netIncomeRatio": -0.0677774132, "eps": -0.91, "epsdiluted": -0.91, "weightedAverageShsOut": 113918103, "weightedAverageShsOutDil": 113918103, "link": "https://www.sec.gov/Archives/edgar/data/1592386/000159238620000003/0001592386-20-000003-index.htm", "finalLink": "https://www.sec.gov/Archives/edgar/data/1592386/000159238620000003/virtufinancial12-31x19.htm", "calculatedOtherExpenses": 258491000, "calculatedOperatingExpenses": 395723000, "calculatedNetInterest": -121859000, "calculatedOtherIncome": -92569000, "calculatedIncomeNonControlling": 0, "calculatedEbitda": 234685000}, {"date": "2018-12-31", "symbol": "VIRT", "reportedCurrency": "USD", "cik": "0001592386", "fillingDate": "2019-03-01", "acceptedDate": "2019-03-01 17:14:23", "calendarYear": "2018", "period": "FY", "revenue": 1878718000, "costOfRevenue": 835269000, "grossProfit": 1043449000, "grossProfitRatio": 0.5554048026, "researchAndDevelopmentExpenses": 0, "generalAndAdministrativeExpenses": 64749000, "sellingAndMarketingExpenses": 0, "sellingGeneralAndAdministrativeExpenses": 64749000, "otherExpenses": 163942000, "operatingExpenses": 228691000, "costAndExpenses": 1063960000, "interestIncome": 0, "interestExpense": 71800000, "depreciationAndAmortization": 87277000, "ebitda": 890284000, "ebitdaratio": 0.4738784639, "operatingIncome": 814758000, "operatingIncomeRatio": 0.4336776461, "totalOtherIncomeExpensesNet": -34844000, "incomeBeforeTax": 696363000, "incomeBeforeTaxRatio": 0.3706586087, "incomeTaxExpense": 76171000, "netIncome": 289441000, "netIncomeRatio": 0.1540630366, "eps": 2.87, "epsdiluted": 2.84, "weightedAverageShsOut": 100875793, "weightedAverageShsOutDil": 102089139, "link": "https://www.sec.gov/Archives/edgar/data/1592386/000159238619000003/0001592386-19-000003-index.htm", "finalLink": "https://www.sec.gov/Archives/edgar/data/1592386/000159238619000003/virtufinancial12-31x1810k.htm", "calculatedOtherExpenses": 163942000, "calculatedOperatingExpenses": 228691000, "calculatedNetInterest": -71800000, "calculatedOtherIncome": -46595000, "calculatedIncomeNonControlling": 330751000, "calculatedEbitda": 902035000}, {"date": "2017-12-31", "symbol": "VIRT", "reportedCurrency": "USD", "cik": "0001592386", "fillingDate": "2018-03-13", "acceptedDate": "2018-03-13 17:14:07", "calendarYear": "2017", "period": "FY", "revenue": 1023885000, "costOfRevenue": 655509000, "grossProfit": 368376000, "grossProfitRatio": 0.3597825928, "researchAndDevelopmentExpenses": 0, "generalAndAdministrativeExpenses": 65796000, "sellingAndMarketingExpenses": 0, "sellingGeneralAndAdministrativeExpenses": 65796000, "otherExpenses": 91158000, "operatingExpenses": 156297000, "costAndExpenses": 811806000, "interestIncome": 0, "interestExpense": 64107000, "depreciationAndAmortization": 62775000, "ebitda": 263622000, "ebitdaratio": 0.2574722747, "operatingIncome": 213773000, "operatingIncomeRatio": 0.208786143, "totalOtherIncomeExpensesNet": -25270000, "incomeBeforeTax": 111470000, "incomeBeforeTaxRatio": 0.1088696484, "incomeTaxExpense": 78183000, "netIncome": 17329000, "netIncomeRatio": 0.0169247523, "eps": 0.03, "epsdiluted": 0.03, "weightedAverageShsOut": 62579147, "weightedAverageShsOutDil": 62579147, "link": "https://www.sec.gov/Archives/edgar/data/1592386/000155837018002007/0001558370-18-002007-index.htm", "finalLink": "https://www.sec.gov/Archives/edgar/data/1592386/000155837018002007/virt-20171231x10k.htm", "calculatedOtherExpenses": 88807000, "calculatedOperatingExpenses": 154603000, "calculatedNetInterest": -64107000, "calculatedOtherIncome": -38196000, "calculatedIncomeNonControlling": 15958000, "calculatedEbitda": 276548000}, {"date": "2016-12-31", "symbol": "VIRT", "reportedCurrency": "USD", "cik": "0001592386", "fillingDate": "2017-03-14", "acceptedDate": "2017-03-13 18:40:44", "calendarYear": "2016", "period": "FY", "revenue": 702273000, "costOfRevenue": 434067000, "grossProfit": 268206000, "grossProfitRatio": 0.381911308, "researchAndDevelopmentExpenses": 0, "generalAndAdministrativeExpenses": 22773000, "sellingAndMarketingExpenses": 0, "sellingGeneralAndAdministrativeExpenses": 22773000, "otherExpenses": 29914000, "operatingExpenses": 52688000, "costAndExpenses": 486755000, "interestIncome": 0, "interestExpense": 28327000, "depreciationAndAmortization": 29915000, "ebitda": 238099000, "ebitdaratio": 0.3390405156, "operatingIncome": 215252000, "operatingIncomeRatio": 0.3065075832, "totalOtherIncomeExpensesNet": -35661000, "incomeBeforeTax": 179857000, "incomeBeforeTaxRatio": 0.2561069556, "incomeTaxExpense": 21326000, "netIncome": 34720000, "netIncomeRatio": 0.049439463, "eps": 0.83, "epsdiluted": 0.83, "weightedAverageShsOut": 38539091, "weightedAverageShsOutDil": 38539091, "link": "https://www.sec.gov/Archives/edgar/data/1592386/000155837017001698/0001558370-17-001698-index.htm", "finalLink": "https://www.sec.gov/Archives/edgar/data/1592386/000155837017001698/virt-20161231x10k.htm", "calculatedOtherExpenses": 30181000, "calculatedOperatingExpenses": 52954000, "calculatedNetInterest": -28327000, "calculatedOtherIncome": -7068000, "calculatedIncomeNonControlling": 123811000, "calculatedEbitda": 245167000}, {"date": "2015-12-31", "symbol": "VIRT", "reportedCurrency": "USD", "cik": "0001592386", "fillingDate": "2016-03-25", "acceptedDate": "2016-03-25 16:47:28", "calendarYear": "2015", "period": "FY", "revenue": 796213000, "costOfRevenue": 441565000, "grossProfit": 354648000, "grossProfitRatio": 0.4454184998, "researchAndDevelopmentExpenses": 0, "generalAndAdministrativeExpenses": 23263000, "sellingAndMarketingExpenses": 0, "sellingGeneralAndAdministrativeExpenses": 23263000, "otherExpenses": 39280000, "operatingExpenses": 60823000, "costAndExpenses": 502388000, "interestIncome": 0, "interestExpense": 29254000, "depreciationAndAmortization": 32120000, "ebitda": 281751000, "ebitdaratio": 0.353863853, "operatingIncome": 289377000, "operatingIncomeRatio": 0.3634416921, "totalOtherIncomeExpensesNet": -4448000, "incomeBeforeTax": 215929000, "incomeBeforeTaxRatio": 0.2711950194, "incomeTaxExpense": 18439000, "netIncome": 20887000, "netIncomeRatio": 0.0262329301, "eps": 0.6, "epsdiluted": 0.59, "weightedAverageShsOut": 34964312, "weightedAverageShsOutDil": 35339585, "link": "https://www.sec.gov/Archives/edgar/data/1592386/000155837016004397/0001558370-16-004397-index.htm", "finalLink": "https://www.sec.gov/Archives/edgar/data/1592386/000155837016004397/virt-20151231x10k.htm", "calculatedOtherExpenses": 42008000, "calculatedOperatingExpenses": 65271000, "calculatedNetInterest": -29254000, "calculatedOtherIncome": -44194000, "calculatedIncomeNonControlling": 176603000, "calculatedEbitda": 321497000}, {"date": "2014-12-31", "symbol": "VIRT", "reportedCurrency": "USD", "cik": "0001592386", "fillingDate": "2014-12-31", "acceptedDate": "2014-12-30 19:00:00", "calendarYear": "2014", "period": "FY", "revenue": 723053000, "costOfRevenue": 431426000, "grossProfit": 291627000, "grossProfitRatio": 0.4033272803, "researchAndDevelopmentExpenses": 0, "generalAndAdministrativeExpenses": 21923000, "sellingAndMarketingExpenses": 0, "sellingGeneralAndAdministrativeExpenses": 21923000, "otherExpenses": 30652000, "operatingExpenses": 52575000, "costAndExpenses": 484001000, "interestIncome": 0, "interestExpense": 30894000, "depreciationAndAmortization": 30652000, "ebitda": 260743000, "ebitdaratio": 0.3606139522, "operatingIncome": 239052000, "operatingIncomeRatio": 0.3306147682, "totalOtherIncomeExpensesNet": -5639000, "incomeBeforeTax": 193558000, "incomeBeforeTaxRatio": 0.2676954525, "incomeTaxExpense": 3501000, "netIncome": 190057000, "netIncomeRatio": 0.2628534838, "eps": 5.96, "epsdiluted": 5.96, "weightedAverageShsOut": 31825214, "weightedAverageShsOutDil": 31899012, "link": "", "finalLink": "", "calculatedOtherExpenses": 30652000, "calculatedOperatingExpenses": 52575000, "calculatedNetInterest": -30894000, "calculatedOtherIncome": -14600000, "calculatedIncomeNonControlling": 0, "calculatedEbitda": 269704000}, {"date": "2013-12-31", "symbol": "VIRT", "reportedCurrency": "USD", "cik": "0001592386", "fillingDate": "2013-12-31", "acceptedDate": "2013-12-30 19:00:00", "calendarYear": "2013", "period": "FY", "revenue": 664505000, "costOfRevenue": 383384000, "grossProfit": 281121000, "grossProfitRatio": 0.4230532502, "researchAndDevelopmentExpenses": 0, "generalAndAdministrativeExpenses": 27215000, "sellingAndMarketingExpenses": 0, "sellingGeneralAndAdministrativeExpenses": 27215000, "otherExpenses": 24933000, "operatingExpenses": 52148000, "costAndExpenses": 435532000, "interestIncome": 0, "interestExpense": 24646000, "depreciationAndAmortization": 24933000, "ebitda": 243884000, "ebitdaratio": 0.3670160495, "operatingIncome": 228973000, "operatingIncomeRatio": 0.3445767902, "totalOtherIncomeExpensesNet": -6705000, "incomeBeforeTax": 187600000, "incomeBeforeTaxRatio": 0.2823154077, "incomeTaxExpense": 5397000, "netIncome": 182203000, "netIncomeRatio": 0.2741935727, "eps": 5.73, "epsdiluted": 5.73, "weightedAverageShsOut": 31825212, "weightedAverageShsOutDil": 31825212, "link": "", "finalLink": "", "calculatedOtherExpenses": 24933000, "calculatedOperatingExpenses": 52148000, "calculatedNetInterest": -24646000, "calculatedOtherIncome": -16727000, "calculatedIncomeNonControlling": 0, "calculatedEbitda": 253906000}, {"date": "2012-12-31", "symbol": "VIRT", "reportedCurrency": "USD", "cik": "0001592386", "fillingDate": "2012-12-31", "acceptedDate": "2012-12-30 19:00:00", "calendarYear": "2012", "period": "FY", "revenue": 615628000, "costOfRevenue": 368542000, "grossProfit": 247086000, "grossProfitRatio": 0.4013560137, "researchAndDevelopmentExpenses": 0, "generalAndAdministrativeExpenses": 27826000, "sellingAndMarketingExpenses": 0, "sellingGeneralAndAdministrativeExpenses": 27826000, "otherExpenses": 89629000, "operatingExpenses": 117455000, "costAndExpenses": 485997000, "interestIncome": 0, "interestExpense": 26460000, "depreciationAndAmortization": 89629000, "ebitda": 219260000, "ebitdaratio": 0.35615664, "operatingIncome": 129631000, "operatingIncomeRatio": 0.2105670957, "totalOtherIncomeExpensesNet": -13843000, "incomeBeforeTax": 89328000, "incomeBeforeTaxRatio": 0.1451006127, "incomeTaxExpense": 1768000, "netIncome": 87560000, "netIncomeRatio": 0.1422287485, "eps": 2.75, "epsdiluted": 2.75, "weightedAverageShsOut": 31825212, "weightedAverageShsOutDil": 31825212, "link": "", "finalLink": "", "calculatedOtherExpenses": 89629000, "calculatedOperatingExpenses": 117455000, "calculatedNetInterest": -26460000, "calculatedOtherIncome": -13843000, "calculatedIncomeNonControlling": 0, "calculatedEbitda": 219260000}, {"date": "2011-12-31", "symbol": "VIRT", "reportedCurrency": "USD", "cik": "0001592386", "fillingDate": "2011-12-31", "acceptedDate": "2011-12-30 19:00:00", "calendarYear": "2011", "period": "FY", "revenue": 461211000, "costOfRevenue": 264566000, "grossProfit": 196645000, "grossProfitRatio": 0.4263666738, "researchAndDevelopmentExpenses": 0, "generalAndAdministrativeExpenses": 7986000, "sellingAndMarketingExpenses": 0, "sellingGeneralAndAdministrativeExpenses": 7986000, "otherExpenses": 49894000, "operatingExpenses": 57880000, "costAndExpenses": 322446000, "interestIncome": 0, "interestExpense": 14608000, "depreciationAndAmortization": 49894000, "ebitda": 188659000, "ebitdaratio": 0.4090513886, "operatingIncome": 138765000, "operatingIncomeRatio": 0.300870968, "totalOtherIncomeExpensesNet": -23168000, "incomeBeforeTax": 100989000, "incomeBeforeTaxRatio": 0.2189648556, "incomeTaxExpense": 11697000, "netIncome": 89292000, "netIncomeRatio": 0.1936033616, "eps": 2.81, "epsdiluted": 2.81, "weightedAverageShsOut": 31825212, "weightedAverageShsOutDil": 31825212, "link": "", "finalLink": "", "calculatedOtherExpenses": 49894000, "calculatedOperatingExpenses": 57880000, "calculatedNetInterest": -14608000, "calculatedOtherIncome": -23168000, "calculatedIncomeNonControlling": 0, "calculatedEbitda": 188659000}]}