{"originalCurrency": "USD", "convertedCurrency": "USD", "report": [{"date": "2023-12-31", "symbol": "VLO", "reportedCurrency": "USD", "cik": "0001035002", "fillingDate": "2024-02-22", "acceptedDate": "2024-02-22 14:17:34", "calendarYear": "2023", "period": "FY", "revenue": 144801000000, "costOfRevenue": 131634000000, "grossProfit": 13167000000, "grossProfitRatio": 0.0909316925, "researchAndDevelopmentExpenses": 0, "generalAndAdministrativeExpenses": 998000000, "sellingAndMarketingExpenses": 0, "sellingGeneralAndAdministrativeExpenses": 998000000, "otherExpenses": -33000000, "operatingExpenses": 1031000000, "costAndExpenses": 132665000000, "interestIncome": 293000000, "interestExpense": 611000000, "depreciationAndAmortization": 2701000000, "ebitda": 14837000000, "ebitdaratio": 0.102464762, "operatingIncome": 12136000000, "operatingIncomeRatio": 0.0838115759, "totalOtherIncomeExpensesNet": -368000000, "incomeBeforeTax": 11768000000, "incomeBeforeTaxRatio": 0.081270157, "incomeTaxExpense": 2619000000, "netIncome": 8835000000, "netIncomeRatio": 0.061014772, "eps": 24.95, "epsdiluted": 24.95, "weightedAverageShsOut": 353000000, "weightedAverageShsOutDil": 353000000, "link": "https://www.sec.gov/Archives/edgar/data/1035002/000103500224000007/0001035002-24-000007-index.htm", "finalLink": "https://www.sec.gov/Archives/edgar/data/1035002/000103500224000007/vlo-20231231.htm", "calculatedOtherExpenses": 33000000, "calculatedOperatingExpenses": 1031000000, "calculatedNetInterest": -318000000, "calculatedOtherIncome": -50000000, "calculatedIncomeNonControlling": 314000000, "calculatedEbitda": 14837000000}, {"date": "2022-12-31", "symbol": "VLO", "reportedCurrency": "USD", "cik": "0001035002", "fillingDate": "2023-02-23", "acceptedDate": "2023-02-23 14:28:38", "calendarYear": "2022", "period": "FY", "revenue": 176383000000, "costOfRevenue": 159632000000, "grossProfit": 16751000000, "grossProfitRatio": 0.0949694698, "researchAndDevelopmentExpenses": 0, "generalAndAdministrativeExpenses": 934000000, "sellingAndMarketingExpenses": 0, "sellingGeneralAndAdministrativeExpenses": 934000000, "otherExpenses": 66000000, "operatingExpenses": 1000000000, "costAndExpenses": 160632000000, "interestIncome": 223000000, "interestExpense": 562000000, "depreciationAndAmortization": 240000000, "ebitda": 15930000000, "ebitdaratio": 0.0903148263, "operatingIncome": 15690000000, "operatingIncomeRatio": 0.0889541509, "totalOtherIncomeExpensesNet": -383000000, "incomeBeforeTax": 15307000000, "incomeBeforeTaxRatio": 0.0867827398, "incomeTaxExpense": 3428000000, "netIncome": 11528000000, "netIncomeRatio": 0.0653577726, "eps": 29.08, "epsdiluted": 29, "weightedAverageShsOut": 395000000, "weightedAverageShsOutDil": 396000000, "link": "https://www.sec.gov/Archives/edgar/data/1035002/000103500223000027/0001035002-23-000027-index.htm", "finalLink": "https://www.sec.gov/Archives/edgar/data/1035002/000103500223000027/vlo-20221231.htm", "calculatedOtherExpenses": 127000000, "calculatedOperatingExpenses": 1061000000, "calculatedNetInterest": -339000000, "calculatedOtherIncome": -44000000, "calculatedIncomeNonControlling": 351000000, "calculatedEbitda": 15930000000}, {"date": "2021-12-31", "symbol": "VLO", "reportedCurrency": "USD", "cik": "0001035002", "fillingDate": "2022-02-22", "acceptedDate": "2022-02-22 14:55:26", "calendarYear": "2021", "period": "FY", "revenue": 113977000000, "costOfRevenue": 110895000000, "grossProfit": 3082000000, "grossProfitRatio": 0.0270405433, "researchAndDevelopmentExpenses": 0, "generalAndAdministrativeExpenses": 865000000, "sellingAndMarketingExpenses": 0, "sellingGeneralAndAdministrativeExpenses": 865000000, "otherExpenses": 87000000, "operatingExpenses": 952000000, "costAndExpenses": 111847000000, "interestIncome": 171000000, "interestExpense": 603000000, "depreciationAndAmortization": 16000000, "ebitda": 2146000000, "ebitdaratio": 0.0188283601, "operatingIncome": 2130000000, "operatingIncomeRatio": 0.0186879809, "totalOtherIncomeExpensesNet": -587000000, "incomeBeforeTax": 1543000000, "incomeBeforeTaxRatio": 0.013537819, "incomeTaxExpense": 255000000, "netIncome": 1288000000, "netIncomeRatio": 0.0113005255, "eps": 3.16, "epsdiluted": 3.16, "weightedAverageShsOut": 407000000, "weightedAverageShsOutDil": 407000000, "link": "https://www.sec.gov/Archives/edgar/data/1035002/000103500222000007/0001035002-22-000007-index.htm", "finalLink": "https://www.sec.gov/Archives/edgar/data/1035002/000103500222000007/vlo-20211231.htm", "calculatedOtherExpenses": 87000000, "calculatedOperatingExpenses": 952000000, "calculatedNetInterest": -432000000, "calculatedOtherIncome": -155000000, "calculatedIncomeNonControlling": 0, "calculatedEbitda": 2146000000}, {"date": "2020-12-31", "symbol": "VLO", "reportedCurrency": "USD", "cik": "0001035002", "fillingDate": "2021-02-23", "acceptedDate": "2021-02-23 15:43:21", "calendarYear": "2020", "period": "FY", "revenue": 64912000000, "costOfRevenue": 65700000000, "grossProfit": -788000000, "grossProfitRatio": -0.012139512, "researchAndDevelopmentExpenses": 0, "generalAndAdministrativeExpenses": 756000000, "sellingAndMarketingExpenses": 0, "sellingGeneralAndAdministrativeExpenses": 756000000, "otherExpenses": 35000000, "operatingExpenses": 791000000, "costAndExpenses": 66491000000, "interestIncome": 52000000, "interestExpense": 563000000, "depreciationAndAmortization": 132000000, "ebitda": -1447000000, "ebitdaratio": -0.022291718, "operatingIncome": -1579000000, "operatingIncomeRatio": -0.0243252403, "totalOtherIncomeExpensesNet": -431000000, "incomeBeforeTax": -2010000000, "incomeBeforeTaxRatio": -0.0309649988, "incomeTaxExpense": -903000000, "netIncome": -1107000000, "netIncomeRatio": -0.0170538575, "eps": -2.72, "epsdiluted": -2.72, "weightedAverageShsOut": 407000000, "weightedAverageShsOutDil": 407000000, "link": "https://www.sec.gov/Archives/edgar/data/1035002/000103500221000051/0001035002-21-000051-index.htm", "finalLink": "https://www.sec.gov/Archives/edgar/data/1035002/000103500221000051/vlo-20201231.htm", "calculatedOtherExpenses": 35000000, "calculatedOperatingExpenses": 791000000, "calculatedNetInterest": -511000000, "calculatedOtherIncome": 80000000, "calculatedIncomeNonControlling": 0, "calculatedEbitda": -1447000000}, {"date": "2019-12-31", "symbol": "VLO", "reportedCurrency": "USD", "cik": "0001035002", "fillingDate": "2020-02-26", "acceptedDate": "2020-02-26 14:08:29", "calendarYear": "2019", "period": "FY", "revenue": 108324000000, "costOfRevenue": 103599000000, "grossProfit": 4725000000, "grossProfitRatio": 0.0436191426, "researchAndDevelopmentExpenses": 0, "generalAndAdministrativeExpenses": 868000000, "sellingAndMarketingExpenses": 0, "sellingGeneralAndAdministrativeExpenses": 868000000, "otherExpenses": 21000000, "operatingExpenses": 889000000, "costAndExpenses": 104488000000, "interestIncome": 454000000, "interestExpense": 454000000, "depreciationAndAmortization": 104000000, "ebitda": 3940000000, "ebitdaratio": 0.0363723644, "operatingIncome": 3836000000, "operatingIncomeRatio": 0.0354122817, "totalOtherIncomeExpensesNet": -350000000, "incomeBeforeTax": 3486000000, "incomeBeforeTaxRatio": 0.0321812341, "incomeTaxExpense": 702000000, "netIncome": 2422000000, "netIncomeRatio": 0.0223588494, "eps": 5.85, "epsdiluted": 5.85, "weightedAverageShsOut": 413000000, "weightedAverageShsOutDil": 413000000, "link": "https://www.sec.gov/Archives/edgar/data/1035002/000103500220000007/0001035002-20-000007-index.htm", "finalLink": "https://www.sec.gov/Archives/edgar/data/1035002/000103500220000007/vloform10-kx12312019.htm", "calculatedOtherExpenses": 21000000, "calculatedOperatingExpenses": 889000000, "calculatedNetInterest": 0, "calculatedOtherIncome": -350000000, "calculatedIncomeNonControlling": 362000000, "calculatedEbitda": 3940000000}, {"date": "2018-12-31", "symbol": "VLO", "reportedCurrency": "USD", "cik": "0001035002", "fillingDate": "2019-02-28", "acceptedDate": "2019-02-28 16:06:55", "calendarYear": "2018", "period": "FY", "revenue": 117033000000, "costOfRevenue": 111491000000, "grossProfit": 5542000000, "grossProfitRatio": 0.0473541651, "researchAndDevelopmentExpenses": 0, "generalAndAdministrativeExpenses": 925000000, "sellingAndMarketingExpenses": 0, "sellingGeneralAndAdministrativeExpenses": 925000000, "otherExpenses": 130000000, "operatingExpenses": 970000000, "costAndExpenses": 112461000000, "interestIncome": 0, "interestExpense": 470000000, "depreciationAndAmortization": 52000000, "ebitda": 4702000000, "ebitdaratio": 0.0401767023, "operatingIncome": 4572000000, "operatingIncomeRatio": 0.0390659045, "totalOtherIncomeExpensesNet": 130000000, "incomeBeforeTax": 4232000000, "incomeBeforeTaxRatio": 0.036160741, "incomeTaxExpense": 879000000, "netIncome": 3122000000, "netIncomeRatio": 0.0266762366, "eps": 7.33, "epsdiluted": 7.29, "weightedAverageShsOut": 426000000, "weightedAverageShsOutDil": 428000000, "link": "https://www.sec.gov/Archives/edgar/data/1035002/000103500219000008/0001035002-19-000008-index.htm", "finalLink": "https://www.sec.gov/Archives/edgar/data/1035002/000103500219000008/vloform10-kx12312018.htm", "calculatedOtherExpenses": 45000000, "calculatedOperatingExpenses": 970000000, "calculatedNetInterest": -470000000, "calculatedOtherIncome": 130000000, "calculatedIncomeNonControlling": 231000000, "calculatedEbitda": 4624000000}, {"date": "2017-12-31", "symbol": "VLO", "reportedCurrency": "USD", "cik": "0001035002", "fillingDate": "2018-02-28", "acceptedDate": "2018-02-28 14:24:13", "calendarYear": "2017", "period": "FY", "revenue": 93980000000, "costOfRevenue": 89485000000, "grossProfit": 4495000000, "grossProfitRatio": 0.0478293254, "researchAndDevelopmentExpenses": 0, "generalAndAdministrativeExpenses": 835000000, "sellingAndMarketingExpenses": 0, "sellingGeneralAndAdministrativeExpenses": 835000000, "otherExpenses": 76000000, "operatingExpenses": 896000000, "costAndExpenses": 90381000000, "interestIncome": 0, "interestExpense": 468000000, "depreciationAndAmortization": 52000000, "ebitda": 3675000000, "ebitdaratio": 0.0391040647, "operatingIncome": 3599000000, "operatingIncomeRatio": 0.038295382, "totalOtherIncomeExpensesNet": 76000000, "incomeBeforeTax": 3207000000, "incomeBeforeTaxRatio": 0.0341242818, "incomeTaxExpense": -949000000, "netIncome": 4065000000, "netIncomeRatio": 0.0432538838, "eps": 9.17, "epsdiluted": 9.16, "weightedAverageShsOut": 442000000, "weightedAverageShsOutDil": 444000000, "link": "https://www.sec.gov/Archives/edgar/data/1035002/000103500218000010/0001035002-18-000010-index.htm", "finalLink": "https://www.sec.gov/Archives/edgar/data/1035002/000103500218000010/vloform10-kx12312017.htm", "calculatedOtherExpenses": 61000000, "calculatedOperatingExpenses": 896000000, "calculatedNetInterest": -468000000, "calculatedOtherIncome": 76000000, "calculatedIncomeNonControlling": 91000000, "calculatedEbitda": 3651000000}, {"date": "2016-12-31", "symbol": "VLO", "reportedCurrency": "USD", "cik": "0001035002", "fillingDate": "2017-02-23", "acceptedDate": "2017-02-23 15:34:55", "calendarYear": "2016", "period": "FY", "revenue": 75659000000, "costOfRevenue": 71316000000, "grossProfit": 4343000000, "grossProfitRatio": 0.0574022919, "researchAndDevelopmentExpenses": 0, "generalAndAdministrativeExpenses": 715000000, "sellingAndMarketingExpenses": 0, "sellingGeneralAndAdministrativeExpenses": 715000000, "otherExpenses": 56000000, "operatingExpenses": 715000000, "costAndExpenses": 72031000000, "interestIncome": 0, "interestExpense": 446000000, "depreciationAndAmortization": 1894000000, "ebitda": 3684000000, "ebitdaratio": 0.0486921582, "operatingIncome": 3572000000, "operatingIncomeRatio": 0.047211832, "totalOtherIncomeExpensesNet": -390000000, "incomeBeforeTax": 3182000000, "incomeBeforeTaxRatio": 0.0420571247, "incomeTaxExpense": 765000000, "netIncome": 2289000000, "netIncomeRatio": 0.0302541667, "eps": 4.94, "epsdiluted": 4.94, "weightedAverageShsOut": 461000000, "weightedAverageShsOutDil": 464000000, "link": "https://www.sec.gov/Archives/edgar/data/1035002/000103500217000009/0001035002-17-000009-index.htm", "finalLink": "https://www.sec.gov/Archives/edgar/data/1035002/000103500217000009/vloform10-kx12312016.htm", "calculatedOtherExpenses": 56000000, "calculatedOperatingExpenses": 771000000, "calculatedNetInterest": -446000000, "calculatedOtherIncome": 56000000, "calculatedIncomeNonControlling": 128000000, "calculatedEbitda": 5466000000}, {"date": "2015-12-31", "symbol": "VLO", "reportedCurrency": "USD", "cik": "0001035002", "fillingDate": "2016-02-25", "acceptedDate": "2016-02-25 14:49:47", "calendarYear": "2015", "period": "FY", "revenue": 87804000000, "costOfRevenue": 80736000000, "grossProfit": 7068000000, "grossProfitRatio": 0.0804974716, "researchAndDevelopmentExpenses": 0, "generalAndAdministrativeExpenses": 710000000, "sellingAndMarketingExpenses": 0, "sellingGeneralAndAdministrativeExpenses": 710000000, "otherExpenses": 46000000, "operatingExpenses": 710000000, "costAndExpenses": 81446000000, "interestIncome": 0, "interestExpense": 433000000, "depreciationAndAmortization": 1842000000, "ebitda": 6404000000, "ebitdaratio": 0.0729351738, "operatingIncome": 6358000000, "operatingIncomeRatio": 0.0724112797, "totalOtherIncomeExpensesNet": 46000000, "incomeBeforeTax": 5971000000, "incomeBeforeTaxRatio": 0.0680037356, "incomeTaxExpense": 1870000000, "netIncome": 3990000000, "netIncomeRatio": 0.0454421211, "eps": 8, "epsdiluted": 7.99, "weightedAverageShsOut": 497000000, "weightedAverageShsOutDil": 500000000, "link": "https://www.sec.gov/Archives/edgar/data/1035002/000103500216000069/0001035002-16-000069-index.htm", "finalLink": "https://www.sec.gov/Archives/edgar/data/1035002/000103500216000069/vloform10-kx12312015.htm", "calculatedOtherExpenses": 0, "calculatedOperatingExpenses": 710000000, "calculatedNetInterest": -433000000, "calculatedOtherIncome": 46000000, "calculatedIncomeNonControlling": 111000000, "calculatedEbitda": 8200000000}, {"date": "2014-12-31", "symbol": "VLO", "reportedCurrency": "USD", "cik": "0001035002", "fillingDate": "2015-02-26", "acceptedDate": "2015-02-26 14:18:54", "calendarYear": "2014", "period": "FY", "revenue": 130844000000, "costOfRevenue": 124218000000, "grossProfit": 6626000000, "grossProfitRatio": 0.0506404573, "researchAndDevelopmentExpenses": 0, "generalAndAdministrativeExpenses": 724000000, "sellingAndMarketingExpenses": 0, "sellingGeneralAndAdministrativeExpenses": 724000000, "otherExpenses": 47000000, "operatingExpenses": 724000000, "costAndExpenses": 124942000000, "interestIncome": 0, "interestExpense": 397000000, "depreciationAndAmortization": 1690000000, "ebitda": 5949000000, "ebitdaratio": 0.0454663569, "operatingIncome": 5902000000, "operatingIncomeRatio": 0.0451071505, "totalOtherIncomeExpensesNet": 47000000, "incomeBeforeTax": 5552000000, "incomeBeforeTaxRatio": 0.0424322093, "incomeTaxExpense": 1777000000, "netIncome": 3630000000, "netIncomeRatio": 0.0277429611, "eps": 6.88, "epsdiluted": 6.85, "weightedAverageShsOut": 526000000, "weightedAverageShsOutDil": 530000000, "link": "https://www.sec.gov/Archives/edgar/data/1035002/000103500215000009/0001035002-15-000009-index.htm", "finalLink": "https://www.sec.gov/Archives/edgar/data/1035002/000103500215000009/vloform10-kx12312014.htm", "calculatedOtherExpenses": 0, "calculatedOperatingExpenses": 724000000, "calculatedNetInterest": -397000000, "calculatedOtherIncome": 47000000, "calculatedIncomeNonControlling": 145000000, "calculatedEbitda": 7592000000}, {"date": "2013-12-31", "symbol": "VLO", "reportedCurrency": "USD", "cik": "0001035002", "fillingDate": "2014-02-27", "acceptedDate": "2014-02-27 15:12:04", "calendarYear": "2013", "period": "FY", "revenue": 138074000000, "costOfRevenue": 133353000000, "grossProfit": 4721000000, "grossProfitRatio": 0.0341918102, "researchAndDevelopmentExpenses": 0, "generalAndAdministrativeExpenses": 758000000, "sellingAndMarketingExpenses": 0, "sellingGeneralAndAdministrativeExpenses": 758000000, "otherExpenses": 59000000, "operatingExpenses": 758000000, "costAndExpenses": 134111000000, "interestIncome": 0, "interestExpense": 365000000, "depreciationAndAmortization": 1720000000, "ebitda": 4022000000, "ebitdaratio": 0.0291293075, "operatingIncome": 3963000000, "operatingIncomeRatio": 0.0287020004, "totalOtherIncomeExpensesNet": 384000000, "incomeBeforeTax": 3982000000, "incomeBeforeTaxRatio": 0.0288396077, "incomeTaxExpense": 1254000000, "netIncome": 2720000000, "netIncomeRatio": 0.0196995814, "eps": 4.99, "epsdiluted": 4.97, "weightedAverageShsOut": 542000000, "weightedAverageShsOutDil": 548000000, "link": "https://www.sec.gov/Archives/edgar/data/1035002/000103500214000008/0001035002-14-000008-index.htm", "finalLink": "https://www.sec.gov/Archives/edgar/data/1035002/000103500214000008/vloform10-kx12312013.htm", "calculatedOtherExpenses": 0, "calculatedOperatingExpenses": 758000000, "calculatedNetInterest": -365000000, "calculatedOtherIncome": 384000000, "calculatedIncomeNonControlling": 8000000, "calculatedEbitda": 5683000000}, {"date": "2012-12-31", "symbol": "VLO", "reportedCurrency": "USD", "cik": "0001035002", "fillingDate": "2013-02-28", "acceptedDate": "2013-02-28 14:42:22", "calendarYear": "2012", "period": "FY", "revenue": 139250000000, "costOfRevenue": 133528000000, "grossProfit": 5722000000, "grossProfitRatio": 0.0410915619, "researchAndDevelopmentExpenses": 0, "generalAndAdministrativeExpenses": 698000000, "sellingAndMarketingExpenses": 0, "sellingGeneralAndAdministrativeExpenses": 698000000, "otherExpenses": 9000000, "operatingExpenses": 698000000, "costAndExpenses": 134226000000, "interestIncome": 0, "interestExpense": 313000000, "depreciationAndAmortization": 1574000000, "ebitda": 5033000000, "ebitdaratio": 0.0361436266, "operatingIncome": 4010000000, "operatingIncomeRatio": 0.0287971275, "totalOtherIncomeExpensesNet": -1005000000, "incomeBeforeTax": 3706000000, "incomeBeforeTaxRatio": 0.0266140036, "incomeTaxExpense": 1626000000, "netIncome": 2083000000, "netIncomeRatio": 0.0149587074, "eps": 3.77, "epsdiluted": 3.75, "weightedAverageShsOut": 550000000, "weightedAverageShsOutDil": 556000000, "link": "https://www.sec.gov/Archives/edgar/data/1035002/000103500213000008/0001035002-13-000008-index.htm", "finalLink": "https://www.sec.gov/Archives/edgar/data/1035002/000103500213000008/vlo12311210k.htm", "calculatedOtherExpenses": 1014000000, "calculatedOperatingExpenses": 1712000000, "calculatedNetInterest": -313000000, "calculatedOtherIncome": 9000000, "calculatedIncomeNonControlling": -3000000, "calculatedEbitda": 5584000000}, {"date": "2011-12-31", "symbol": "VLO", "reportedCurrency": "USD", "cik": "0001035002", "fillingDate": "2012-02-24", "acceptedDate": "2012-02-24 09:40:24", "calendarYear": "2011", "period": "FY", "revenue": 125987000000, "costOfRevenue": 121736000000, "grossProfit": 4251000000, "grossProfitRatio": 0.0337415765, "researchAndDevelopmentExpenses": 0, "generalAndAdministrativeExpenses": 571000000, "sellingAndMarketingExpenses": 0, "sellingGeneralAndAdministrativeExpenses": 571000000, "otherExpenses": 43000000, "operatingExpenses": 571000000, "costAndExpenses": 122307000000, "interestIncome": 0, "interestExpense": 401000000, "depreciationAndAmortization": 1534000000, "ebitda": 3723000000, "ebitdaratio": 0.0295506679, "operatingIncome": 3680000000, "operatingIncomeRatio": 0.0292093629, "totalOtherIncomeExpensesNet": 43000000, "incomeBeforeTax": 3322000000, "incomeBeforeTaxRatio": 0.0263677999, "incomeTaxExpense": 1226000000, "netIncome": 2090000000, "netIncomeRatio": 0.0165890132, "eps": 3.69, "epsdiluted": 3.68, "weightedAverageShsOut": 563000000, "weightedAverageShsOutDil": 569000000, "link": "https://www.sec.gov/Archives/edgar/data/1035002/000103500212000008/0001035002-12-000008-index.htm", "finalLink": "https://www.sec.gov/Archives/edgar/data/1035002/000103500212000008/vlo12311110k.htm", "calculatedOtherExpenses": 0, "calculatedOperatingExpenses": 571000000, "calculatedNetInterest": -401000000, "calculatedOtherIncome": 43000000, "calculatedIncomeNonControlling": 6000000, "calculatedEbitda": 5214000000}, {"date": "2010-12-31", "symbol": "VLO", "reportedCurrency": "USD", "cik": "0001035002", "fillingDate": "2011-02-25", "acceptedDate": "2011-02-25 10:32:13", "calendarYear": "2010", "period": "FY", "revenue": 82233000000, "costOfRevenue": 74458000000, "grossProfit": 7775000000, "grossProfitRatio": 0.0945484173, "researchAndDevelopmentExpenses": 0, "generalAndAdministrativeExpenses": 531000000, "sellingAndMarketingExpenses": 0, "sellingGeneralAndAdministrativeExpenses": 531000000, "otherExpenses": 5368000000, "operatingExpenses": 5897000000, "costAndExpenses": 80355000000, "interestIncome": 0, "interestExpense": 484000000, "depreciationAndAmortization": 1405000000, "ebitda": 3283000000, "ebitdaratio": 0.0399231452, "operatingIncome": 1876000000, "operatingIncomeRatio": 0.0228132258, "totalOtherIncomeExpensesNet": 104000000, "incomeBeforeTax": 1498000000, "incomeBeforeTaxRatio": 0.0182165311, "incomeTaxExpense": 575000000, "netIncome": 324000000, "netIncomeRatio": 0.0039400241, "eps": 0.57, "epsdiluted": 0.57, "weightedAverageShsOut": 563000000, "weightedAverageShsOutDil": 568000000, "link": "https://www.sec.gov/Archives/edgar/data/1035002/000103500211000013/0001035002-11-000013-index.htm", "finalLink": "https://www.sec.gov/Archives/edgar/data/1035002/000103500211000013/vlo12311010k.htm", "calculatedOtherExpenses": 5368000000, "calculatedOperatingExpenses": 5899000000, "calculatedNetInterest": -484000000, "calculatedOtherIncome": 106000000, "calculatedIncomeNonControlling": 599000000, "calculatedEbitda": 3281000000}, {"date": "2009-12-31", "symbol": "VLO", "reportedCurrency": "USD", "cik": "0001035002", "fillingDate": "2010-02-26", "acceptedDate": "2010-02-26 15:55:06", "calendarYear": "2009", "period": "FY", "revenue": 68144000000, "costOfRevenue": 65270000000, "grossProfit": 2874000000, "grossProfitRatio": 0.0421753933, "researchAndDevelopmentExpenses": 0, "generalAndAdministrativeExpenses": 572000000, "sellingAndMarketingExpenses": 702000000, "sellingGeneralAndAdministrativeExpenses": 1274000000, "otherExpenses": 2037000000, "operatingExpenses": 2702000000, "costAndExpenses": 67972000000, "interestIncome": 0, "interestExpense": 408000000, "depreciationAndAmortization": 1527000000, "ebitda": 1699000000, "ebitdaratio": 0.0249324959, "operatingIncome": -58000000, "operatingIncomeRatio": -0.0008511388, "totalOtherIncomeExpensesNet": -213000000, "incomeBeforeTax": -449000000, "incomeBeforeTaxRatio": -0.006588988, "incomeTaxExpense": -97000000, "netIncome": -1982000000, "netIncomeRatio": -0.0290854661, "eps": -3.66, "epsdiluted": -3.66, "weightedAverageShsOut": 541000000, "weightedAverageShsOutDil": 541000000, "link": "https://www.sec.gov/Archives/edgar/data/1035002/000095012310018097/0000950123-10-018097-index.htm", "finalLink": "https://www.sec.gov/Archives/edgar/data/1035002/000095012310018097/d70408e10vk.htm", "calculatedOtherExpenses": 1658000000, "calculatedOperatingExpenses": 2932000000, "calculatedNetInterest": -408000000, "calculatedOtherIncome": 17000000, "calculatedIncomeNonControlling": 1630000000, "calculatedEbitda": 1469000000}, {"date": "2008-12-31", "symbol": "VLO", "reportedCurrency": "USD", "cik": "0001035002", "fillingDate": "2009-02-27", "acceptedDate": "2009-02-27 13:06:11", "calendarYear": "2008", "period": "FY", "revenue": 119114000000, "costOfRevenue": 111984000000, "grossProfit": 7130000000, "grossProfitRatio": 0.0598586228, "researchAndDevelopmentExpenses": 0, "generalAndAdministrativeExpenses": 559000000, "sellingAndMarketingExpenses": 768000000, "sellingGeneralAndAdministrativeExpenses": 1327000000, "otherExpenses": 3228000000, "operatingExpenses": 6567000000, "costAndExpenses": 118551000000, "interestIncome": 0, "interestExpense": 0, "depreciationAndAmortization": 1476000000, "ebitda": 5690000000, "ebitdaratio": 0.0477693638, "operatingIncome": 563000000, "operatingIncomeRatio": 0.0047265645, "totalOtherIncomeExpensesNet": -3651000000, "incomeBeforeTax": 336000000, "incomeBeforeTaxRatio": 0.0028208271, "incomeTaxExpense": 1467000000, "netIncome": -1131000000, "netIncomeRatio": -0.0094951055, "eps": -2.16, "epsdiluted": -2.16, "weightedAverageShsOut": 524000000, "weightedAverageShsOutDil": 524000000, "link": "https://www.sec.gov/Archives/edgar/data/1035002/000095013409003971/0000950134-09-003971-index.htm", "finalLink": "https://www.sec.gov/Archives/edgar/data/1035002/000095013409003971/d66469e10vk.htm", "calculatedOtherExpenses": 5240000000, "calculatedOperatingExpenses": 6567000000, "calculatedNetInterest": 0, "calculatedOtherIncome": -227000000, "calculatedIncomeNonControlling": 0, "calculatedEbitda": 2039000000}, {"date": "2007-12-31", "symbol": "VLO", "reportedCurrency": "USD", "cik": "0001035002", "fillingDate": "2008-02-29", "acceptedDate": "2008-02-29 10:30:03", "calendarYear": "2007", "period": "FY", "revenue": 95327000000, "costOfRevenue": 85661000000, "grossProfit": 9666000000, "grossProfitRatio": 0.1013983446, "researchAndDevelopmentExpenses": 0, "generalAndAdministrativeExpenses": 598000000, "sellingAndMarketingExpenses": 719000000, "sellingGeneralAndAdministrativeExpenses": 1388000000, "otherExpenses": 2305000000, "operatingExpenses": 2748000000, "costAndExpenses": 88409000000, "interestIncome": 0, "interestExpense": 0, "depreciationAndAmortization": 1376000000, "ebitda": 8127000000, "ebitdaratio": 0.0852539155, "operatingIncome": 6918000000, "operatingIncomeRatio": 0.0725712547, "totalOtherIncomeExpensesNet": 167000000, "incomeBeforeTax": 6726000000, "incomeBeforeTaxRatio": 0.0705571349, "incomeTaxExpense": 2161000000, "netIncome": 5234000000, "netIncomeRatio": 0.0549057455, "eps": 9.27, "epsdiluted": 8.88, "weightedAverageShsOut": 565000000, "weightedAverageShsOutDil": 579000000, "link": "https://www.sec.gov/Archives/edgar/data/1035002/000095013408003802/0000950134-08-003802-index.htm", "finalLink": "https://www.sec.gov/Archives/edgar/data/1035002/000095013408003802/d54294e10vk.htm", "calculatedOtherExpenses": 1360000000, "calculatedOperatingExpenses": 2748000000, "calculatedNetInterest": 0, "calculatedOtherIncome": -192000000, "calculatedIncomeNonControlling": -669000000, "calculatedEbitda": 8294000000}, {"date": "2006-12-31", "symbol": "VLO", "reportedCurrency": "USD", "cik": "0001035002", "fillingDate": "2007-02-26", "acceptedDate": "2007-02-26 10:19:22", "calendarYear": "2006", "period": "FY", "revenue": 91832200000, "costOfRevenue": 81267000000, "grossProfit": 10565200000, "grossProfitRatio": 0.1150489698, "researchAndDevelopmentExpenses": 0, "generalAndAdministrativeExpenses": 598000000, "sellingAndMarketingExpenses": 803000000, "sellingGeneralAndAdministrativeExpenses": 1401000000, "otherExpenses": 2384000000, "operatingExpenses": 2555200000, "costAndExpenses": 83822200000, "interestIncome": 0, "interestExpense": 0, "depreciationAndAmortization": 1155000000, "ebitda": 8814000000, "ebitdaratio": 0.0959794059, "operatingIncome": 8010000000, "operatingIncomeRatio": 0.0872243069, "totalOtherIncomeExpensesNet": 396000000, "incomeBeforeTax": 8189000000, "incomeBeforeTaxRatio": 0.0891735143, "incomeTaxExpense": 2726000000, "netIncome": 5462200000, "netIncomeRatio": 0.0594802259, "eps": 8.94, "epsdiluted": 8.64, "weightedAverageShsOut": 611000000, "weightedAverageShsOutDil": 632000000, "link": "https://www.sec.gov/Archives/edgar/data/1035002/000119312507039165/0001193125-07-039165-index.htm", "finalLink": "https://www.sec.gov/Archives/edgar/data/1035002/000119312507039165/d10k.htm", "calculatedOtherExpenses": 1154200000, "calculatedOperatingExpenses": 2555200000, "calculatedNetInterest": 0, "calculatedOtherIncome": 179000000, "calculatedIncomeNonControlling": 800000, "calculatedEbitda": 9165000000}, {"date": "2005-12-31", "symbol": "VLO", "reportedCurrency": "USD", "cik": "0001035002", "fillingDate": "2006-03-01", "acceptedDate": "2006-03-01 17:14:06", "calendarYear": "2005", "period": "FY", "revenue": 82161200000, "costOfRevenue": 74599000000, "grossProfit": 7562200000, "grossProfitRatio": 0.0920410121, "researchAndDevelopmentExpenses": 0, "generalAndAdministrativeExpenses": 458000000, "sellingAndMarketingExpenses": 771000000, "sellingGeneralAndAdministrativeExpenses": 1229000000, "otherExpenses": 1697000000, "operatingExpenses": 2103200000, "costAndExpenses": 76702200000, "interestIncome": 0, "interestExpense": 0, "depreciationAndAmortization": 875000000, "ebitda": 6281000000, "ebitdaratio": 0.0764472768, "operatingIncome": 5459000000, "operatingIncomeRatio": 0.0664425544, "totalOtherIncomeExpensesNet": 94000000, "incomeBeforeTax": 5287000000, "incomeBeforeTaxRatio": 0.0643491088, "incomeTaxExpense": 1697000000, "netIncome": 3589200000, "netIncomeRatio": 0.0436848537, "eps": 6.51, "epsdiluted": 6.1, "weightedAverageShsOut": 549000000, "weightedAverageShsOutDil": 588000000, "link": "https://www.sec.gov/Archives/edgar/data/1035002/000095013406004061/0000950134-06-004061-index.htm", "finalLink": "https://www.sec.gov/Archives/edgar/data/1035002/000095013406004061/d32462e10vk.htm", "calculatedOtherExpenses": 874200000, "calculatedOperatingExpenses": 2103200000, "calculatedNetInterest": 0, "calculatedOtherIncome": -172000000, "calculatedIncomeNonControlling": 800000, "calculatedEbitda": 6334000000}, {"date": "2004-12-31", "symbol": "VLO", "reportedCurrency": "USD", "cik": "0001035002", "fillingDate": "2005-03-14", "acceptedDate": "2005-03-11 19:04:47", "calendarYear": "2004", "period": "FY", "revenue": 54617900000, "costOfRevenue": 49937500000, "grossProfit": 4680400000, "grossProfitRatio": 0.0856935181, "researchAndDevelopmentExpenses": 0, "generalAndAdministrativeExpenses": 378800000, "sellingAndMarketingExpenses": 704700000, "sellingGeneralAndAdministrativeExpenses": 1083500000, "otherExpenses": 1056699999, "operatingExpenses": 1701200000, "costAndExpenses": 51638700000, "interestIncome": 0, "interestExpense": 0, "depreciationAndAmortization": 618400000, "ebitda": 3645500000, "ebitdaratio": 0.0667455175, "operatingIncome": 2979200000, "operatingIncomeRatio": 0.0545462202, "totalOtherIncomeExpensesNet": -9400000, "incomeBeforeTax": 2710100000, "incomeBeforeTaxRatio": 0.049619264, "incomeTaxExpense": 906300000, "netIncome": 1803100000, "netIncomeRatio": 0.0330129866, "eps": 3.51, "epsdiluted": 3.27, "weightedAverageShsOut": 510000000, "weightedAverageShsOutDil": 552000000, "link": "https://www.sec.gov/Archives/edgar/data/1035002/000095013405004779/0000950134-05-004779-index.htm", "finalLink": "https://www.sec.gov/Archives/edgar/data/1035002/000095013405004779/d23170e10vk.htm", "calculatedOtherExpenses": 617700000, "calculatedOperatingExpenses": 1701200000, "calculatedNetInterest": 0, "calculatedOtherIncome": -269100000, "calculatedIncomeNonControlling": 700000, "calculatedEbitda": 3597600000}, {"date": "2003-12-31", "symbol": "VLO", "reportedCurrency": "USD", "cik": "0001035002", "fillingDate": "2004-03-12", "acceptedDate": "2004-03-12 17:18:51", "calendarYear": "2003", "period": "FY", "revenue": 37968600000, "costOfRevenue": 35243100000, "grossProfit": 2725500000, "grossProfitRatio": 0.0717829996, "researchAndDevelopmentExpenses": 0, "generalAndAdministrativeExpenses": 299400000, "sellingAndMarketingExpenses": 693600000, "sellingGeneralAndAdministrativeExpenses": 993000000, "otherExpenses": 962400000, "operatingExpenses": 1503500000, "costAndExpenses": 36746600000, "interestIncome": 0, "interestExpense": 0, "depreciationAndAmortization": 510500000, "ebitda": 1661100000, "ebitdaratio": 0.0437493086, "operatingIncome": 1222000000, "operatingIncomeRatio": 0.0321844893, "totalOtherIncomeExpensesNet": 71400000, "incomeBeforeTax": 986600000, "incomeBeforeTaxRatio": 0.0259846294, "incomeTaxExpense": 365100000, "netIncome": 621500000, "netIncomeRatio": 0.0163687889, "eps": 1.34, "epsdiluted": 1.27, "weightedAverageShsOut": 459000000, "weightedAverageShsOutDil": 488000000, "link": "https://www.sec.gov/Archives/edgar/data/1035002/000095013404003420/0000950134-04-003420-index.htm", "finalLink": "https://www.sec.gov/Archives/edgar/data/1035002/000095013404003420/d13299e10vk.htm", "calculatedOtherExpenses": 510500000, "calculatedOperatingExpenses": 1503500000, "calculatedNetInterest": 0, "calculatedOtherIncome": -235400000, "calculatedIncomeNonControlling": 0, "calculatedEbitda": 1732500000}, {"date": "2002-12-31", "symbol": "VLO", "reportedCurrency": "USD", "cik": "0001035002", "fillingDate": "2003-03-21", "acceptedDate": "2003-03-21 14:49:03", "calendarYear": "2002", "period": "FY", "revenue": 26976200000, "costOfRevenue": 25126600000, "grossProfit": 1849600000, "grossProfitRatio": 0.0685641417, "researchAndDevelopmentExpenses": 0, "generalAndAdministrativeExpenses": 0, "sellingAndMarketingExpenses": 0, "sellingGeneralAndAdministrativeExpenses": 929400000, "otherExpenses": 0, "operatingExpenses": 1378700000, "costAndExpenses": 26505300000, "interestIncome": 0, "interestExpense": 0, "depreciationAndAmortization": 449300000, "ebitda": 911600000, "ebitdaratio": 0.0337927506, "operatingIncome": 470900000, "operatingIncomeRatio": 0.017456128, "totalOtherIncomeExpensesNet": 8600000, "incomeBeforeTax": 149700000, "incomeBeforeTaxRatio": 0.0055493361, "incomeTaxExpense": 58200000, "netIncome": 91500000, "netIncomeRatio": 0.0033918788, "eps": 0.21, "epsdiluted": 0.21, "weightedAverageShsOut": 422400000, "weightedAverageShsOutDil": 435714286, "link": "https://www.sec.gov/Archives/edgar/data/1035002/000111080503000007/0001110805-03-000007-index.htm", "finalLink": "https://www.sec.gov/Archives/edgar/data/1035002/000111080503000007/f10k123102.txt", "calculatedOtherExpenses": 449300000, "calculatedOperatingExpenses": 1378700000, "calculatedNetInterest": 0, "calculatedOtherIncome": -321200000, "calculatedIncomeNonControlling": 0, "calculatedEbitda": 920200000}, {"date": "2001-12-31", "symbol": "VLO", "reportedCurrency": "USD", "cik": "0001035002", "fillingDate": "2002-03-14", "acceptedDate": "2002-03-14 00:00:00", "calendarYear": "2001", "period": "FY", "revenue": 14988339000, "costOfRevenue": 13684041000, "grossProfit": 1304298000, "grossProfitRatio": 0.08702085, "researchAndDevelopmentExpenses": 0, "generalAndAdministrativeExpenses": 0, "sellingAndMarketingExpenses": 0, "sellingGeneralAndAdministrativeExpenses": 165215000, "otherExpenses": 0, "operatingExpenses": 302955000, "costAndExpenses": 13986996000, "interestIncome": 0, "interestExpense": 0, "depreciationAndAmortization": 252354000, "ebitda": 1258310000, "ebitdaratio": 0.0839525981, "operatingIncome": 1001343000, "operatingIncomeRatio": 0.0668081366, "totalOtherIncomeExpensesNet": -4613000, "incomeBeforeTax": 894853000, "incomeBeforeTaxRatio": 0.05970328, "incomeTaxExpense": 331300000, "netIncome": 563553000, "netIncomeRatio": 0.0375994298, "eps": 2.32, "epsdiluted": 2.21, "weightedAverageShsOut": 242800000, "weightedAverageShsOutDil": 255200000, "link": "https://www.sec.gov/Archives/edgar/data/1035002/000103570402000158/0001035704-02-000158-index.htm", "finalLink": "https://www.sec.gov/Archives/edgar/data/1035002/000103570402000158/d94896e10-k405.txt", "calculatedOtherExpenses": 137740000, "calculatedOperatingExpenses": 302955000, "calculatedNetInterest": 0, "calculatedOtherIncome": -106490000, "calculatedIncomeNonControlling": 0, "calculatedEbitda": 1253697000}, {"date": "2000-12-31", "symbol": "VLO", "reportedCurrency": "USD", "cik": "0001035002", "fillingDate": "2001-02-23", "acceptedDate": "2001-02-23 00:00:00", "calendarYear": "2000", "period": "FY", "revenue": 14671087000, "costOfRevenue": 13756546000, "grossProfit": 914541000, "grossProfitRatio": 0.0623362809, "researchAndDevelopmentExpenses": 0, "generalAndAdministrativeExpenses": 0, "sellingAndMarketingExpenses": 0, "sellingGeneralAndAdministrativeExpenses": 130506000, "otherExpenses": 0, "operatingExpenses": 303562000, "costAndExpenses": 14060108000, "interestIncome": 0, "interestExpense": 0, "depreciationAndAmortization": 173056000, "ebitda": 783753000, "ebitdaratio": 0.053421604, "operatingIncome": 610979000, "operatingIncomeRatio": 0.0416451078, "totalOtherIncomeExpensesNet": 282000, "incomeBeforeTax": 528220000, "incomeBeforeTaxRatio": 0.0360041488, "incomeTaxExpense": 189100000, "netIncome": 339120000, "netIncomeRatio": 0.0231148517, "eps": 1.45, "epsdiluted": 1.4, "weightedAverageShsOut": 234128000, "weightedAverageShsOutDil": 242100000, "link": "https://www.sec.gov/Archives/edgar/data/1035002/000095013401001719/0000950134-01-001719-index.htm", "finalLink": "https://www.sec.gov/Archives/edgar/data/1035002/000095013401001719/d84423e10-k405.txt", "calculatedOtherExpenses": 173056000, "calculatedOperatingExpenses": 303562000, "calculatedNetInterest": 0, "calculatedOtherIncome": -82759000, "calculatedIncomeNonControlling": 0, "calculatedEbitda": 784035000}, {"date": "1999-12-31", "symbol": "VLO", "reportedCurrency": "USD", "cik": "0001035002", "fillingDate": "2000-03-08", "acceptedDate": "2000-03-08 00:00:00", "calendarYear": "1999", "period": "FY", "revenue": 7961200000, "costOfRevenue": 7684600000, "grossProfit": 276600000, "grossProfitRatio": 0.034743506, "researchAndDevelopmentExpenses": 0, "generalAndAdministrativeExpenses": 0, "sellingAndMarketingExpenses": 0, "sellingGeneralAndAdministrativeExpenses": 68500000, "otherExpenses": 0, "operatingExpenses": 207500000, "costAndExpenses": 7892100000, "interestIncome": 0, "interestExpense": 0, "depreciationAndAmortization": 139000000, "ebitda": 201600000, "ebitdaratio": 0.0253228157, "operatingIncome": 69100000, "operatingIncomeRatio": 0.008679596, "totalOtherIncomeExpensesNet": 6500000, "incomeBeforeTax": 20200000, "incomeBeforeTaxRatio": 0.0025373059, "incomeTaxExpense": 5900000, "netIncome": 14300000, "netIncomeRatio": 0.0017962116, "eps": 0.0625, "epsdiluted": 0.0625, "weightedAverageShsOut": 224344000, "weightedAverageShsOutDil": 227032000, "link": "https://www.sec.gov/Archives/edgar/data/1035002/000095013400001705/0000950134-00-001705-index.html", "finalLink": "https://www.sec.gov/Archives/edgar/data/1035002/000095013400001705/", "calculatedOtherExpenses": 139000000, "calculatedOperatingExpenses": 207500000, "calculatedNetInterest": 0, "calculatedOtherIncome": -48900000, "calculatedIncomeNonControlling": 0, "calculatedEbitda": 208100000}, {"date": "1998-12-31", "symbol": "VLO", "reportedCurrency": "USD", "cik": "0001035002", "fillingDate": "1999-02-26", "acceptedDate": "1999-02-26 00:00:00", "calendarYear": "1998", "period": "FY", "revenue": 5539300000, "costOfRevenue": 5442400000, "grossProfit": 96900000, "grossProfitRatio": 0.0174931851, "researchAndDevelopmentExpenses": 0, "generalAndAdministrativeExpenses": 0, "sellingAndMarketingExpenses": 0, "sellingGeneralAndAdministrativeExpenses": 69500000, "otherExpenses": 0, "operatingExpenses": 148200000, "costAndExpenses": 5590600000, "interestIncome": 0, "interestExpense": 0, "depreciationAndAmortization": 78700000, "ebitda": 26800000, "ebitdaratio": 0.0048381564, "operatingIncome": -51300000, "operatingIncomeRatio": -0.009261098, "totalOtherIncomeExpensesNet": 600000, "incomeBeforeTax": -83100000, "incomeBeforeTaxRatio": -0.0150018955, "incomeTaxExpense": -35800000, "netIncome": -47300000, "netIncomeRatio": -0.0085389851, "eps": -0.21, "epsdiluted": -0.21, "weightedAverageShsOut": 224312000, "weightedAverageShsOutDil": 224312000, "link": "https://www.sec.gov/Archives/edgar/data/1035002/000095013499001346/0000950134-99-001346-index.html", "finalLink": "https://www.sec.gov/Archives/edgar/data/1035002/", "calculatedOtherExpenses": 78700000, "calculatedOperatingExpenses": 148200000, "calculatedNetInterest": 0, "calculatedOtherIncome": -31800000, "calculatedIncomeNonControlling": 0, "calculatedEbitda": 27400000}, {"date": "1997-12-31", "symbol": "VLO", "reportedCurrency": "USD", "cik": "0001035002", "fillingDate": "1998-03-02", "acceptedDate": "1998-03-02 00:00:00", "calendarYear": "1997", "period": "FY", "revenue": 5756200000, "costOfRevenue": 5426400000, "grossProfit": 329800000, "grossProfitRatio": 0.0572947431, "researchAndDevelopmentExpenses": 0, "generalAndAdministrativeExpenses": 0, "sellingAndMarketingExpenses": 0, "sellingGeneralAndAdministrativeExpenses": 53600000, "otherExpenses": 0, "operatingExpenses": 118800000, "costAndExpenses": 5545200000, "interestIncome": 0, "interestExpense": 0, "depreciationAndAmortization": 65200000, "ebitda": 269200000, "ebitdaratio": 0.0467669643, "operatingIncome": 211000000, "operatingIncomeRatio": 0.0366561273, "totalOtherIncomeExpensesNet": 7000000, "incomeBeforeTax": 175600000, "incomeBeforeTaxRatio": 0.0305062368, "incomeTaxExpense": 63800000, "netIncome": 96100000, "netIncomeRatio": 0.0166950419, "eps": 0.44, "epsdiluted": 0.44, "weightedAverageShsOut": 206779661, "weightedAverageShsOutDil": 210344828, "link": "https://www.sec.gov/Archives/edgar/data/1035002/000103500298000002/0001035002-98-000002-index.html", "finalLink": "https://www.sec.gov/Archives/edgar/data/1035002/", "calculatedOtherExpenses": 65200000, "calculatedOperatingExpenses": 118800000, "calculatedNetInterest": 0, "calculatedOtherIncome": -35400000, "calculatedIncomeNonControlling": 15700000, "calculatedEbitda": 276200000}, {"date": "1996-12-31", "symbol": "VLO", "reportedCurrency": "USD", "cik": "0001035002", "fillingDate": "1996-12-31", "acceptedDate": "1996-12-30 19:00:00", "calendarYear": "1996", "period": "FY", "revenue": 4990700000, "costOfRevenue": 4569700000, "grossProfit": 421000000, "grossProfitRatio": 0.0843569038, "researchAndDevelopmentExpenses": 0, "generalAndAdministrativeExpenses": 0, "sellingAndMarketingExpenses": 0, "sellingGeneralAndAdministrativeExpenses": 81700000, "otherExpenses": 0, "operatingExpenses": 220100000, "costAndExpenses": 4789800000, "interestIncome": 0, "interestExpense": 0, "depreciationAndAmortization": 138400000, "ebitda": 331300000, "ebitdaratio": 0.0663834733, "operatingIncome": 200900000, "operatingIncomeRatio": 0.0402548741, "totalOtherIncomeExpensesNet": 8000000, "incomeBeforeTax": 113700000, "incomeBeforeTaxRatio": 0.0227823752, "incomeTaxExpense": 41000000, "netIncome": 72700000, "netIncomeRatio": 0.0145670948, "eps": 0.35, "epsdiluted": 0.35, "weightedAverageShsOut": 239714286, "weightedAverageShsOutDil": 239714286, "link": null, "finalLink": null, "calculatedOtherExpenses": 138400000, "calculatedOperatingExpenses": 220100000, "calculatedNetInterest": 0, "calculatedOtherIncome": -87200000, "calculatedIncomeNonControlling": 0, "calculatedEbitda": 339300000}, {"date": "1995-12-31", "symbol": "VLO", "reportedCurrency": "USD", "cik": "0001035002", "fillingDate": "1995-12-31", "acceptedDate": "1995-12-30 19:00:00", "calendarYear": "1995", "period": "FY", "revenue": 3019800000, "costOfRevenue": 2617600000, "grossProfit": 402200000, "grossProfitRatio": 0.1331876283, "researchAndDevelopmentExpenses": 0, "generalAndAdministrativeExpenses": 0, "sellingAndMarketingExpenses": 0, "sellingGeneralAndAdministrativeExpenses": 78100000, "otherExpenses": 0, "operatingExpenses": 213400000, "costAndExpenses": 2831000000, "interestIncome": 0, "interestExpense": 0, "depreciationAndAmortization": 135300000, "ebitda": 316500000, "ebitdaratio": 0.1048082654, "operatingIncome": 188800000, "operatingIncomeRatio": 0.0625206967, "totalOtherIncomeExpensesNet": 7600000, "incomeBeforeTax": 95100000, "incomeBeforeTaxRatio": 0.0314921518, "incomeTaxExpense": 35300000, "netIncome": 59800000, "netIncomeRatio": 0.0198026359, "eps": 0.28, "epsdiluted": 0.28, "weightedAverageShsOut": 386181818, "weightedAverageShsOutDil": 386181818, "link": null, "finalLink": null, "calculatedOtherExpenses": 135300000, "calculatedOperatingExpenses": 213400000, "calculatedNetInterest": 0, "calculatedOtherIncome": -93700000, "calculatedIncomeNonControlling": 0, "calculatedEbitda": 324100000}, {"date": "1994-12-31", "symbol": "VLO", "reportedCurrency": "USD", "cik": "0001035002", "fillingDate": "1994-12-31", "acceptedDate": "1994-12-30 19:00:00", "calendarYear": "1994", "period": "FY", "revenue": 1837400000, "costOfRevenue": 1609100000, "grossProfit": 228300000, "grossProfitRatio": 0.12425166, "researchAndDevelopmentExpenses": 0, "generalAndAdministrativeExpenses": 0, "sellingAndMarketingExpenses": 0, "sellingGeneralAndAdministrativeExpenses": 0, "otherExpenses": 0, "operatingExpenses": 102400000, "costAndExpenses": 1711500000, "interestIncome": 0, "interestExpense": 0, "depreciationAndAmortization": 102400000, "ebitda": 234500000, "ebitdaratio": 0.1276259933, "operatingIncome": 125900000, "operatingIncomeRatio": 0.0685207358, "totalOtherIncomeExpensesNet": -6200000, "incomeBeforeTax": 42800000, "incomeBeforeTaxRatio": 0.0232937847, "incomeTaxExpense": 15900000, "netIncome": 26900000, "netIncomeRatio": 0.0146402525, "eps": 0.045, "epsdiluted": 0.045, "weightedAverageShsOut": 386666667, "weightedAverageShsOutDil": 386666667, "link": null, "finalLink": null, "calculatedOtherExpenses": 102400000, "calculatedOperatingExpenses": 102400000, "calculatedNetInterest": 0, "calculatedOtherIncome": -83100000, "calculatedIncomeNonControlling": 0, "calculatedEbitda": 228300000}, {"date": "1993-12-31", "symbol": "VLO", "reportedCurrency": "USD", "cik": "0001035002", "fillingDate": "1993-12-31", "acceptedDate": "1993-12-30 19:00:00", "calendarYear": "1993", "period": "FY", "revenue": 1222200000, "costOfRevenue": 1067200000, "grossProfit": 155000000, "grossProfitRatio": 0.1268204876, "researchAndDevelopmentExpenses": 0, "generalAndAdministrativeExpenses": 0, "sellingAndMarketingExpenses": 0, "sellingGeneralAndAdministrativeExpenses": 0, "otherExpenses": 0, "operatingExpenses": 79500000, "costAndExpenses": 1146700000, "interestIncome": 0, "interestExpense": 0, "depreciationAndAmortization": 79500000, "ebitda": 125100000, "ebitdaratio": 0.1023564065, "operatingIncome": 75500000, "operatingIncomeRatio": 0.0617738504, "totalOtherIncomeExpensesNet": 29900000, "incomeBeforeTax": 68200000, "incomeBeforeTaxRatio": 0.0558010146, "incomeTaxExpense": 31800000, "netIncome": 36400000, "netIncomeRatio": 0.0297823597, "eps": 0.21, "epsdiluted": 0.21, "weightedAverageShsOut": 171219512, "weightedAverageShsOutDil": 171219512, "link": null, "finalLink": null, "calculatedOtherExpenses": 79500000, "calculatedOperatingExpenses": 79500000, "calculatedNetInterest": 0, "calculatedOtherIncome": -7300000, "calculatedIncomeNonControlling": 0, "calculatedEbitda": 155000000}, {"date": "1992-12-31", "symbol": "VLO", "reportedCurrency": "USD", "cik": "0001035002", "fillingDate": "1992-12-31", "acceptedDate": "1992-12-30 19:00:00", "calendarYear": "1992", "period": "FY", "revenue": 1234600000, "costOfRevenue": 1052400000, "grossProfit": 182200000, "grossProfitRatio": 0.147578163, "researchAndDevelopmentExpenses": 0, "generalAndAdministrativeExpenses": 0, "sellingAndMarketingExpenses": 0, "sellingGeneralAndAdministrativeExpenses": 0, "otherExpenses": 0, "operatingExpenses": 48200000, "costAndExpenses": 1100600000, "interestIncome": 0, "interestExpense": 0, "depreciationAndAmortization": 48200000, "ebitda": 154400000, "ebitdaratio": 0.1250607484, "operatingIncome": 134000000, "operatingIncomeRatio": 0.108537178, "totalOtherIncomeExpensesNet": 27800000, "incomeBeforeTax": 131400000, "incomeBeforeTaxRatio": 0.1064312328, "incomeTaxExpense": 47500000, "netIncome": 83900000, "netIncomeRatio": 0.0679572331, "eps": 0.49, "epsdiluted": 0.49, "weightedAverageShsOut": 169896907, "weightedAverageShsOutDil": 169896907, "link": null, "finalLink": null, "calculatedOtherExpenses": 48200000, "calculatedOperatingExpenses": 48200000, "calculatedNetInterest": 0, "calculatedOtherIncome": -2600000, "calculatedIncomeNonControlling": 0, "calculatedEbitda": 182200000}, {"date": "1991-12-31", "symbol": "VLO", "reportedCurrency": "USD", "cik": "0001035002", "fillingDate": "1991-12-31", "acceptedDate": "1991-12-30 19:00:00", "calendarYear": "1991", "period": "FY", "revenue": 1011800000, "costOfRevenue": 740600000, "grossProfit": 271200000, "grossProfitRatio": 0.2680371615, "researchAndDevelopmentExpenses": 0, "generalAndAdministrativeExpenses": 0, "sellingAndMarketingExpenses": 0, "sellingGeneralAndAdministrativeExpenses": 115300000, "otherExpenses": 0, "operatingExpenses": 151900000, "costAndExpenses": 892500000, "interestIncome": 0, "interestExpense": 0, "depreciationAndAmortization": 36600000, "ebitda": 116300000, "ebitdaratio": 0.1149436648, "operatingIncome": 119300000, "operatingIncomeRatio": 0.1179086776, "totalOtherIncomeExpensesNet": 39600000, "incomeBeforeTax": 146400000, "incomeBeforeTaxRatio": 0.144692627, "incomeTaxExpense": 47700000, "netIncome": 98700000, "netIncomeRatio": 0.0975489227, "eps": 0.57, "epsdiluted": 0.57, "weightedAverageShsOut": 162631579, "weightedAverageShsOutDil": 162631579, "link": null, "finalLink": null, "calculatedOtherExpenses": 36600000, "calculatedOperatingExpenses": 151900000, "calculatedNetInterest": 0, "calculatedOtherIncome": 27100000, "calculatedIncomeNonControlling": 0, "calculatedEbitda": 155900000}, {"date": "1990-12-31", "symbol": "VLO", "reportedCurrency": "USD", "cik": "0001035002", "fillingDate": "1990-12-31", "acceptedDate": "1990-12-30 19:00:00", "calendarYear": "1990", "period": "FY", "revenue": 1168900000, "costOfRevenue": 885000000, "grossProfit": 283900000, "grossProfitRatio": 0.2428779194, "researchAndDevelopmentExpenses": 0, "generalAndAdministrativeExpenses": 0, "sellingAndMarketingExpenses": 0, "sellingGeneralAndAdministrativeExpenses": 113900000, "otherExpenses": 0, "operatingExpenses": 149500000, "costAndExpenses": 1034500000, "interestIncome": 0, "interestExpense": 0, "depreciationAndAmortization": 35600000, "ebitda": 140700000, "ebitdaratio": 0.1203695782, "operatingIncome": 134400000, "operatingIncomeRatio": 0.1149798956, "totalOtherIncomeExpensesNet": 29300000, "incomeBeforeTax": 145600000, "incomeBeforeTaxRatio": 0.1245615536, "incomeTaxExpense": 50900000, "netIncome": 94700000, "netIncomeRatio": 0.0810163401, "eps": 0.58, "epsdiluted": 0.58, "weightedAverageShsOut": 151688312, "weightedAverageShsOutDil": 151688312, "link": null, "finalLink": null, "calculatedOtherExpenses": 35600000, "calculatedOperatingExpenses": 149500000, "calculatedNetInterest": 0, "calculatedOtherIncome": 11200000, "calculatedIncomeNonControlling": 0, "calculatedEbitda": 170000000}, {"date": "1989-12-31", "symbol": "VLO", "reportedCurrency": "USD", "cik": "0001035002", "fillingDate": "1989-12-31", "acceptedDate": "1989-12-30 19:00:00", "calendarYear": "1989", "period": "FY", "revenue": 941300000, "costOfRevenue": 837200000, "grossProfit": 104100000, "grossProfitRatio": 0.1105917348, "researchAndDevelopmentExpenses": 0, "generalAndAdministrativeExpenses": 0, "sellingAndMarketingExpenses": 0, "sellingGeneralAndAdministrativeExpenses": 0, "otherExpenses": 0, "operatingExpenses": 34400000, "costAndExpenses": 871600000, "interestIncome": 0, "interestExpense": 0, "depreciationAndAmortization": 34400000, "ebitda": 90100000, "ebitdaratio": 0.0957186869, "operatingIncome": 69700000, "operatingIncomeRatio": 0.0740465314, "totalOtherIncomeExpensesNet": 14000000, "incomeBeforeTax": 59300000, "incomeBeforeTaxRatio": 0.0629979815, "incomeTaxExpense": 17800000, "netIncome": 41500000, "netIncomeRatio": 0.0440879635, "eps": 0.25, "epsdiluted": 0.24, "weightedAverageShsOut": 115102041, "weightedAverageShsOutDil": 118736842, "link": null, "finalLink": null, "calculatedOtherExpenses": 34400000, "calculatedOperatingExpenses": 34400000, "calculatedNetInterest": 0, "calculatedOtherIncome": -10400000, "calculatedIncomeNonControlling": 0, "calculatedEbitda": 104100000}, {"date": "1988-12-31", "symbol": "VLO", "reportedCurrency": "USD", "cik": "0001035002", "fillingDate": "1988-12-31", "acceptedDate": "1988-12-30 19:00:00", "calendarYear": "1988", "period": "FY", "revenue": 770600000, "costOfRevenue": 698200000, "grossProfit": 72400000, "grossProfitRatio": 0.0939527641, "researchAndDevelopmentExpenses": 0, "generalAndAdministrativeExpenses": 0, "sellingAndMarketingExpenses": 0, "sellingGeneralAndAdministrativeExpenses": 0, "otherExpenses": 0, "operatingExpenses": 33700000, "costAndExpenses": 731900000, "interestIncome": 0, "interestExpense": 0, "depreciationAndAmortization": 33700000, "ebitda": 53300000, "ebitdaratio": 0.0691668829, "operatingIncome": 38700000, "operatingIncomeRatio": 0.0502206073, "totalOtherIncomeExpensesNet": 19100000, "incomeBeforeTax": 34400000, "incomeBeforeTaxRatio": 0.0446405398, "incomeTaxExpense": 3800000, "netIncome": 30600000, "netIncomeRatio": 0.0397093174, "eps": 0.14, "epsdiluted": 0.14, "weightedAverageShsOut": 104444444, "weightedAverageShsOutDil": 104444444, "link": null, "finalLink": null, "calculatedOtherExpenses": 33700000, "calculatedOperatingExpenses": 33700000, "calculatedNetInterest": 0, "calculatedOtherIncome": -4300000, "calculatedIncomeNonControlling": 0, "calculatedEbitda": 72400000}, {"date": "1987-12-31", "symbol": "VLO", "reportedCurrency": "USD", "cik": "0001035002", "fillingDate": "1987-12-31", "acceptedDate": "1987-12-30 19:00:00", "calendarYear": "1987", "period": "FY", "revenue": 628500000, "costOfRevenue": 652500000, "grossProfit": -24000000, "grossProfitRatio": -0.0381861575, "researchAndDevelopmentExpenses": 0, "generalAndAdministrativeExpenses": 0, "sellingAndMarketingExpenses": 0, "sellingGeneralAndAdministrativeExpenses": 0, "otherExpenses": 0, "operatingExpenses": 33300000, "costAndExpenses": 685800000, "interestIncome": 0, "interestExpense": 0, "depreciationAndAmortization": 33300000, "ebitda": -149300000, "ebitdaratio": -0.2375497216, "operatingIncome": -57300000, "operatingIncomeRatio": -0.0911694511, "totalOtherIncomeExpensesNet": 125300000, "incomeBeforeTax": 23300000, "incomeBeforeTaxRatio": 0.0370723946, "incomeTaxExpense": -8600000, "netIncome": 17600000, "netIncomeRatio": 0.0280031822, "eps": 0.06, "epsdiluted": 0.06, "weightedAverageShsOut": 103333333, "weightedAverageShsOutDil": 103333333, "link": null, "finalLink": null, "calculatedOtherExpenses": 33300000, "calculatedOperatingExpenses": 33300000, "calculatedNetInterest": 0, "calculatedOtherIncome": 80600000, "calculatedIncomeNonControlling": 14300000, "calculatedEbitda": -24000000}, {"date": "1986-12-31", "symbol": "VLO", "reportedCurrency": "USD", "cik": "0001035002", "fillingDate": "1986-12-31", "acceptedDate": "1986-12-30 19:00:00", "calendarYear": "1986", "period": "FY", "revenue": 1880100000, "costOfRevenue": 1652100000, "grossProfit": 228000000, "grossProfitRatio": 0.1212701452, "researchAndDevelopmentExpenses": 0, "generalAndAdministrativeExpenses": 0, "sellingAndMarketingExpenses": 0, "sellingGeneralAndAdministrativeExpenses": 127800000, "otherExpenses": 0, "operatingExpenses": 285900000, "costAndExpenses": 1938000000, "interestIncome": 0, "interestExpense": 0, "depreciationAndAmortization": 158100000, "ebitda": 109400000, "ebitdaratio": 0.0581883942, "operatingIncome": -57900000, "operatingIncomeRatio": -0.0307962342, "totalOtherIncomeExpensesNet": -9200000, "incomeBeforeTax": -181800000, "incomeBeforeTaxRatio": -0.0966969842, "incomeTaxExpense": -81900000, "netIncome": -99900000, "netIncomeRatio": -0.0531354715, "eps": -1, "epsdiluted": -1, "weightedAverageShsOut": 100366972, "weightedAverageShsOutDil": 100366972, "link": null, "finalLink": null, "calculatedOtherExpenses": 158100000, "calculatedOperatingExpenses": 285900000, "calculatedNetInterest": 0, "calculatedOtherIncome": -123900000, "calculatedIncomeNonControlling": 0, "calculatedEbitda": 100200000}, {"date": "1985-12-31", "symbol": "VLO", "reportedCurrency": "USD", "cik": "0001035002", "fillingDate": "1985-12-31", "acceptedDate": "1985-12-30 19:00:00", "calendarYear": "1985", "period": "FY", "revenue": 2661600000, "costOfRevenue": 2337600000, "grossProfit": 324000000, "grossProfitRatio": 0.1217312894, "researchAndDevelopmentExpenses": 0, "generalAndAdministrativeExpenses": 0, "sellingAndMarketingExpenses": 0, "sellingGeneralAndAdministrativeExpenses": 127800000, "otherExpenses": 0, "operatingExpenses": 193800000, "costAndExpenses": 2531400000, "interestIncome": 0, "interestExpense": 0, "depreciationAndAmortization": 66000000, "ebitda": 136800000, "ebitdaratio": 0.0513976555, "operatingIncome": 130200000, "operatingIncomeRatio": 0.0489179441, "totalOtherIncomeExpensesNet": 59400000, "incomeBeforeTax": 66400000, "incomeBeforeTaxRatio": 0.0249474001, "incomeTaxExpense": 31700000, "netIncome": 34700000, "netIncomeRatio": 0.0130372708, "eps": 0.27, "epsdiluted": 0.27, "weightedAverageShsOut": 93584906, "weightedAverageShsOutDil": 93584906, "link": null, "finalLink": null, "calculatedOtherExpenses": 66000000, "calculatedOperatingExpenses": 193800000, "calculatedNetInterest": 0, "calculatedOtherIncome": -63800000, "calculatedIncomeNonControlling": 0, "calculatedEbitda": 196200000}]}