{"originalCurrency": "USD", "convertedCurrency": "USD", "report": [{"date": "2023-12-31", "symbol": "VLYPO", "reportedCurrency": "USD", "cik": "0000714310", "fillingDate": "2024-02-29", "acceptedDate": "2024-02-29 17:16:06", "calendarYear": "2023", "period": "FY", "revenue": 3361114000, "costOfRevenue": 3303000, "grossProfit": 3357811000, "grossProfitRatio": 0.9990172901, "researchAndDevelopmentExpenses": 0, "generalAndAdministrativeExpenses": 591479000, "sellingAndMarketingExpenses": 0, "sellingGeneralAndAdministrativeExpenses": 591479000, "otherExpenses": -495664000, "operatingExpenses": 495664000, "costAndExpenses": 2836759000, "interestIncome": 3138891000, "interestExpense": 198639000, "depreciationAndAmortization": 83221000, "ebitda": 39768000, "ebitdaratio": 0.0118317915, "operatingIncome": -43453000, "operatingIncomeRatio": -0.0129281542, "totalOtherIncomeExpensesNet": 678332000, "incomeBeforeTax": 678332000, "incomeBeforeTaxRatio": 0.2018176117, "incomeTaxExpense": 179821000, "netIncome": 498511000, "netIncomeRatio": 0.1483171948, "eps": 0.95, "epsdiluted": 0.95, "weightedAverageShsOut": 507532365, "weightedAverageShsOutDil": 509245768, "link": "https://www.sec.gov/Archives/edgar/data/714310/000071431024000065/0000714310-24-000065-index.htm", "finalLink": "https://www.sec.gov/Archives/edgar/data/714310/000071431024000065/vly-20231231.htm", "calculatedOtherExpenses": 2809785000, "calculatedOperatingExpenses": 3401264000, "calculatedNetInterest": 2940252000, "calculatedOtherIncome": -2218467000, "calculatedIncomeNonControlling": 0, "calculatedEbitda": 39768000}, {"date": "2022-12-31", "symbol": "VLYPO", "reportedCurrency": "USD", "cik": "0000714310", "fillingDate": "2023-03-01", "acceptedDate": "2023-02-28 20:48:53", "calendarYear": "2022", "period": "FY", "revenue": 1861952000, "costOfRevenue": 0, "grossProfit": 1861952000, "grossProfitRatio": 1, "researchAndDevelopmentExpenses": 0, "generalAndAdministrativeExpenses": 549573000, "sellingAndMarketingExpenses": 0, "sellingGeneralAndAdministrativeExpenses": 549573000, "otherExpenses": -466955000, "operatingExpenses": 82618000, "costAndExpenses": 82618000, "interestIncome": 1976683000, "interestExpense": 321043000, "depreciationAndAmortization": 37825000, "ebitda": 1139535000, "ebitdaratio": 0.6120109434, "operatingIncome": 1101710000, "operatingIncomeRatio": 0.5916962414, "totalOtherIncomeExpensesNet": -321043000, "incomeBeforeTax": 780667000, "incomeBeforeTaxRatio": 0.4192734292, "incomeTaxExpense": 211816000, "netIncome": 568851000, "netIncomeRatio": 0.3055132463, "eps": 1.14, "epsdiluted": 1.14, "weightedAverageShsOut": 485434918, "weightedAverageShsOutDil": 487817710, "link": "https://www.sec.gov/Archives/edgar/data/714310/000071431023000043/0000714310-23-000043-index.htm", "finalLink": "https://www.sec.gov/Archives/edgar/data/714310/000071431023000043/vly-20221231.htm", "calculatedOtherExpenses": 210669000, "calculatedOperatingExpenses": 760242000, "calculatedNetInterest": 1655640000, "calculatedOtherIncome": -1976683000, "calculatedIncomeNonControlling": 0, "calculatedEbitda": 1139535000}, {"date": "2021-12-31", "symbol": "VLYPO", "reportedCurrency": "USD", "cik": "0000714310", "fillingDate": "2022-02-28", "acceptedDate": "2022-02-28 16:47:40", "calendarYear": "2021", "period": "FY", "revenue": 1365177000, "costOfRevenue": 0, "grossProfit": 1365177000, "grossProfitRatio": 1, "researchAndDevelopmentExpenses": 0, "generalAndAdministrativeExpenses": 390048000, "sellingAndMarketingExpenses": 0, "sellingGeneralAndAdministrativeExpenses": 390048000, "otherExpenses": -1114486000, "operatingExpenses": -724438000, "costAndExpenses": -724438000, "interestIncome": 1334226000, "interestExpense": 124325000, "depreciationAndAmortization": 21827000, "ebitda": 662566000, "ebitdaratio": 0.4853334037, "operatingIncome": 640739000, "operatingIncomeRatio": 0.4693450007, "totalOtherIncomeExpensesNet": 640739000, "incomeBeforeTax": 640739000, "incomeBeforeTaxRatio": 0.4693450007, "incomeTaxExpense": 166899000, "netIncome": 473840000, "netIncomeRatio": 0.3470905238, "eps": 1.13, "epsdiluted": 1.12, "weightedAverageShsOut": 407445379, "weightedAverageShsOutDil": 410018328, "link": "https://www.sec.gov/Archives/edgar/data/714310/000071431022000063/0000714310-22-000063-index.htm", "finalLink": "https://www.sec.gov/Archives/edgar/data/714310/000071431022000063/vly-20211231.htm", "calculatedOtherExpenses": 334390000, "calculatedOperatingExpenses": 724438000, "calculatedNetInterest": 1209901000, "calculatedOtherIncome": -1209901000, "calculatedIncomeNonControlling": 0, "calculatedEbitda": 662566000}, {"date": "2020-12-31", "symbol": "VLYPO", "reportedCurrency": "USD", "cik": "0000714310", "fillingDate": "2021-02-26", "acceptedDate": "2021-02-26 17:09:58", "calendarYear": "2020", "period": "FY", "revenue": 1301301000, "costOfRevenue": 0, "grossProfit": 1301301000, "grossProfitRatio": 1, "researchAndDevelopmentExpenses": 0, "generalAndAdministrativeExpenses": 352170000, "sellingAndMarketingExpenses": 0, "sellingGeneralAndAdministrativeExpenses": 352170000, "otherExpenses": -1123405000, "operatingExpenses": -771235000, "costAndExpenses": -771235000, "interestIncome": 1383719000, "interestExpense": 264815000, "depreciationAndAmortization": 24645000, "ebitda": 554711000, "ebitdaratio": 0.4262741672, "operatingIncome": 530066000, "operatingIncomeRatio": 0.4073354282, "totalOtherIncomeExpensesNet": 530066000, "incomeBeforeTax": 530066000, "incomeBeforeTaxRatio": 0.4073354282, "incomeTaxExpense": 139460000, "netIncome": 390606000, "netIncomeRatio": 0.3001657572, "eps": 0.94, "epsdiluted": 0.93, "weightedAverageShsOut": 403754356, "weightedAverageShsOutDil": 405046207, "link": "https://www.sec.gov/Archives/edgar/data/714310/000071431021000059/0000714310-21-000059-index.htm", "finalLink": "https://www.sec.gov/Archives/edgar/data/714310/000071431021000059/vly-20201231.htm", "calculatedOtherExpenses": 419065000, "calculatedOperatingExpenses": 771235000, "calculatedNetInterest": 1118904000, "calculatedOtherIncome": -1118904000, "calculatedIncomeNonControlling": 0, "calculatedEbitda": 554711000}, {"date": "2019-12-31", "symbol": "VLYPO", "reportedCurrency": "USD", "cik": "0000714310", "fillingDate": "2020-03-10", "acceptedDate": "2020-03-10 15:56:43", "calendarYear": "2019", "period": "FY", "revenue": 1112568000, "costOfRevenue": 0, "grossProfit": 1112568000, "grossProfitRatio": 1, "researchAndDevelopmentExpenses": 0, "generalAndAdministrativeExpenses": 349141000, "sellingAndMarketingExpenses": 0, "sellingGeneralAndAdministrativeExpenses": 349141000, "otherExpenses": -1004914000, "operatingExpenses": -655773000, "costAndExpenses": -655773000, "interestIncome": 1321000000, "interestExpense": 422952000, "depreciationAndAmortization": 18080000, "ebitda": 474875000, "ebitdaratio": 0.4268278433, "operatingIncome": 456795000, "operatingIncomeRatio": 0.4105771512, "totalOtherIncomeExpensesNet": 456795000, "incomeBeforeTax": 456795000, "incomeBeforeTaxRatio": 0.4105771512, "incomeTaxExpense": 147002000, "netIncome": 309793000, "netIncomeRatio": 0.2784485982, "eps": 0.88, "epsdiluted": 0.87, "weightedAverageShsOut": 337792270, "weightedAverageShsOutDil": 340117808, "link": "https://www.sec.gov/Archives/edgar/data/714310/000071431020000066/0000714310-20-000066-index.htm", "finalLink": "https://www.sec.gov/Archives/edgar/data/714310/000071431020000066/vly-12312019x10k.htm", "calculatedOtherExpenses": 306632000, "calculatedOperatingExpenses": 655773000, "calculatedNetInterest": 898048000, "calculatedOtherIncome": -898048000, "calculatedIncomeNonControlling": 0, "calculatedEbitda": 474875000}, {"date": "2018-12-31", "symbol": "VLYPO", "reportedCurrency": "USD", "cik": "0000714310", "fillingDate": "2019-02-28", "acceptedDate": "2019-02-28 17:31:18", "calendarYear": "2018", "period": "FY", "revenue": 991255000, "costOfRevenue": 0, "grossProfit": 991255000, "grossProfitRatio": 1, "researchAndDevelopmentExpenses": 0, "generalAndAdministrativeExpenses": 362082000, "sellingAndMarketingExpenses": 0, "sellingGeneralAndAdministrativeExpenses": 362082000, "otherExpenses": -721599000, "operatingExpenses": -359517000, "costAndExpenses": -359517000, "interestIncome": 1159248000, "interestExpense": 302045000, "depreciationAndAmortization": 18416000, "ebitda": 677708000, "ebitdaratio": 0.6836868414, "operatingIncome": 631738000, "operatingIncomeRatio": 0.6373112872, "totalOtherIncomeExpensesNet": -302045000, "incomeBeforeTax": 329693000, "incomeBeforeTaxRatio": 0.332601601, "incomeTaxExpense": 68265000, "netIncome": 261428000, "netIncomeRatio": 0.263734357, "eps": 0.79, "epsdiluted": 0.79, "weightedAverageShsOut": 331258964, "weightedAverageShsOutDil": 332693718, "link": "https://www.sec.gov/Archives/edgar/data/714310/000071431019000096/0000714310-19-000096-index.htm", "finalLink": "https://www.sec.gov/Archives/edgar/data/714310/000071431019000096/vly-12312018x10k.htm", "calculatedOtherExpenses": -2565000, "calculatedOperatingExpenses": 359517000, "calculatedNetInterest": 857203000, "calculatedOtherIncome": -1159248000, "calculatedIncomeNonControlling": 0, "calculatedEbitda": 650154000}, {"date": "2017-12-31", "symbol": "VLYPO", "reportedCurrency": "USD", "cik": "0000714310", "fillingDate": "2018-03-01", "acceptedDate": "2018-03-01 16:56:02", "calendarYear": "2017", "period": "FY", "revenue": 771753000, "costOfRevenue": 0, "grossProfit": 771753000, "grossProfitRatio": 1, "researchAndDevelopmentExpenses": 0, "generalAndAdministrativeExpenses": 274390000, "sellingAndMarketingExpenses": 0, "sellingGeneralAndAdministrativeExpenses": 274390000, "otherExpenses": -594453000, "operatingExpenses": -320063000, "costAndExpenses": -320063000, "interestIncome": 842419000, "interestExpense": 174107000, "depreciationAndAmortization": 10016000, "ebitda": 461706000, "ebitdaratio": 0.5982561778, "operatingIncome": 451690000, "operatingIncomeRatio": 0.5852779322, "totalOtherIncomeExpensesNet": -198952000, "incomeBeforeTax": 252738000, "incomeBeforeTaxRatio": 0.3274856074, "incomeTaxExpense": 90831000, "netIncome": 161907000, "netIncomeRatio": 0.2097912156, "eps": 0.58, "epsdiluted": 0.58, "weightedAverageShsOut": 264038123, "weightedAverageShsOutDil": 264889007, "link": "https://www.sec.gov/Archives/edgar/data/714310/000071431018000104/0000714310-18-000104-index.htm", "finalLink": "https://www.sec.gov/Archives/edgar/data/714310/000071431018000104/vly-12312017x10k.htm", "calculatedOtherExpenses": 45673000, "calculatedOperatingExpenses": 320063000, "calculatedNetInterest": 668312000, "calculatedOtherIncome": -867264000, "calculatedIncomeNonControlling": 0, "calculatedEbitda": 461706000}, {"date": "2016-12-31", "symbol": "VLYPO", "reportedCurrency": "USD", "cik": "0000714310", "fillingDate": "2017-02-28", "acceptedDate": "2017-02-28 16:47:50", "calendarYear": "2016", "period": "FY", "revenue": 721374000, "costOfRevenue": 0, "grossProfit": 721374000, "grossProfitRatio": 1, "researchAndDevelopmentExpenses": 0, "generalAndAdministrativeExpenses": 255953000, "sellingAndMarketingExpenses": 0, "sellingGeneralAndAdministrativeExpenses": 255953000, "otherExpenses": -570742000, "operatingExpenses": -314789000, "costAndExpenses": -314789000, "interestIncome": 766923000, "interestExpense": 148774000, "depreciationAndAmortization": 11327000, "ebitda": 417912000, "ebitdaratio": 0.5793277828, "operatingIncome": 406585000, "operatingIncomeRatio": 0.563625803, "totalOtherIncomeExpensesNet": -173205000, "incomeBeforeTax": 233380000, "incomeBeforeTaxRatio": 0.323521502, "incomeTaxExpense": 65234000, "netIncome": 168146000, "netIncomeRatio": 0.2330912952, "eps": 0.63, "epsdiluted": 0.63, "weightedAverageShsOut": 254841571, "weightedAverageShsOutDil": 255268336, "link": "https://www.sec.gov/Archives/edgar/data/714310/000071431017000087/0000714310-17-000087-index.htm", "finalLink": "https://www.sec.gov/Archives/edgar/data/714310/000071431017000087/vly-12312016x10k.htm", "calculatedOtherExpenses": 58836000, "calculatedOperatingExpenses": 314789000, "calculatedNetInterest": 618149000, "calculatedOtherIncome": -791354000, "calculatedIncomeNonControlling": 0, "calculatedEbitda": 417912000}, {"date": "2015-12-31", "symbol": "VLYPO", "reportedCurrency": "USD", "cik": "0000714310", "fillingDate": "2016-02-29", "acceptedDate": "2016-02-29 17:18:20", "calendarYear": "2015", "period": "FY", "revenue": 634071000, "costOfRevenue": 0, "grossProfit": 634071000, "grossProfitRatio": 1, "researchAndDevelopmentExpenses": 0, "generalAndAdministrativeExpenses": 238632000, "sellingAndMarketingExpenses": 4251000, "sellingGeneralAndAdministrativeExpenses": 242883000, "otherExpenses": -572223000, "operatingExpenses": -329340000, "costAndExpenses": -329340000, "interestIncome": 707023000, "interestExpense": 156754000, "depreciationAndAmortization": 9169000, "ebitda": 313900000, "ebitdaratio": 0.4950549702, "operatingIncome": 304731000, "operatingIncomeRatio": 0.4805944445, "totalOtherIncomeExpensesNet": -177836000, "incomeBeforeTax": 126895000, "incomeBeforeTaxRatio": 0.2001274305, "incomeTaxExpense": 23938000, "netIncome": 102957000, "netIncomeRatio": 0.1623745606, "eps": 0.42, "epsdiluted": 0.42, "weightedAverageShsOut": 234405909, "weightedAverageShsOutDil": 234437000, "link": "https://www.sec.gov/Archives/edgar/data/714310/000071431016000226/0000714310-16-000226-index.htm", "finalLink": "https://www.sec.gov/Archives/edgar/data/714310/000071431016000226/vly-12312015x10k.htm", "calculatedOtherExpenses": 86457000, "calculatedOperatingExpenses": 329340000, "calculatedNetInterest": 550269000, "calculatedOtherIncome": -728105000, "calculatedIncomeNonControlling": 0, "calculatedEbitda": 313900000}, {"date": "2014-12-31", "symbol": "VLYPO", "reportedCurrency": "USD", "cik": "0000714310", "fillingDate": "2015-02-27", "acceptedDate": "2015-02-27 17:20:17", "calendarYear": "2014", "period": "FY", "revenue": 552373000, "costOfRevenue": 0, "grossProfit": 552373000, "grossProfitRatio": 1, "researchAndDevelopmentExpenses": 0, "generalAndAdministrativeExpenses": 207540000, "sellingAndMarketingExpenses": 4666000, "sellingGeneralAndAdministrativeExpenses": 212206000, "otherExpenses": -436034000, "operatingExpenses": -223828000, "costAndExpenses": -223828000, "interestIncome": 636603000, "interestExpense": 161846000, "depreciationAndAmortization": 9919000, "ebitda": 338464000, "ebitdaratio": 0.6127453731, "operatingIncome": 328545000, "operatingIncomeRatio": 0.5947883043, "totalOtherIncomeExpensesNet": -181311000, "incomeBeforeTax": 147234000, "incomeBeforeTaxRatio": 0.2665481477, "incomeTaxExpense": 31062000, "netIncome": 116172000, "netIncomeRatio": 0.2103144071, "eps": 0.56, "epsdiluted": 0.56, "weightedAverageShsOut": 205716293, "weightedAverageShsOutDil": 205716293, "link": "https://www.sec.gov/Archives/edgar/data/714310/000071431015000079/0000714310-15-000079-index.htm", "finalLink": "https://www.sec.gov/Archives/edgar/data/714310/000071431015000079/vly-12312014x10k.htm", "calculatedOtherExpenses": 11622000, "calculatedOperatingExpenses": 223828000, "calculatedNetInterest": 474757000, "calculatedOtherIncome": -656068000, "calculatedIncomeNonControlling": 0, "calculatedEbitda": 338464000}, {"date": "2013-12-31", "symbol": "VLYPO", "reportedCurrency": "USD", "cik": "0000714310", "fillingDate": "2014-03-03", "acceptedDate": "2014-03-03 17:07:07", "calendarYear": "2013", "period": "FY", "revenue": 576373000, "costOfRevenue": 0, "grossProfit": 576373000, "grossProfitRatio": 1, "researchAndDevelopmentExpenses": 0, "generalAndAdministrativeExpenses": 211177000, "sellingAndMarketingExpenses": 6127000, "sellingGeneralAndAdministrativeExpenses": 217304000, "otherExpenses": -426648000, "operatingExpenses": -209344000, "costAndExpenses": -209344000, "interestIncome": 616097000, "interestExpense": 168377000, "depreciationAndAmortization": 8258000, "ebitda": 375287000, "ebitdaratio": 0.6511182862, "operatingIncome": 367029000, "operatingIncomeRatio": 0.6367907588, "totalOtherIncomeExpensesNet": -188089000, "incomeBeforeTax": 178940000, "incomeBeforeTaxRatio": 0.3104586787, "incomeTaxExpense": 46979000, "netIncome": 131961000, "netIncomeRatio": 0.2289506969, "eps": 0.66, "epsdiluted": 0.66, "weightedAverageShsOut": 199309425, "weightedAverageShsOutDil": 199309425, "link": "https://www.sec.gov/Archives/edgar/data/714310/000119312514080493/0001193125-14-080493-index.htm", "finalLink": "https://www.sec.gov/Archives/edgar/data/714310/000119312514080493/d640934d10k.htm", "calculatedOtherExpenses": -7960000, "calculatedOperatingExpenses": 209344000, "calculatedNetInterest": 447720000, "calculatedOtherIncome": -635809000, "calculatedIncomeNonControlling": 0, "calculatedEbitda": 375287000}, {"date": "2012-12-31", "symbol": "VLYPO", "reportedCurrency": "USD", "cik": "0000714310", "fillingDate": "2013-02-28", "acceptedDate": "2013-02-28 16:15:40", "calendarYear": "2012", "period": "FY", "revenue": 610827000, "costOfRevenue": 0, "grossProfit": 610827000, "grossProfitRatio": 1, "researchAndDevelopmentExpenses": 0, "generalAndAdministrativeExpenses": 214260000, "sellingAndMarketingExpenses": 7103000, "sellingGeneralAndAdministrativeExpenses": 221363000, "otherExpenses": -422026000, "operatingExpenses": -200663000, "costAndExpenses": -200663000, "interestIncome": 671193000, "interestExpense": 181312000, "depreciationAndAmortization": 9783000, "ebitda": 419947000, "ebitdaratio": 0.6875056276, "operatingIncome": 410164000, "operatingIncomeRatio": 0.6714896362, "totalOtherIncomeExpensesNet": -199789000, "incomeBeforeTax": 210375000, "incomeBeforeTaxRatio": 0.3444101194, "incomeTaxExpense": 66748000, "netIncome": 143627000, "netIncomeRatio": 0.2351353165, "eps": 0.73, "epsdiluted": 0.73, "weightedAverageShsOut": 197354159, "weightedAverageShsOutDil": 197354372, "link": "https://www.sec.gov/Archives/edgar/data/714310/000119312513084204/0001193125-13-084204-index.htm", "finalLink": "https://www.sec.gov/Archives/edgar/data/714310/000119312513084204/d446946d10k.htm", "calculatedOtherExpenses": -20700000, "calculatedOperatingExpenses": 200663000, "calculatedNetInterest": 489881000, "calculatedOtherIncome": -689670000, "calculatedIncomeNonControlling": 0, "calculatedEbitda": 419947000}, {"date": "2011-12-31", "symbol": "VLYPO", "reportedCurrency": "USD", "cik": "0000714310", "fillingDate": "2012-02-28", "acceptedDate": "2012-02-28 16:56:04", "calendarYear": "2011", "period": "FY", "revenue": 587108000, "costOfRevenue": 0, "grossProfit": 587108000, "grossProfitRatio": 1, "researchAndDevelopmentExpenses": 0, "generalAndAdministrativeExpenses": 189066000, "sellingAndMarketingExpenses": 8373000, "sellingGeneralAndAdministrativeExpenses": 197439000, "otherExpenses": 19968000, "operatingExpenses": 23685000, "costAndExpenses": 23685000, "interestIncome": 673824000, "interestExpense": 199013000, "depreciationAndAmortization": 9315000, "ebitda": 421893000, "ebitdaratio": 0.7185952159, "operatingIncome": 412578000, "operatingIncomeRatio": 0.7027293105, "totalOtherIncomeExpensesNet": -215393000, "incomeBeforeTax": 197185000, "incomeBeforeTaxRatio": 0.3358581385, "incomeTaxExpense": 63532000, "netIncome": 133653000, "netIncomeRatio": 0.2276463615, "eps": 0.75, "epsdiluted": 0.75, "weightedAverageShsOut": 178424883, "weightedAverageShsOutDil": 178426069, "link": "https://www.sec.gov/Archives/edgar/data/714310/000119312512085595/0001193125-12-085595-index.htm", "finalLink": "https://www.sec.gov/Archives/edgar/data/714310/000119312512085595/d260008d10k.htm", "calculatedOtherExpenses": -22909000, "calculatedOperatingExpenses": 174530000, "calculatedNetInterest": 474811000, "calculatedOtherIncome": -690204000, "calculatedIncomeNonControlling": 0, "calculatedEbitda": 421893000}, {"date": "2010-12-31", "symbol": "VLYPO", "reportedCurrency": "USD", "cik": "0000714310", "fillingDate": "2011-03-01", "acceptedDate": "2011-02-28 17:55:15", "calendarYear": "2010", "period": "FY", "revenue": 554079000, "costOfRevenue": 0, "grossProfit": 554079000, "grossProfitRatio": 1, "researchAndDevelopmentExpenses": 0, "generalAndAdministrativeExpenses": 189825000, "sellingAndMarketingExpenses": 4052000, "sellingGeneralAndAdministrativeExpenses": 193877000, "otherExpenses": 4642000, "operatingExpenses": 14189000, "costAndExpenses": 14189000, "interestIncome": 676812000, "interestExpense": 214060000, "depreciationAndAmortization": 7721000, "ebitda": 424572000, "ebitdaratio": 0.7662661823, "operatingIncome": 416851000, "operatingIncomeRatio": 0.7523313463, "totalOtherIncomeExpensesNet": -229910000, "incomeBeforeTax": 186941000, "incomeBeforeTaxRatio": 0.3373905165, "incomeTaxExpense": 55771000, "netIncome": 131170000, "netIncomeRatio": 0.2367351948, "eps": 0.73, "epsdiluted": 0.73, "weightedAverageShsOut": 177568546, "weightedAverageShsOutDil": 177577663, "link": "https://www.sec.gov/Archives/edgar/data/714310/000119312511050288/0001193125-11-050288-index.htm", "finalLink": "https://www.sec.gov/Archives/edgar/data/714310/000119312511050288/d10k.htm", "calculatedOtherExpenses": -56649000, "calculatedOperatingExpenses": 137228000, "calculatedNetInterest": 462752000, "calculatedOtherIncome": -692662000, "calculatedIncomeNonControlling": 0, "calculatedEbitda": 424572000}, {"date": "2009-12-31", "symbol": "VLYPO", "reportedCurrency": "USD", "cik": "0000714310", "fillingDate": "2010-02-26", "acceptedDate": "2010-02-26 17:19:56", "calendarYear": "2009", "period": "FY", "revenue": 521565000, "costOfRevenue": 0, "grossProfit": 521565000, "grossProfitRatio": 1, "researchAndDevelopmentExpenses": 0, "generalAndAdministrativeExpenses": 183874000, "sellingAndMarketingExpenses": 3372000, "sellingGeneralAndAdministrativeExpenses": 187246000, "otherExpenses": 6352000, "operatingExpenses": 11279000, "costAndExpenses": 11279000, "interestIncome": 712184000, "interestExpense": 262870000, "depreciationAndAmortization": 6887000, "ebitda": 452618000, "ebitdaratio": 0.8678074641, "operatingIncome": 445731000, "operatingIncomeRatio": 0.8546029737, "totalOtherIncomeExpensesNet": -278186000, "incomeBeforeTax": 167545000, "incomeBeforeTaxRatio": 0.3212351289, "incomeTaxExpense": 51484000, "netIncome": 116061000, "netIncomeRatio": 0.2225245176, "eps": 0.61, "epsdiluted": 0.61, "weightedAverageShsOut": 159259475, "weightedAverageShsOutDil": 159260229, "link": "https://www.sec.gov/Archives/edgar/data/714310/000119312510043154/0001193125-10-043154-index.htm", "finalLink": "https://www.sec.gov/Archives/edgar/data/714310/000119312510043154/d10k.htm", "calculatedOtherExpenses": -111412000, "calculatedOperatingExpenses": 75834000, "calculatedNetInterest": 449314000, "calculatedOtherIncome": -727500000, "calculatedIncomeNonControlling": 0, "calculatedEbitda": 452618000}, {"date": "2008-12-31", "symbol": "VLYPO", "reportedCurrency": "USD", "cik": "0000714310", "fillingDate": "2009-02-27", "acceptedDate": "2009-02-27 17:20:47", "calendarYear": "2008", "period": "FY", "revenue": 424055000, "costOfRevenue": 417000, "grossProfit": 423638000, "grossProfitRatio": 0.999016637, "researchAndDevelopmentExpenses": 0, "generalAndAdministrativeExpenses": 157876000, "sellingAndMarketingExpenses": 2697000, "sellingGeneralAndAdministrativeExpenses": 160573000, "otherExpenses": 0, "operatingExpenses": 10938000, "costAndExpenses": 11355000, "interestIncome": 729694000, "interestExpense": 308895000, "depreciationAndAmortization": 7224000, "ebitda": 441272000, "ebitdaratio": 1.0406008655, "operatingIncome": 434048000, "operatingIncomeRatio": 1.0235653394, "totalOtherIncomeExpensesNet": -323523000, "incomeBeforeTax": 110525000, "incomeBeforeTaxRatio": 0.2606383606, "incomeTaxExpense": 16934000, "netIncome": 93591000, "netIncomeRatio": 0.2207048614, "eps": 0.58, "epsdiluted": 0.58, "weightedAverageShsOut": 158545594, "weightedAverageShsOutDil": 158632863, "link": "https://www.sec.gov/Archives/edgar/data/714310/000119312509041215/0001193125-09-041215-index.htm", "finalLink": "https://www.sec.gov/Archives/edgar/data/714310/000119312509041215/d10k.htm", "calculatedOtherExpenses": -170983000, "calculatedOperatingExpenses": -10410000, "calculatedNetInterest": 420799000, "calculatedOtherIncome": -744322000, "calculatedIncomeNonControlling": 0, "calculatedEbitda": 441272000}, {"date": "2007-12-31", "symbol": "VLYPO", "reportedCurrency": "USD", "cik": "0000714310", "fillingDate": "2008-02-28", "acceptedDate": "2008-02-28 16:37:09", "calendarYear": "2007", "period": "FY", "revenue": 467965000, "costOfRevenue": 0, "grossProfit": 467965000, "grossProfitRatio": 1, "researchAndDevelopmentExpenses": 0, "generalAndAdministrativeExpenses": 145650000, "sellingAndMarketingExpenses": 2917000, "sellingGeneralAndAdministrativeExpenses": 148567000, "otherExpenses": 0, "operatingExpenses": 8027000, "costAndExpenses": 8027000, "interestIncome": 725007000, "interestExpense": 343322000, "depreciationAndAmortization": 22778000, "ebitda": 571026000, "ebitdaratio": 1.2202322823, "operatingIncome": 548248000, "operatingIncomeRatio": 1.171557702, "totalOtherIncomeExpensesNet": -343322000, "incomeBeforeTax": 204926000, "incomeBeforeTaxRatio": 0.437908818, "incomeTaxExpense": 51698000, "netIncome": 153228000, "netIncomeRatio": 0.3274347441, "eps": 1, "epsdiluted": 0.99, "weightedAverageShsOut": 153485517, "weightedAverageShsOutDil": 153940048, "link": "https://www.sec.gov/Archives/edgar/data/714310/000119312508041857/0001193125-08-041857-index.htm", "finalLink": "https://www.sec.gov/Archives/edgar/data/714310/000119312508041857/d10k.htm", "calculatedOtherExpenses": -228850000, "calculatedOperatingExpenses": -80283000, "calculatedNetInterest": 381685000, "calculatedOtherIncome": -725007000, "calculatedIncomeNonControlling": 0, "calculatedEbitda": 571026000}, {"date": "2006-12-31", "symbol": "VLYPO", "reportedCurrency": "USD", "cik": "0000714310", "fillingDate": "2007-02-28", "acceptedDate": "2007-02-28 11:30:38", "calendarYear": "2006", "period": "FY", "revenue": 459337000, "costOfRevenue": 0, "grossProfit": 459337000, "grossProfitRatio": 1, "researchAndDevelopmentExpenses": 0, "generalAndAdministrativeExpenses": 138367000, "sellingAndMarketingExpenses": 8469000, "sellingGeneralAndAdministrativeExpenses": 146836000, "otherExpenses": 0, "operatingExpenses": 17347000, "costAndExpenses": 17347000, "interestIncome": 707371000, "interestExpense": 316250000, "depreciationAndAmortization": 25094000, "ebitda": 544919000, "ebitdaratio": 1.1863163647, "operatingIncome": 519825000, "operatingIncomeRatio": 1.131685451, "totalOtherIncomeExpensesNet": -316250000, "incomeBeforeTax": 203575000, "incomeBeforeTaxRatio": 0.443193124, "incomeTaxExpense": 39884000, "netIncome": 163691000, "netIncomeRatio": 0.3563636284, "eps": 1.04, "epsdiluted": 1.04, "weightedAverageShsOut": 156177823, "weightedAverageShsOutDil": 156814987, "link": "https://www.sec.gov/Archives/edgar/data/714310/000119312507042143/0001193125-07-042143-index.htm", "finalLink": "https://www.sec.gov/Archives/edgar/data/714310/000119312507042143/d10k.htm", "calculatedOtherExpenses": -207324000, "calculatedOperatingExpenses": -60488000, "calculatedNetInterest": 391121000, "calculatedOtherIncome": -707371000, "calculatedIncomeNonControlling": 0, "calculatedEbitda": 544919000}, {"date": "2005-12-31", "symbol": "VLYPO", "reportedCurrency": "USD", "cik": "0000714310", "fillingDate": "2006-03-01", "acceptedDate": "2006-03-01 15:20:05", "calendarYear": "2005", "period": "FY", "revenue": 472133000, "costOfRevenue": 0, "grossProfit": 472133000, "grossProfitRatio": 1, "researchAndDevelopmentExpenses": 0, "generalAndAdministrativeExpenses": 132151000, "sellingAndMarketingExpenses": 7535000, "sellingGeneralAndAdministrativeExpenses": 139686000, "otherExpenses": 0, "operatingExpenses": 7535000, "costAndExpenses": 7535000, "interestIncome": 625084000, "interestExpense": 226659000, "depreciationAndAmortization": 32396000, "ebitda": 489282000, "ebitdaratio": 1.0363223922, "operatingIncome": 456886000, "operatingIncomeRatio": 0.9677061337, "totalOtherIncomeExpensesNet": -226659000, "incomeBeforeTax": 230227000, "incomeBeforeTaxRatio": 0.4876316631, "incomeTaxExpense": 66778000, "netIncome": 163449000, "netIncomeRatio": 0.3461927042, "eps": 1.07, "epsdiluted": 1.07, "weightedAverageShsOut": 153302152, "weightedAverageShsOutDil": 153868788, "link": "https://www.sec.gov/Archives/edgar/data/714310/000119312506042754/0001193125-06-042754-index.htm", "finalLink": "https://www.sec.gov/Archives/edgar/data/714310/000119312506042754/d10k.htm", "calculatedOtherExpenses": -124439000, "calculatedOperatingExpenses": 15247000, "calculatedNetInterest": 398425000, "calculatedOtherIncome": -625084000, "calculatedIncomeNonControlling": 0, "calculatedEbitda": 489282000}, {"date": "2004-12-31", "symbol": "VLYPO", "reportedCurrency": "USD", "cik": "0000714310", "fillingDate": "2005-03-07", "acceptedDate": "2005-03-07 13:01:24", "calendarYear": "2004", "period": "FY", "revenue": 456647000, "costOfRevenue": 0, "grossProfit": 456647000, "grossProfitRatio": 1, "researchAndDevelopmentExpenses": 0, "generalAndAdministrativeExpenses": 123790000, "sellingAndMarketingExpenses": 7974000, "sellingGeneralAndAdministrativeExpenses": 131764000, "otherExpenses": 0, "operatingExpenses": 7974000, "costAndExpenses": 7974000, "interestIncome": 518926000, "interestExpense": 146607000, "depreciationAndAmortization": 30619000, "ebitda": 405821000, "ebitdaratio": 0.8886973965, "operatingIncome": 375202000, "operatingIncomeRatio": 0.8216456037, "totalOtherIncomeExpensesNet": -146607000, "incomeBeforeTax": 228595000, "incomeBeforeTaxRatio": 0.5005945512, "incomeTaxExpense": 74197000, "netIncome": 154398000, "netIncomeRatio": 0.3381123713, "eps": 1.06, "epsdiluted": 1.05, "weightedAverageShsOut": 145782396, "weightedAverageShsOutDil": 146532107, "link": "https://www.sec.gov/Archives/edgar/data/714310/000119312505043401/0001193125-05-043401-index.htm", "finalLink": "https://www.sec.gov/Archives/edgar/data/714310/000119312505043401/d10k.htm", "calculatedOtherExpenses": -50319000, "calculatedOperatingExpenses": 81445000, "calculatedNetInterest": 372319000, "calculatedOtherIncome": -518926000, "calculatedIncomeNonControlling": 0, "calculatedEbitda": 405821000}, {"date": "2003-12-31", "symbol": "VLYPO", "reportedCurrency": "USD", "cik": "0000714310", "fillingDate": "2004-03-04", "acceptedDate": "2004-03-04 08:52:47", "calendarYear": "2003", "period": "FY", "revenue": 456773000, "costOfRevenue": 0, "grossProfit": 456773000, "grossProfitRatio": 1, "researchAndDevelopmentExpenses": 0, "generalAndAdministrativeExpenses": 119359000, "sellingAndMarketingExpenses": 7409000, "sellingGeneralAndAdministrativeExpenses": 126768000, "otherExpenses": 0, "operatingExpenses": 7409000, "costAndExpenses": 7409000, "interestIncome": 497498000, "interestExpense": 148922000, "depreciationAndAmortization": 38140000, "ebitda": 420212000, "ebitdaratio": 0.9199580536, "operatingIncome": 382072000, "operatingIncomeRatio": 0.8364592478, "totalOtherIncomeExpensesNet": -148922000, "incomeBeforeTax": 233150000, "incomeBeforeTaxRatio": 0.5104285936, "incomeTaxExpense": 79735000, "netIncome": 153415000, "netIncomeRatio": 0.3358670499, "eps": 1.05, "epsdiluted": 1.04, "weightedAverageShsOut": 145817585, "weightedAverageShsOutDil": 146598374, "link": "https://www.sec.gov/Archives/edgar/data/714310/000119312504034268/0001193125-04-034268-index.htm", "finalLink": "https://www.sec.gov/Archives/edgar/data/714310/000119312504034268/d10k.htm", "calculatedOtherExpenses": -52067000, "calculatedOperatingExpenses": 74701000, "calculatedNetInterest": 348576000, "calculatedOtherIncome": -497498000, "calculatedIncomeNonControlling": 0, "calculatedEbitda": 420212000}, {"date": "2002-12-31", "symbol": "VLYPO", "reportedCurrency": "USD", "cik": "0000714310", "fillingDate": "2003-03-06", "acceptedDate": "2003-03-06 12:49:20", "calendarYear": "2002", "period": "FY", "revenue": 440934000, "costOfRevenue": 0, "grossProfit": 440934000, "grossProfitRatio": 1, "researchAndDevelopmentExpenses": 0, "generalAndAdministrativeExpenses": 105886000, "sellingAndMarketingExpenses": 8074000, "sellingGeneralAndAdministrativeExpenses": 113960000, "otherExpenses": 0, "operatingExpenses": 8074000, "costAndExpenses": 8074000, "interestIncome": 517419000, "interestExpense": 157723000, "depreciationAndAmortization": 21701000, "ebitda": 398720000, "ebitdaratio": 0.9042623159, "operatingIncome": 377019000, "operatingIncomeRatio": 0.8550463335, "totalOtherIncomeExpensesNet": -157723000, "incomeBeforeTax": 219296000, "incomeBeforeTaxRatio": 0.4973442737, "incomeTaxExpense": 64680000, "netIncome": 154616000, "netIncomeRatio": 0.3506556537, "eps": 1.02, "epsdiluted": 1.01, "weightedAverageShsOut": 151693337, "weightedAverageShsOutDil": 152584110, "link": "https://www.sec.gov/Archives/edgar/data/714310/000095013003001834/0000950130-03-001834-index.htm", "finalLink": "https://www.sec.gov/Archives/edgar/data/714310/000095013003001834/d10k.htm", "calculatedOtherExpenses": -50045000, "calculatedOperatingExpenses": 63915000, "calculatedNetInterest": 359696000, "calculatedOtherIncome": -517419000, "calculatedIncomeNonControlling": 0, "calculatedEbitda": 398720000}, {"date": "2001-12-31", "symbol": "VLYPO", "reportedCurrency": "USD", "cik": "0000714310", "fillingDate": "2002-03-06", "acceptedDate": "2002-03-06 00:00:00", "calendarYear": "2001", "period": "FY", "revenue": 403309000, "costOfRevenue": 0, "grossProfit": 403309000, "grossProfitRatio": 1, "researchAndDevelopmentExpenses": 0, "generalAndAdministrativeExpenses": 98026000, "sellingAndMarketingExpenses": 6392000, "sellingGeneralAndAdministrativeExpenses": 104418000, "otherExpenses": -89719000, "operatingExpenses": 14699000, "costAndExpenses": 14699000, "interestIncome": 553486000, "interestExpense": 218653000, "depreciationAndAmortization": 27116000, "ebitda": 445124000, "ebitdaratio": 1.1036798088, "operatingIncome": 418008000, "operatingIncomeRatio": 1.0364460005, "totalOtherIncomeExpensesNet": -218653000, "incomeBeforeTax": 199355000, "incomeBeforeTaxRatio": 0.4942984164, "incomeTaxExpense": 64151000, "netIncome": 135204000, "netIncomeRatio": 0.335236754, "eps": 0.85, "epsdiluted": 0.85, "weightedAverageShsOut": 158057306, "weightedAverageShsOutDil": 158895950, "link": "https://www.sec.gov/Archives/edgar/data/714310/000095013002001353/0000950130-02-001353-index.htm", "finalLink": "https://www.sec.gov/Archives/edgar/data/714310/000095013002001353/d10k405.txt", "calculatedOtherExpenses": -119117000, "calculatedOperatingExpenses": -14699000, "calculatedNetInterest": 334833000, "calculatedOtherIncome": -553486000, "calculatedIncomeNonControlling": 0, "calculatedEbitda": 445124000}, {"date": "2000-12-31", "symbol": "VLYPO", "reportedCurrency": "USD", "cik": "0000714310", "fillingDate": "2001-03-01", "acceptedDate": "2001-03-01 00:00:00", "calendarYear": "2000", "period": "FY", "revenue": 308980000, "costOfRevenue": 0, "grossProfit": 308980000, "grossProfitRatio": 1, "researchAndDevelopmentExpenses": 0, "generalAndAdministrativeExpenses": 76621000, "sellingAndMarketingExpenses": 4529000, "sellingGeneralAndAdministrativeExpenses": 81150000, "otherExpenses": -25537000, "operatingExpenses": 55613000, "costAndExpenses": 55613000, "interestIncome": 460853000, "interestExpense": 202756000, "depreciationAndAmortization": 17735000, "ebitda": 382328000, "ebitdaratio": 1.2373875332, "operatingIncome": 364593000, "operatingIncomeRatio": 1.1799889961, "totalOtherIncomeExpensesNet": -202756000, "incomeBeforeTax": 161837000, "incomeBeforeTaxRatio": 0.5237782381, "incomeTaxExpense": 55064000, "netIncome": 106773000, "netIncomeRatio": 0.3455660561, "eps": 0.79, "epsdiluted": 0.79, "weightedAverageShsOut": 160065220, "weightedAverageShsOutDil": 161332992, "link": "https://www.sec.gov/Archives/edgar/data/714310/000095011001000196/0000950110-01-000196-index.htm", "finalLink": "https://www.sec.gov/Archives/edgar/data/714310/000095011001000196/0000950110-01-000196-0001.txt", "calculatedOtherExpenses": -136763000, "calculatedOperatingExpenses": -55613000, "calculatedNetInterest": 258097000, "calculatedOtherIncome": -460853000, "calculatedIncomeNonControlling": 0, "calculatedEbitda": 382328000}, {"date": "1999-12-31", "symbol": "VLYPO", "reportedCurrency": "USD", "cik": "0000714310", "fillingDate": "2000-03-01", "acceptedDate": "2000-03-01 00:00:00", "calendarYear": "1999", "period": "FY", "revenue": 305700000, "costOfRevenue": 0, "grossProfit": 305700000, "grossProfitRatio": 1, "researchAndDevelopmentExpenses": 0, "generalAndAdministrativeExpenses": 72000000, "sellingAndMarketingExpenses": 5200000, "sellingGeneralAndAdministrativeExpenses": 77200000, "otherExpenses": -55200000, "operatingExpenses": 22000000, "costAndExpenses": 22000000, "interestIncome": 427600000, "interestExpense": 169200000, "depreciationAndAmortization": 18200000, "ebitda": 345900000, "ebitdaratio": 1.131501472, "operatingIncome": 327700000, "operatingIncomeRatio": 1.0719659797, "totalOtherIncomeExpensesNet": -169200000, "incomeBeforeTax": 158500000, "incomeBeforeTaxRatio": 0.5184821721, "incomeTaxExpense": 52200000, "netIncome": 106300000, "netIncomeRatio": 0.3477265293, "eps": 0.78, "epsdiluted": 0.77, "weightedAverageShsOut": 136254281, "weightedAverageShsOutDil": 137620226, "link": "https://www.sec.gov/Archives/edgar/data/714310/000089155400000572/0000891554-00-000572-index.htm", "finalLink": "https://www.sec.gov/Archives/edgar/data/714310/000089155400000572/0000891554-00-000572.txt", "calculatedOtherExpenses": -99200000, "calculatedOperatingExpenses": -22000000, "calculatedNetInterest": 258400000, "calculatedOtherIncome": -427600000, "calculatedIncomeNonControlling": 0, "calculatedEbitda": 345900000}, {"date": "1998-12-31", "symbol": "VLYPO", "reportedCurrency": "USD", "cik": "0000714310", "fillingDate": "1999-03-04", "acceptedDate": "1999-03-04 00:00:00", "calendarYear": "1998", "period": "FY", "revenue": 272700000, "costOfRevenue": 0, "grossProfit": 272700000, "grossProfitRatio": 1, "researchAndDevelopmentExpenses": 0, "generalAndAdministrativeExpenses": 64100000, "sellingAndMarketingExpenses": 0, "sellingGeneralAndAdministrativeExpenses": 64100000, "otherExpenses": -51200000, "operatingExpenses": 12900000, "costAndExpenses": 12900000, "interestIncome": 389700000, "interestExpense": 160100000, "depreciationAndAmortization": 18700000, "ebitda": 304300000, "ebitdaratio": 1.1158782545, "operatingIncome": 285600000, "operatingIncomeRatio": 1.0473047305, "totalOtherIncomeExpensesNet": -160100000, "incomeBeforeTax": 125500000, "incomeBeforeTaxRatio": 0.4602126879, "incomeTaxExpense": 28200000, "netIncome": 97300000, "netIncomeRatio": 0.3568023469, "eps": 0.77, "epsdiluted": 0.76, "weightedAverageShsOut": 131183723, "weightedAverageShsOutDil": 132947030, "link": "https://www.sec.gov/Archives/edgar/data/714310/000095011099000282/0000950110-99-000282-index.htm", "finalLink": "https://www.sec.gov/Archives/edgar/data/714310/0000950110-99-000282.txt", "calculatedOtherExpenses": -77000000, "calculatedOperatingExpenses": -12900000, "calculatedNetInterest": 229600000, "calculatedOtherIncome": -389700000, "calculatedIncomeNonControlling": 0, "calculatedEbitda": 304300000}, {"date": "1997-12-31", "symbol": "VLYPO", "reportedCurrency": "USD", "cik": "0000714310", "fillingDate": "1998-03-04", "acceptedDate": "1998-03-04 00:00:00", "calendarYear": "1997", "period": "FY", "revenue": 254600000, "costOfRevenue": 0, "grossProfit": 254600000, "grossProfitRatio": 1, "researchAndDevelopmentExpenses": 0, "generalAndAdministrativeExpenses": 55700000, "sellingAndMarketingExpenses": 0, "sellingGeneralAndAdministrativeExpenses": 55700000, "otherExpenses": -35100000, "operatingExpenses": 20600000, "costAndExpenses": 20600000, "interestIncome": 368300000, "interestExpense": 156000000, "depreciationAndAmortization": 13600000, "ebitda": 288800000, "ebitdaratio": 1.1343283582, "operatingIncome": 275200000, "operatingIncomeRatio": 1.0809112333, "totalOtherIncomeExpensesNet": -156000000, "incomeBeforeTax": 119200000, "incomeBeforeTaxRatio": 0.4681853888, "incomeTaxExpense": 34200000, "netIncome": 85000000, "netIncomeRatio": 0.3338570306, "eps": 0.65, "epsdiluted": 0.65, "weightedAverageShsOut": 138129713, "weightedAverageShsOutDil": 139123355, "link": "https://www.sec.gov/Archives/edgar/data/714310/000095011098000220/0000950110-98-000220-index.htm", "finalLink": "https://www.sec.gov/Archives/edgar/data/714310/0000950110-98-000220.txt", "calculatedOtherExpenses": -76300000, "calculatedOperatingExpenses": -20600000, "calculatedNetInterest": 212300000, "calculatedOtherIncome": -368300000, "calculatedIncomeNonControlling": 0, "calculatedEbitda": 288800000}, {"date": "1996-12-31", "symbol": "VLYPO", "reportedCurrency": "USD", "cik": "0000714310", "fillingDate": "1997-02-28", "acceptedDate": "1997-02-28 00:00:00", "calendarYear": "1996", "period": "FY", "revenue": 205100000, "costOfRevenue": 0, "grossProfit": 205100000, "grossProfitRatio": 1, "researchAndDevelopmentExpenses": 0, "generalAndAdministrativeExpenses": 45100000, "sellingAndMarketingExpenses": 0, "sellingGeneralAndAdministrativeExpenses": 45100000, "otherExpenses": -3300000, "operatingExpenses": 41800000, "costAndExpenses": 41800000, "interestIncome": 324300000, "interestExpense": 145500000, "depreciationAndAmortization": 13100000, "ebitda": 260000000, "ebitdaratio": 1.2676743052, "operatingIncome": 246900000, "operatingIncomeRatio": 1.2038030229, "totalOtherIncomeExpensesNet": -145500000, "incomeBeforeTax": 101400000, "incomeBeforeTaxRatio": 0.494392979, "incomeTaxExpense": 33900000, "netIncome": 67500000, "netIncomeRatio": 0.3291077523, "eps": 0.56, "epsdiluted": 0.56, "weightedAverageShsOut": 126686108, "weightedAverageShsOutDil": 126686108, "link": "https://www.sec.gov/Archives/edgar/data/714310/000095012397001752/0000950123-97-001752-index.htm", "finalLink": "https://www.sec.gov/Archives/edgar/data/714310/000095012397001752/", "calculatedOtherExpenses": -86900000, "calculatedOperatingExpenses": -41800000, "calculatedNetInterest": 178800000, "calculatedOtherIncome": -324300000, "calculatedIncomeNonControlling": 0, "calculatedEbitda": 260000000}, {"date": "1995-12-31", "symbol": "VLYPO", "reportedCurrency": "USD", "cik": "0000714310", "fillingDate": "1996-02-29", "acceptedDate": "1996-02-29 00:00:00", "calendarYear": "1995", "period": "FY", "revenue": 194400000, "costOfRevenue": 0, "grossProfit": 194400000, "grossProfitRatio": 1, "researchAndDevelopmentExpenses": 0, "generalAndAdministrativeExpenses": 43200000, "sellingAndMarketingExpenses": 0, "sellingGeneralAndAdministrativeExpenses": 43200000, "otherExpenses": 7200000, "operatingExpenses": 50400000, "costAndExpenses": 50400000, "interestIncome": 316700000, "interestExpense": 143300000, "depreciationAndAmortization": 8400000, "ebitda": 253200000, "ebitdaratio": 1.3024691358, "operatingIncome": 244800000, "operatingIncomeRatio": 1.2592592593, "totalOtherIncomeExpensesNet": -143300000, "incomeBeforeTax": 101500000, "incomeBeforeTaxRatio": 0.5221193416, "incomeTaxExpense": 38900000, "netIncome": 62600000, "netIncomeRatio": 0.3220164609, "eps": 0.57, "epsdiluted": 0.57, "weightedAverageShsOut": 110181148, "weightedAverageShsOutDil": 116276080, "link": "https://www.sec.gov/Archives/edgar/data/714310/000095012396000902/0000950123-96-000902-index.htm", "finalLink": "https://www.sec.gov/Archives/edgar/data/714310/0000950123-96-000902.txt", "calculatedOtherExpenses": -93600000, "calculatedOperatingExpenses": -50400000, "calculatedNetInterest": 173400000, "calculatedOtherIncome": -316700000, "calculatedIncomeNonControlling": 0, "calculatedEbitda": 253200000}, {"date": "1994-12-31", "symbol": "VLYPO", "reportedCurrency": "USD", "cik": "0000714310", "fillingDate": "1995-02-28", "acceptedDate": "1995-02-28 00:00:00", "calendarYear": "1994", "period": "FY", "revenue": 171600000, "costOfRevenue": 0, "grossProfit": 171600000, "grossProfitRatio": 1, "researchAndDevelopmentExpenses": 0, "generalAndAdministrativeExpenses": 39100000, "sellingAndMarketingExpenses": 0, "sellingGeneralAndAdministrativeExpenses": 39100000, "otherExpenses": -27900000, "operatingExpenses": 11200000, "costAndExpenses": 11200000, "interestIncome": 242900000, "interestExpense": 93800000, "depreciationAndAmortization": 8000000, "ebitda": 190800000, "ebitdaratio": 1.1118881119, "operatingIncome": 182800000, "operatingIncomeRatio": 1.0652680653, "totalOtherIncomeExpensesNet": -93800000, "incomeBeforeTax": 89000000, "incomeBeforeTaxRatio": 0.5186480186, "incomeTaxExpense": 30000000, "netIncome": 59000000, "netIncomeRatio": 0.3438228438, "eps": 0.6, "epsdiluted": 0.6, "weightedAverageShsOut": 97988639, "weightedAverageShsOutDil": 97988639, "link": "https://www.sec.gov/Archives/edgar/data/714310/000095012395000375/0000950123-95-000375-index.htm", "finalLink": "https://www.sec.gov/Archives/edgar/data/714310/0000950123-95-000375.txt", "calculatedOtherExpenses": -50300000, "calculatedOperatingExpenses": -11200000, "calculatedNetInterest": 149100000, "calculatedOtherIncome": -242900000, "calculatedIncomeNonControlling": 0, "calculatedEbitda": 190800000}, {"date": "1993-12-31", "symbol": "VLYPO", "reportedCurrency": "USD", "cik": "0000714310", "fillingDate": "1994-03-30", "acceptedDate": "1994-03-30 00:00:00", "calendarYear": "1993", "period": "FY", "revenue": 161200000, "costOfRevenue": 0, "grossProfit": 161200000, "grossProfitRatio": 1, "researchAndDevelopmentExpenses": 0, "generalAndAdministrativeExpenses": 32400000, "sellingAndMarketingExpenses": 0, "sellingGeneralAndAdministrativeExpenses": 32400000, "otherExpenses": -21500000, "operatingExpenses": 10900000, "costAndExpenses": 10900000, "interestIncome": 224400000, "interestExpense": 88200000, "depreciationAndAmortization": 15700000, "ebitda": 187800000, "ebitdaratio": 1.1650124069, "operatingIncome": 172100000, "operatingIncomeRatio": 1.067617866, "totalOtherIncomeExpensesNet": -87800000, "incomeBeforeTax": 84300000, "incomeBeforeTaxRatio": 0.5229528536, "incomeTaxExpense": 29700000, "netIncome": 54200000, "netIncomeRatio": 0.3362282878, "eps": 0.52, "epsdiluted": 0.51, "weightedAverageShsOut": 105223677, "weightedAverageShsOutDil": 107069565, "link": "https://www.sec.gov/Archives/edgar/data/714310/000071431094000005/0000714310-94-000005-index.htm", "finalLink": "https://www.sec.gov/Archives/edgar/data/714310/0000714310-94-000005.txt", "calculatedOtherExpenses": -43300000, "calculatedOperatingExpenses": -10900000, "calculatedNetInterest": 136200000, "calculatedOtherIncome": -224000000, "calculatedIncomeNonControlling": 400000, "calculatedEbitda": 187800000}, {"date": "1992-12-31", "symbol": "VLYPO", "reportedCurrency": "USD", "cik": "0000714310", "fillingDate": "1992-12-31", "acceptedDate": "1992-12-30 19:00:00", "calendarYear": "1992", "period": "FY", "revenue": 143800000, "costOfRevenue": 0, "grossProfit": 143800000, "grossProfitRatio": 1, "researchAndDevelopmentExpenses": 0, "generalAndAdministrativeExpenses": 30000000, "sellingAndMarketingExpenses": 0, "sellingGeneralAndAdministrativeExpenses": 30000000, "otherExpenses": -2800000, "operatingExpenses": 27200000, "costAndExpenses": 27200000, "interestIncome": 223000000, "interestExpense": 108100000, "depreciationAndAmortization": 7800000, "ebitda": 178800000, "ebitdaratio": 1.2433936022, "operatingIncome": 171000000, "operatingIncomeRatio": 1.1891515994, "totalOtherIncomeExpensesNet": -108100000, "incomeBeforeTax": 62900000, "incomeBeforeTaxRatio": 0.4374130737, "incomeTaxExpense": 21300000, "netIncome": 41600000, "netIncomeRatio": 0.2892906815, "eps": 0.46, "epsdiluted": 0.46, "weightedAverageShsOut": 90080487, "weightedAverageShsOutDil": 90080487, "link": "", "finalLink": "", "calculatedOtherExpenses": -57200000, "calculatedOperatingExpenses": -27200000, "calculatedNetInterest": 114900000, "calculatedOtherIncome": -223000000, "calculatedIncomeNonControlling": 0, "calculatedEbitda": 178800000}, {"date": "1991-12-31", "symbol": "VLYPO", "reportedCurrency": "USD", "cik": "0000714310", "fillingDate": "1991-12-31", "acceptedDate": "1991-12-30 19:00:00", "calendarYear": "1991", "period": "FY", "revenue": 103500000, "costOfRevenue": 0, "grossProfit": 103500000, "grossProfitRatio": 1, "researchAndDevelopmentExpenses": 0, "generalAndAdministrativeExpenses": 23100000, "sellingAndMarketingExpenses": 0, "sellingGeneralAndAdministrativeExpenses": 23100000, "otherExpenses": 23900000, "operatingExpenses": 47000000, "costAndExpenses": 47000000, "interestIncome": 198800000, "interestExpense": 107900000, "depreciationAndAmortization": 5400000, "ebitda": 155900000, "ebitdaratio": 1.5062801932, "operatingIncome": 150500000, "operatingIncomeRatio": 1.4541062802, "totalOtherIncomeExpensesNet": -107900000, "incomeBeforeTax": 42600000, "incomeBeforeTaxRatio": 0.4115942029, "incomeTaxExpense": 12500000, "netIncome": 30100000, "netIncomeRatio": 0.290821256, "eps": 0.51, "epsdiluted": 0.51, "weightedAverageShsOut": 89671112, "weightedAverageShsOutDil": 89671112, "link": "", "finalLink": "", "calculatedOtherExpenses": -70100000, "calculatedOperatingExpenses": -47000000, "calculatedNetInterest": 90900000, "calculatedOtherIncome": -198800000, "calculatedIncomeNonControlling": 0, "calculatedEbitda": 155900000}, {"date": "1990-12-31", "symbol": "VLYPO", "reportedCurrency": "USD", "cik": "0000714310", "fillingDate": "1990-12-31", "acceptedDate": "1990-12-30 19:00:00", "calendarYear": "1990", "period": "FY", "revenue": 88500000, "costOfRevenue": 0, "grossProfit": 88500000, "grossProfitRatio": 1, "researchAndDevelopmentExpenses": 0, "generalAndAdministrativeExpenses": 19000000, "sellingAndMarketingExpenses": 0, "sellingGeneralAndAdministrativeExpenses": 19000000, "otherExpenses": 25900000, "operatingExpenses": 44900000, "costAndExpenses": 44900000, "interestIncome": 174200000, "interestExpense": 96000000, "depreciationAndAmortization": 4200000, "ebitda": 137600000, "ebitdaratio": 1.5548022599, "operatingIncome": 133400000, "operatingIncomeRatio": 1.5073446328, "totalOtherIncomeExpensesNet": -96000000, "incomeBeforeTax": 37400000, "incomeBeforeTaxRatio": 0.4225988701, "incomeTaxExpense": 10300000, "netIncome": 27100000, "netIncomeRatio": 0.3062146893, "eps": 0.3, "epsdiluted": 0.3, "weightedAverageShsOut": 89749252, "weightedAverageShsOutDil": 89749252, "link": "", "finalLink": "", "calculatedOtherExpenses": -63900000, "calculatedOperatingExpenses": -44900000, "calculatedNetInterest": 78200000, "calculatedOtherIncome": -174200000, "calculatedIncomeNonControlling": 0, "calculatedEbitda": 137600000}, {"date": "1989-12-31", "symbol": "VLYPO", "reportedCurrency": "USD", "cik": "0000714310", "fillingDate": "1989-12-31", "acceptedDate": "1989-12-30 19:00:00", "calendarYear": "1989", "period": "FY", "revenue": 83400000, "costOfRevenue": 0, "grossProfit": 83400000, "grossProfitRatio": 1, "researchAndDevelopmentExpenses": 0, "generalAndAdministrativeExpenses": 18400000, "sellingAndMarketingExpenses": 0, "sellingGeneralAndAdministrativeExpenses": 18400000, "otherExpenses": 35300000, "operatingExpenses": 53700000, "costAndExpenses": 53700000, "interestIncome": 166000000, "interestExpense": 91400000, "depreciationAndAmortization": 3200000, "ebitda": 140300000, "ebitdaratio": 1.6822541966, "operatingIncome": 137100000, "operatingIncomeRatio": 1.6438848921, "totalOtherIncomeExpensesNet": -91400000, "incomeBeforeTax": 45700000, "incomeBeforeTaxRatio": 0.5479616307, "incomeTaxExpense": 11800000, "netIncome": 33900000, "netIncomeRatio": 0.4064748201, "eps": 0.38, "epsdiluted": 0.38, "weightedAverageShsOut": 89815733, "weightedAverageShsOutDil": 89815733, "link": "", "finalLink": "", "calculatedOtherExpenses": -72100000, "calculatedOperatingExpenses": -53700000, "calculatedNetInterest": 74600000, "calculatedOtherIncome": -166000000, "calculatedIncomeNonControlling": 0, "calculatedEbitda": 140300000}, {"date": "1988-12-31", "symbol": "VLYPO", "reportedCurrency": "USD", "cik": "0000714310", "fillingDate": "1988-12-31", "acceptedDate": "1988-12-30 19:00:00", "calendarYear": "1988", "period": "FY", "revenue": 0, "costOfRevenue": 0, "grossProfit": 0, "grossProfitRatio": 0, "researchAndDevelopmentExpenses": 0, "generalAndAdministrativeExpenses": 0, "sellingAndMarketingExpenses": 0, "sellingGeneralAndAdministrativeExpenses": 0, "otherExpenses": 32300000, "operatingExpenses": 32300000, "costAndExpenses": 32300000, "interestIncome": 0, "interestExpense": 0, "depreciationAndAmortization": 0, "ebitda": 32300000, "ebitdaratio": 0, "operatingIncome": 32300000, "operatingIncomeRatio": 0, "totalOtherIncomeExpensesNet": 0, "incomeBeforeTax": 0, "incomeBeforeTaxRatio": 0, "incomeTaxExpense": -32300000, "netIncome": 32300000, "netIncomeRatio": 0, "eps": 0.36, "epsdiluted": 0.36, "weightedAverageShsOut": 89802722, "weightedAverageShsOutDil": 89802722, "link": "", "finalLink": "", "calculatedOtherExpenses": -32300000, "calculatedOperatingExpenses": -32300000, "calculatedNetInterest": 0, "calculatedOtherIncome": -32300000, "calculatedIncomeNonControlling": 0, "calculatedEbitda": 32300000}, {"date": "1987-12-31", "symbol": "VLYPO", "reportedCurrency": "USD", "cik": "0000714310", "fillingDate": "1987-12-31", "acceptedDate": "1987-12-30 19:00:00", "calendarYear": "1987", "period": "FY", "revenue": 0, "costOfRevenue": 0, "grossProfit": 0, "grossProfitRatio": 0, "researchAndDevelopmentExpenses": 0, "generalAndAdministrativeExpenses": 0, "sellingAndMarketingExpenses": 0, "sellingGeneralAndAdministrativeExpenses": 0, "otherExpenses": 30400000, "operatingExpenses": 30400000, "costAndExpenses": 30400000, "interestIncome": 0, "interestExpense": 0, "depreciationAndAmortization": 0, "ebitda": 30400000, "ebitdaratio": 0, "operatingIncome": 30400000, "operatingIncomeRatio": 0, "totalOtherIncomeExpensesNet": 0, "incomeBeforeTax": 0, "incomeBeforeTaxRatio": 0, "incomeTaxExpense": -30400000, "netIncome": 30400000, "netIncomeRatio": 0, "eps": 0.33, "epsdiluted": 0.33, "weightedAverageShsOut": 91281725, "weightedAverageShsOutDil": 91281725, "link": "", "finalLink": "", "calculatedOtherExpenses": -30400000, "calculatedOperatingExpenses": -30400000, "calculatedNetInterest": 0, "calculatedOtherIncome": -30400000, "calculatedIncomeNonControlling": 0, "calculatedEbitda": 30400000}, {"date": "1986-12-31", "symbol": "VLYPO", "reportedCurrency": "USD", "cik": "0000714310", "fillingDate": "1986-12-31", "acceptedDate": "1986-12-30 19:00:00", "calendarYear": "1986", "period": "FY", "revenue": 0, "costOfRevenue": 0, "grossProfit": 0, "grossProfitRatio": 0, "researchAndDevelopmentExpenses": 0, "generalAndAdministrativeExpenses": 0, "sellingAndMarketingExpenses": 0, "sellingGeneralAndAdministrativeExpenses": 0, "otherExpenses": 28500000, "operatingExpenses": 28500000, "costAndExpenses": 28500000, "interestIncome": 0, "interestExpense": 0, "depreciationAndAmortization": 0, "ebitda": 28500000, "ebitdaratio": 0, "operatingIncome": 28500000, "operatingIncomeRatio": 0, "totalOtherIncomeExpensesNet": 0, "incomeBeforeTax": 0, "incomeBeforeTaxRatio": 0, "incomeTaxExpense": -28500000, "netIncome": 28500000, "netIncomeRatio": 0, "eps": 0.32, "epsdiluted": 0.32, "weightedAverageShsOut": 90397445, "weightedAverageShsOutDil": 90397445, "link": "", "finalLink": "", "calculatedOtherExpenses": -28500000, "calculatedOperatingExpenses": -28500000, "calculatedNetInterest": 0, "calculatedOtherIncome": -28500000, "calculatedIncomeNonControlling": 0, "calculatedEbitda": 28500000}, {"date": "1985-12-31", "symbol": "VLYPO", "reportedCurrency": "USD", "cik": "0000714310", "fillingDate": "1985-12-31", "acceptedDate": "1985-12-30 19:00:00", "calendarYear": "1985", "period": "FY", "revenue": 0, "costOfRevenue": 0, "grossProfit": 0, "grossProfitRatio": 0, "researchAndDevelopmentExpenses": 0, "generalAndAdministrativeExpenses": 0, "sellingAndMarketingExpenses": 0, "sellingGeneralAndAdministrativeExpenses": 0, "otherExpenses": 23300000, "operatingExpenses": 23300000, "costAndExpenses": 23300000, "interestIncome": 0, "interestExpense": 0, "depreciationAndAmortization": 0, "ebitda": 23300000, "ebitdaratio": 0, "operatingIncome": 23300000, "operatingIncomeRatio": 0, "totalOtherIncomeExpensesNet": 0, "incomeBeforeTax": 0, "incomeBeforeTaxRatio": 0, "incomeTaxExpense": -23300000, "netIncome": 23300000, "netIncomeRatio": 0, "eps": 0.26, "epsdiluted": 0.26, "weightedAverageShsOut": 88935665, "weightedAverageShsOutDil": 88935665, "link": "", "finalLink": "", "calculatedOtherExpenses": -23300000, "calculatedOperatingExpenses": -23300000, "calculatedNetInterest": 0, "calculatedOtherIncome": -23300000, "calculatedIncomeNonControlling": 0, "calculatedEbitda": 23300000}]}