{"originalCurrency": "USD", "convertedCurrency": "USD", "report": [{"date": "2023-12-31", "symbol": "VMC", "reportedCurrency": "USD", "cik": "0001396009", "fillingDate": "2024-02-22", "acceptedDate": "2024-02-22 14:36:22", "calendarYear": "2023", "period": "FY", "revenue": 7781900000, "costOfRevenue": 5833400000, "grossProfit": 1948500000, "grossProfitRatio": 0.2503887225, "researchAndDevelopmentExpenses": 0, "generalAndAdministrativeExpenses": 0, "sellingAndMarketingExpenses": 0, "sellingGeneralAndAdministrativeExpenses": 542800000, "otherExpenses": -2700000, "operatingExpenses": 542800000, "costAndExpenses": 6376200000, "interestIncome": 16500000, "interestExpense": 179600000, "depreciationAndAmortization": 617000000, "ebitda": 2022700000, "ebitdaratio": 0.259923669, "operatingIncome": 1405700000, "operatingIncomeRatio": 0.1806371195, "totalOtherIncomeExpensesNet": -160600000, "incomeBeforeTax": 1245100000, "incomeBeforeTaxRatio": 0.159999486, "incomeTaxExpense": 299400000, "netIncome": 933200000, "netIncomeRatio": 0.1199192999, "eps": 7.02, "epsdiluted": 6.98, "weightedAverageShsOut": 133000000, "weightedAverageShsOutDil": 133699999, "link": "https://www.sec.gov/Archives/edgar/data/1396009/000139600924000006/0001396009-24-000006-index.htm", "finalLink": "https://www.sec.gov/Archives/edgar/data/1396009/000139600924000006/vmc-20231231x10k.htm", "calculatedOtherExpenses": 0, "calculatedOperatingExpenses": 542800000, "calculatedNetInterest": -163100000, "calculatedOtherIncome": 2500000, "calculatedIncomeNonControlling": 12500000, "calculatedEbitda": 2022700000}, {"date": "2022-12-31", "symbol": "VMC", "reportedCurrency": "USD", "cik": "0001396009", "fillingDate": "2023-02-24", "acceptedDate": "2023-02-24 11:43:25", "calendarYear": "2022", "period": "FY", "revenue": 7315200000, "costOfRevenue": 5757500000, "grossProfit": 1557700000, "grossProfitRatio": 0.2129401794, "researchAndDevelopmentExpenses": 0, "generalAndAdministrativeExpenses": 0, "sellingAndMarketingExpenses": 0, "sellingGeneralAndAdministrativeExpenses": 515100000, "otherExpenses": 34000000, "operatingExpenses": 549100000, "costAndExpenses": 6306600000, "interestIncome": 800000, "interestExpense": 168400000, "depreciationAndAmortization": 649800000, "ebitda": 1601200000, "ebitdaratio": 0.2188867017, "operatingIncome": 951400000, "operatingIncomeRatio": 0.1300579615, "totalOtherIncomeExpensesNet": -163300000, "incomeBeforeTax": 788100000, "incomeBeforeTaxRatio": 0.1077345801, "incomeTaxExpense": 193000000, "netIncome": 575600000, "netIncomeRatio": 0.0786854768, "eps": 4.33, "epsdiluted": 4.31, "weightedAverageShsOut": 133000000, "weightedAverageShsOutDil": 133600000, "link": "https://www.sec.gov/Archives/edgar/data/1396009/000139600923000007/0001396009-23-000007-index.htm", "finalLink": "https://www.sec.gov/Archives/edgar/data/1396009/000139600923000007/vmc-20221231x10k.htm", "calculatedOtherExpenses": 91200000, "calculatedOperatingExpenses": 606300000, "calculatedNetInterest": -167600000, "calculatedOtherIncome": 4300000, "calculatedIncomeNonControlling": 19500000, "calculatedEbitda": 1601200000}, {"date": "2021-12-31", "symbol": "VMC", "reportedCurrency": "USD", "cik": "0001396009", "fillingDate": "2022-02-25", "acceptedDate": "2022-02-25 09:37:54", "calendarYear": "2021", "period": "FY", "revenue": 5552200000, "costOfRevenue": 4178800000, "grossProfit": 1373400000, "grossProfitRatio": 0.2473614063, "researchAndDevelopmentExpenses": 0, "generalAndAdministrativeExpenses": 0, "sellingAndMarketingExpenses": 0, "sellingGeneralAndAdministrativeExpenses": 417600000, "otherExpenses": 65100000, "operatingExpenses": 482700000, "costAndExpenses": 4661500000, "interestIncome": 1600000, "interestExpense": 147700000, "depreciationAndAmortization": 353600000, "ebitda": 1364400000, "ebitdaratio": 0.2457404272, "operatingIncome": 1010800000, "operatingIncomeRatio": 0.1820539606, "totalOtherIncomeExpensesNet": -137000000, "incomeBeforeTax": 873800000, "incomeBeforeTaxRatio": 0.157379057, "incomeTaxExpense": 200100000, "netIncome": 670800000, "netIncomeRatio": 0.1208169735, "eps": 5.05, "epsdiluted": 5.02, "weightedAverageShsOut": 132800000, "weightedAverageShsOutDil": 133500000, "link": "https://www.sec.gov/Archives/edgar/data/1396009/000139600922000010/0001396009-22-000010-index.htm", "finalLink": "https://www.sec.gov/Archives/edgar/data/1396009/000139600922000010/vmc-20211231x10k.htm", "calculatedOtherExpenses": -55000000, "calculatedOperatingExpenses": 362600000, "calculatedNetInterest": -146100000, "calculatedOtherIncome": 9100000, "calculatedIncomeNonControlling": 2900000, "calculatedEbitda": 1364400000}, {"date": "2020-12-31", "symbol": "VMC", "reportedCurrency": "USD", "cik": "0001396009", "fillingDate": "2021-02-25", "acceptedDate": "2021-02-25 10:20:58", "calendarYear": "2020", "period": "FY", "revenue": 4856826000, "costOfRevenue": 3575345000, "grossProfit": 1281481000, "grossProfitRatio": 0.263851536, "researchAndDevelopmentExpenses": 0, "generalAndAdministrativeExpenses": 0, "sellingAndMarketingExpenses": 0, "sellingGeneralAndAdministrativeExpenses": 359772000, "otherExpenses": 29975000, "operatingExpenses": 389747000, "costAndExpenses": 3965092000, "interestIncome": 1567000, "interestExpense": 134393000, "depreciationAndAmortization": 375269000, "ebitda": 1271000000, "ebitdaratio": 0.2616935422, "operatingIncome": 895731000, "operatingIncomeRatio": 0.184427237, "totalOtherIncomeExpensesNet": -151933000, "incomeBeforeTax": 743798000, "incomeBeforeTaxRatio": 0.1531448728, "incomeTaxExpense": 155803000, "netIncome": 584500000, "netIncomeRatio": 0.1203460861, "eps": 4.41, "epsdiluted": 4.39, "weightedAverageShsOut": 132578000, "weightedAverageShsOutDil": 133245000, "link": "https://www.sec.gov/Archives/edgar/data/1396009/000139600921000009/0001396009-21-000009-index.htm", "finalLink": "https://www.sec.gov/Archives/edgar/data/1396009/000139600921000009/vmc-20201231x10k.htm", "calculatedOtherExpenses": 25978000, "calculatedOperatingExpenses": 385750000, "calculatedNetInterest": -132826000, "calculatedOtherIncome": -19107000, "calculatedIncomeNonControlling": 3495000, "calculatedEbitda": 1271000000}, {"date": "2019-12-31", "symbol": "VMC", "reportedCurrency": "USD", "cik": "0001396009", "fillingDate": "2020-02-26", "acceptedDate": "2020-02-26 10:00:36", "calendarYear": "2019", "period": "FY", "revenue": 4929103000, "costOfRevenue": 3673202000, "grossProfit": 1255901000, "grossProfitRatio": 0.254793012, "researchAndDevelopmentExpenses": 0, "generalAndAdministrativeExpenses": 0, "sellingAndMarketingExpenses": 0, "sellingGeneralAndAdministrativeExpenses": 370548000, "otherExpenses": 31647000, "operatingExpenses": 402195000, "costAndExpenses": 4075397000, "interestIncome": 1155000, "interestExpense": 129000000, "depreciationAndAmortization": 360087000, "ebitda": 1237545000, "ebitdaratio": 0.2510690079, "operatingIncome": 877458000, "operatingIncomeRatio": 0.1780157566, "totalOtherIncomeExpensesNet": -119757000, "incomeBeforeTax": 757701000, "incomeBeforeTaxRatio": 0.1537198553, "incomeTaxExpense": 135198000, "netIncome": 617662000, "netIncomeRatio": 0.1253092094, "eps": 4.67, "epsdiluted": 4.63, "weightedAverageShsOut": 132300000, "weightedAverageShsOutDil": 133384999, "link": "https://www.sec.gov/Archives/edgar/data/1396009/000139600920000006/0001396009-20-000006-index.htm", "finalLink": "https://www.sec.gov/Archives/edgar/data/1396009/000139600920000006/vmc-20191231x10k.htm", "calculatedOtherExpenses": 7895000, "calculatedOperatingExpenses": 378443000, "calculatedNetInterest": -127845000, "calculatedOtherIncome": 8088000, "calculatedIncomeNonControlling": 4841000, "calculatedEbitda": 1237545000}, {"date": "2018-12-31", "symbol": "VMC", "reportedCurrency": "USD", "cik": "0001396009", "fillingDate": "2019-02-26", "acceptedDate": "2019-02-26 10:27:58", "calendarYear": "2018", "period": "FY", "revenue": 4382869000, "costOfRevenue": 3281924000, "grossProfit": 1100945000, "grossProfitRatio": 0.2511927689, "researchAndDevelopmentExpenses": 0, "generalAndAdministrativeExpenses": 333371000, "sellingAndMarketingExpenses": 0, "sellingGeneralAndAdministrativeExpenses": 333371000, "otherExpenses": 13000000, "operatingExpenses": 368176000, "costAndExpenses": 3650100000, "interestIncome": 554000, "interestExpense": 137423000, "depreciationAndAmortization": 346246000, "ebitda": 1092015000, "ebitdaratio": 0.2491552907, "operatingIncome": 747713000, "operatingIncomeRatio": 0.1705989844, "totalOtherIncomeExpensesNet": 27944000, "incomeBeforeTax": 623290000, "incomeBeforeTaxRatio": 0.1422105018, "incomeTaxExpense": 105449000, "netIncome": 515805000, "netIncomeRatio": 0.1176866112, "eps": 3.9, "epsdiluted": 3.85, "weightedAverageShsOut": 132393000, "weightedAverageShsOutDil": 133926000, "link": "https://www.sec.gov/Archives/edgar/data/1396009/000139600919000021/0001396009-19-000021-index.htm", "finalLink": "https://www.sec.gov/Archives/edgar/data/1396009/000139600919000021/vmc-20181231x10k.htm", "calculatedOtherExpenses": 19861000, "calculatedOperatingExpenses": 353232000, "calculatedNetInterest": -136869000, "calculatedOtherIncome": 12446000, "calculatedIncomeNonControlling": 2036000, "calculatedEbitda": 1093959000}, {"date": "2017-12-31", "symbol": "VMC", "reportedCurrency": "USD", "cik": "0001396009", "fillingDate": "2018-02-27", "acceptedDate": "2018-02-27 10:53:25", "calendarYear": "2017", "period": "FY", "revenue": 3890296000, "costOfRevenue": 2889735000, "grossProfit": 1000561000, "grossProfitRatio": 0.2571940541, "researchAndDevelopmentExpenses": 0, "generalAndAdministrativeExpenses": 323918000, "sellingAndMarketingExpenses": 0, "sellingGeneralAndAdministrativeExpenses": 323918000, "otherExpenses": 5293000, "operatingExpenses": 371280000, "costAndExpenses": 3261015000, "interestIncome": 4437000, "interestExpense": 291085000, "depreciationAndAmortization": 305965000, "ebitda": 940539000, "ebitdaratio": 0.2417654081, "operatingIncome": 647108000, "operatingIncomeRatio": 0.1663390138, "totalOtherIncomeExpensesNet": 23120000, "incomeBeforeTax": 361316000, "incomeBeforeTaxRatio": 0.0928762233, "incomeTaxExpense": -232075000, "netIncome": 601185000, "netIncomeRatio": 0.1545345136, "eps": 4.54, "epsdiluted": 4.46, "weightedAverageShsOut": 132513000, "weightedAverageShsOutDil": 134878000, "link": "https://www.sec.gov/Archives/edgar/data/1396009/000139600918000011/0001396009-18-000011-index.htm", "finalLink": "https://www.sec.gov/Archives/edgar/data/1396009/000139600918000011/vmc-20171231x10k.htm", "calculatedOtherExpenses": 29535000, "calculatedOperatingExpenses": 353453000, "calculatedNetInterest": -286648000, "calculatedOtherIncome": 856000, "calculatedIncomeNonControlling": -7794000, "calculatedEbitda": 953073000}, {"date": "2016-12-31", "symbol": "VMC", "reportedCurrency": "USD", "cik": "0001396009", "fillingDate": "2017-02-24", "acceptedDate": "2017-02-24 11:20:42", "calendarYear": "2016", "period": "FY", "revenue": 3592667000, "costOfRevenue": 2591850000, "grossProfit": 1000817000, "grossProfitRatio": 0.2785721582, "researchAndDevelopmentExpenses": 0, "generalAndAdministrativeExpenses": 314986000, "sellingAndMarketingExpenses": 0, "sellingGeneralAndAdministrativeExpenses": 314986000, "otherExpenses": 944000, "operatingExpenses": 337812000, "costAndExpenses": 2929662000, "interestIncome": 807000, "interestExpense": 133269000, "depreciationAndAmortization": 284940000, "ebitda": 948889000, "ebitdaratio": 0.264118272, "operatingIncome": 679582000, "operatingIncomeRatio": 0.1891580823, "totalOtherIncomeExpensesNet": 17521000, "incomeBeforeTax": 547257000, "incomeBeforeTaxRatio": 0.1523261132, "incomeTaxExpense": 124851000, "netIncome": 419491000, "netIncomeRatio": 0.1167631178, "eps": 3.15, "epsdiluted": 3.09, "weightedAverageShsOut": 133205000, "weightedAverageShsOutDil": 135790000, "link": "https://www.sec.gov/Archives/edgar/data/1396009/000139600917000005/0001396009-17-000005-index.htm", "finalLink": "https://www.sec.gov/Archives/edgar/data/1396009/000139600917000005/vmc-20161231x10k.htm", "calculatedOtherExpenses": 6249000, "calculatedOperatingExpenses": 321235000, "calculatedNetInterest": -132462000, "calculatedOtherIncome": 137000, "calculatedIncomeNonControlling": 2915000, "calculatedEbitda": 964522000}, {"date": "2015-12-31", "symbol": "VMC", "reportedCurrency": "USD", "cik": "0001396009", "fillingDate": "2016-02-25", "acceptedDate": "2016-02-25 10:19:57", "calendarYear": "2015", "period": "FY", "revenue": 3422181000, "costOfRevenue": 2564648000, "grossProfit": 857533000, "grossProfitRatio": 0.250580843, "researchAndDevelopmentExpenses": 0, "generalAndAdministrativeExpenses": 286844000, "sellingAndMarketingExpenses": 0, "sellingGeneralAndAdministrativeExpenses": 286844000, "otherExpenses": -1678000, "operatingExpenses": 312694000, "costAndExpenses": 2877342000, "interestIncome": 345000, "interestExpense": 220243000, "depreciationAndAmortization": 274823000, "ebitda": 817984000, "ebitdaratio": 0.2390241779, "operatingIncome": 549778000, "operatingIncomeRatio": 0.1606513507, "totalOtherIncomeExpensesNet": 3261000, "incomeBeforeTax": 327857000, "incomeBeforeTaxRatio": 0.0958035241, "incomeTaxExpense": 94943000, "netIncome": 221177000, "netIncomeRatio": 0.0646304214, "eps": 1.66, "epsdiluted": 1.64, "weightedAverageShsOut": 133210000, "weightedAverageShsOutDil": 135093000, "link": "https://www.sec.gov/Archives/edgar/data/1396009/000139600916000044/0001396009-16-000044-index.htm", "finalLink": "https://www.sec.gov/Archives/edgar/data/1396009/000139600916000044/vmc-20151231x10k.htm", "calculatedOtherExpenses": 20911000, "calculatedOperatingExpenses": 307755000, "calculatedNetInterest": -219898000, "calculatedOtherIncome": -2023000, "calculatedIncomeNonControlling": 11737000, "calculatedEbitda": 824601000}, {"date": "2014-12-31", "symbol": "VMC", "reportedCurrency": "USD", "cik": "0001396009", "fillingDate": "2015-02-27", "acceptedDate": "2015-02-26 17:33:54", "calendarYear": "2014", "period": "FY", "revenue": 2994169000, "costOfRevenue": 2406587000, "grossProfit": 587582000, "grossProfitRatio": 0.1962420959, "researchAndDevelopmentExpenses": 0, "generalAndAdministrativeExpenses": 272288000, "sellingAndMarketingExpenses": 0, "sellingGeneralAndAdministrativeExpenses": 272288000, "otherExpenses": 3107000, "operatingExpenses": 292358000, "costAndExpenses": 2698945000, "interestIncome": 960000, "interestExpense": 242407000, "depreciationAndAmortization": 279497000, "ebitda": 577828000, "ebitdaratio": 0.1929844307, "operatingIncome": 538138000, "operatingIncomeRatio": 0.179728666, "totalOtherIncomeExpensesNet": 246021000, "incomeBeforeTax": 298838000, "incomeBeforeTaxRatio": 0.0998066575, "incomeTaxExpense": 91692000, "netIncome": 204923000, "netIncomeRatio": 0.0684406926, "eps": 1.56, "epsdiluted": 1.54, "weightedAverageShsOut": 131461000, "weightedAverageShsOutDil": 132991000, "link": "https://www.sec.gov/Archives/edgar/data/1396009/000139600915000005/0001396009-15-000005-index.htm", "finalLink": "https://www.sec.gov/Archives/edgar/data/1396009/000139600915000005/vmc-20141231x10k.htm", "calculatedOtherExpenses": -222844000, "calculatedOperatingExpenses": 49444000, "calculatedNetInterest": -241447000, "calculatedOtherIncome": 2147000, "calculatedIncomeNonControlling": 2223000, "calculatedEbitda": 817635000}, {"date": "2013-12-31", "symbol": "VMC", "reportedCurrency": "USD", "cik": "0001396009", "fillingDate": "2014-02-26", "acceptedDate": "2014-02-26 17:10:58", "calendarYear": "2013", "period": "FY", "revenue": 2770709000, "costOfRevenue": 2343829000, "grossProfit": 426880000, "grossProfitRatio": 0.1540688683, "researchAndDevelopmentExpenses": 0, "generalAndAdministrativeExpenses": 259427000, "sellingAndMarketingExpenses": 0, "sellingGeneralAndAdministrativeExpenses": 259427000, "otherExpenses": 7538000, "operatingExpenses": 274217000, "costAndExpenses": 2618046000, "interestIncome": 943000, "interestExpense": 201645000, "depreciationAndAmortization": 305112000, "ebitda": 465313000, "ebitdaratio": 0.1679400471, "operatingIncome": 190404000, "operatingIncomeRatio": 0.0687203167, "totalOtherIncomeExpensesNet": 45279000, "incomeBeforeTax": -3703000, "incomeBeforeTaxRatio": -0.001336481, "incomeTaxExpense": -24459000, "netIncome": 24382000, "netIncomeRatio": 0.0087999137, "eps": 0.19, "epsdiluted": 0.19, "weightedAverageShsOut": 130272000, "weightedAverageShsOutDil": 131467000, "link": "https://www.sec.gov/Archives/edgar/data/1396009/000139600914000006/0001396009-14-000006-index.htm", "finalLink": "https://www.sec.gov/Archives/edgar/data/1396009/000139600914000006/vmc-20131231x10k.htm", "calculatedOtherExpenses": -22951000, "calculatedOperatingExpenses": 236476000, "calculatedNetInterest": -200702000, "calculatedOtherIncome": 6595000, "calculatedIncomeNonControlling": -3626000, "calculatedEbitda": 495516000}, {"date": "2012-12-31", "symbol": "VMC", "reportedCurrency": "USD", "cik": "0001396009", "fillingDate": "2013-02-28", "acceptedDate": "2013-02-28 16:07:38", "calendarYear": "2012", "period": "FY", "revenue": 2567310000, "costOfRevenue": 2233284000, "grossProfit": 334026000, "grossProfitRatio": 0.1301073887, "researchAndDevelopmentExpenses": 0, "generalAndAdministrativeExpenses": 259140000, "sellingAndMarketingExpenses": 0, "sellingGeneralAndAdministrativeExpenses": 259140000, "otherExpenses": 6727000, "operatingExpenses": 308143000, "costAndExpenses": 2541427000, "interestIncome": 1141000, "interestExpense": 211926000, "depreciationAndAmortization": 331959000, "ebitda": 364569000, "ebitdaratio": 0.1420042769, "operatingIncome": 84781000, "operatingIncomeRatio": 0.0330232812, "totalOtherIncomeExpensesNet": 65625000, "incomeBeforeTax": -120418000, "incomeBeforeTaxRatio": -0.0469043474, "incomeTaxExpense": -66492000, "netIncome": -52593000, "netIncomeRatio": -0.0204856445, "eps": -0.41, "epsdiluted": -0.41, "weightedAverageShsOut": 128395238, "weightedAverageShsOutDil": 129745000, "link": "https://www.sec.gov/Archives/edgar/data/1396009/000119312513084128/0001193125-13-084128-index.htm", "finalLink": "https://www.sec.gov/Archives/edgar/data/1396009/000119312513084128/d451546d10k.htm", "calculatedOtherExpenses": -9895000, "calculatedOperatingExpenses": 249245000, "calculatedNetInterest": -210785000, "calculatedOtherIncome": 5586000, "calculatedIncomeNonControlling": -1333000, "calculatedEbitda": 416740000}, {"date": "2011-12-31", "symbol": "VMC", "reportedCurrency": "USD", "cik": "0001396009", "fillingDate": "2012-02-29", "acceptedDate": "2012-02-29 16:58:37", "calendarYear": "2011", "period": "FY", "revenue": 2564550000, "costOfRevenue": 2280681000, "grossProfit": 283869000, "grossProfitRatio": 0.1106895947, "researchAndDevelopmentExpenses": 0, "generalAndAdministrativeExpenses": 289993000, "sellingAndMarketingExpenses": 0, "sellingGeneralAndAdministrativeExpenses": 289993000, "otherExpenses": 2227000, "operatingExpenses": 252979000, "costAndExpenses": 2533660000, "interestIncome": 3444000, "interestExpense": 217184000, "depreciationAndAmortization": 361719000, "ebitda": 392609000, "ebitdaratio": 0.1530907957, "operatingIncome": 63444000, "operatingIncomeRatio": 0.0247388431, "totalOtherIncomeExpensesNet": 32556000, "incomeBeforeTax": -153738000, "incomeBeforeTaxRatio": -0.0599473592, "incomeTaxExpense": -78483000, "netIncome": -70778000, "netIncomeRatio": -0.027598604, "eps": -0.55, "epsdiluted": -0.55, "weightedAverageShsOut": 129381000, "weightedAverageShsOutDil": 129381000, "link": "https://www.sec.gov/Archives/edgar/data/1396009/000119312512089430/0001193125-12-089430-index.htm", "finalLink": "https://www.sec.gov/Archives/edgar/data/1396009/000119312512089430/d257544d10k.htm", "calculatedOtherExpenses": -69568000, "calculatedOperatingExpenses": 220425000, "calculatedNetInterest": -213740000, "calculatedOtherIncome": -3442000, "calculatedIncomeNonControlling": -4477000, "calculatedEbitda": 425163000}, {"date": "2010-12-31", "symbol": "VMC", "reportedCurrency": "USD", "cik": "0001396009", "fillingDate": "2011-02-28", "acceptedDate": "2011-02-28 15:32:28", "calendarYear": "2010", "period": "FY", "revenue": 2558862000, "costOfRevenue": 2258136000, "grossProfit": 300726000, "grossProfitRatio": 0.1175233365, "researchAndDevelopmentExpenses": 0, "generalAndAdministrativeExpenses": 367537000, "sellingAndMarketingExpenses": 0, "sellingGeneralAndAdministrativeExpenses": 367537000, "otherExpenses": 0, "operatingExpenses": 367537000, "costAndExpenses": 2625673000, "interestIncome": 863000, "interestExpense": 181603000, "depreciationAndAmortization": 382093000, "ebitda": 316145000, "ebitdaratio": 0.123549062, "operatingIncome": -14540000, "operatingIncomeRatio": -0.0056822134, "totalOtherIncomeExpensesNet": 55345000, "incomeBeforeTax": -192206000, "incomeBeforeTaxRatio": -0.0751138592, "incomeTaxExpense": -89663000, "netIncome": -96490000, "netIncomeRatio": -0.0377081687, "eps": -0.75, "epsdiluted": -0.75, "weightedAverageShsOut": 128050000, "weightedAverageShsOutDil": 128050000, "link": "https://www.sec.gov/Archives/edgar/data/1396009/000095012311019699/0000950123-11-019699-index.htm", "finalLink": "https://www.sec.gov/Archives/edgar/data/1396009/000095012311019699/g24488e10vk.htm", "calculatedOtherExpenses": -52271000, "calculatedOperatingExpenses": 315266000, "calculatedNetInterest": -180740000, "calculatedOtherIncome": 3074000, "calculatedIncomeNonControlling": -6053000, "calculatedEbitda": 367553000}, {"date": "2009-12-31", "symbol": "VMC", "reportedCurrency": "USD", "cik": "0001396009", "fillingDate": "2010-02-26", "acceptedDate": "2010-02-26 17:25:32", "calendarYear": "2009", "period": "FY", "revenue": 2690490000, "costOfRevenue": 2244528000, "grossProfit": 445962000, "grossProfitRatio": 0.1657549368, "researchAndDevelopmentExpenses": 0, "generalAndAdministrativeExpenses": 321608000, "sellingAndMarketingExpenses": 0, "sellingGeneralAndAdministrativeExpenses": 321608000, "otherExpenses": -24098000, "operatingExpenses": 297510000, "costAndExpenses": 2542038000, "interestIncome": 2282000, "interestExpense": 175262000, "depreciationAndAmortization": 394612000, "ebitda": 545346000, "ebitdaratio": 0.2026939331, "operatingIncome": 148452000, "operatingIncomeRatio": 0.0551765664, "totalOtherIncomeExpensesNet": 5307000, "incomeBeforeTax": -19221000, "incomeBeforeTaxRatio": -0.0071440518, "incomeTaxExpense": -37869000, "netIncome": 30314000, "netIncomeRatio": 0.0112670926, "eps": 0.25, "epsdiluted": 0.25, "weightedAverageShsOut": 118891000, "weightedAverageShsOutDil": 119430000, "link": "https://www.sec.gov/Archives/edgar/data/1396009/000095012310018400/0000950123-10-018400-index.htm", "finalLink": "https://www.sec.gov/Archives/edgar/data/1396009/000095012310018400/g21744e10vk.htm", "calculatedOtherExpenses": -24098000, "calculatedOperatingExpenses": 297510000, "calculatedNetInterest": -172980000, "calculatedOtherIncome": 5307000, "calculatedIncomeNonControlling": -11666000, "calculatedEbitda": 543064000}, {"date": "2008-12-31", "symbol": "VMC", "reportedCurrency": "USD", "cik": "0001396009", "fillingDate": "2009-03-02", "acceptedDate": "2009-03-02 15:25:25", "calendarYear": "2008", "period": "FY", "revenue": 3651438000, "costOfRevenue": 2901726000, "grossProfit": 749712000, "grossProfitRatio": 0.2053196576, "researchAndDevelopmentExpenses": 0, "generalAndAdministrativeExpenses": 342584000, "sellingAndMarketingExpenses": 0, "sellingGeneralAndAdministrativeExpenses": 342584000, "otherExpenses": -94638000, "operatingExpenses": 247946000, "costAndExpenses": 3149672000, "interestIncome": 0, "interestExpense": 0, "depreciationAndAmortization": 389060000, "ebitda": 1305873000, "ebitdaratio": 0.3576325272, "operatingIncome": 249102000, "operatingIncomeRatio": 0.0682202464, "totalOtherIncomeExpensesNet": -415047000, "incomeBeforeTax": 75058000, "incomeBeforeTaxRatio": 0.0205557372, "incomeTaxExpense": 76724000, "netIncome": -4115000, "netIncomeRatio": -0.0011269533, "eps": -0.0375, "epsdiluted": -0.0371, "weightedAverageShsOut": 109774000, "weightedAverageShsOutDil": 110954000, "link": "https://www.sec.gov/Archives/edgar/data/1396009/000095014409001772/0000950144-09-001772-index.htm", "finalLink": "https://www.sec.gov/Archives/edgar/data/1396009/000095014409001772/g17356e10vk.htm", "calculatedOtherExpenses": 158026000, "calculatedOperatingExpenses": 500610000, "calculatedNetInterest": 0, "calculatedOtherIncome": -174044000, "calculatedIncomeNonControlling": 2449000, "calculatedEbitda": 638162000}, {"date": "2007-12-31", "symbol": "VMC", "reportedCurrency": "USD", "cik": "0001396009", "fillingDate": "2008-02-29", "acceptedDate": "2008-02-29 12:50:40", "calendarYear": "2007", "period": "FY", "revenue": 3327787000, "costOfRevenue": 2376884000, "grossProfit": 950903000, "grossProfitRatio": 0.2857463534, "researchAndDevelopmentExpenses": 0, "generalAndAdministrativeExpenses": 0, "sellingAndMarketingExpenses": 0, "sellingGeneralAndAdministrativeExpenses": 289604000, "otherExpenses": -53118000, "operatingExpenses": 236486000, "costAndExpenses": 2613370000, "interestIncome": 0, "interestExpense": 0, "depreciationAndAmortization": 271475000, "ebitda": 937945000, "ebitdaratio": 0.2818524743, "operatingIncome": 714417000, "operatingIncomeRatio": 0.2146823099, "totalOtherIncomeExpensesNet": 47947000, "incomeBeforeTax": 667502000, "incomeBeforeTaxRatio": 0.2005843523, "incomeTaxExpense": 204416000, "netIncome": 450910000, "netIncomeRatio": 0.1354984559, "eps": 4.65, "epsdiluted": 4.54, "weightedAverageShsOut": 97036000, "weightedAverageShsOutDil": 99403000, "link": "https://www.sec.gov/Archives/edgar/data/1396009/000095014408001522/0000950144-08-001522-index.htm", "finalLink": "https://www.sec.gov/Archives/edgar/data/1396009/000095014408001522/g11999e10vk.htm", "calculatedOtherExpenses": -53118000, "calculatedOperatingExpenses": 236486000, "calculatedNetInterest": 0, "calculatedOtherIncome": -46915000, "calculatedIncomeNonControlling": 12176000, "calculatedEbitda": 985892000}, {"date": "2006-12-31", "symbol": "VMC", "reportedCurrency": "USD", "cik": "0001396009", "fillingDate": "2006-12-31", "acceptedDate": "2006-12-30 19:00:00", "calendarYear": "2006", "period": "FY", "revenue": 3342475000, "costOfRevenue": 2410481000, "grossProfit": 931994000, "grossProfitRatio": 0.2788334991, "researchAndDevelopmentExpenses": 0, "generalAndAdministrativeExpenses": 0, "sellingAndMarketingExpenses": 0, "sellingGeneralAndAdministrativeExpenses": 264396000, "otherExpenses": -27461000, "operatingExpenses": 236935000, "costAndExpenses": 2647416000, "interestIncome": 0, "interestExpense": 0, "depreciationAndAmortization": 224696000, "ebitda": 863753000, "ebitdaratio": 0.2584171909, "operatingIncome": 695059000, "operatingIncomeRatio": 0.2079474042, "totalOtherIncomeExpensesNet": 56002000, "incomeBeforeTax": 703461000, "incomeBeforeTaxRatio": 0.2104611104, "incomeTaxExpense": 225963000, "netIncome": 467534000, "netIncomeRatio": 0.1398765885, "eps": 4.82, "epsdiluted": 4.71, "weightedAverageShsOut": 97577000, "weightedAverageShsOutDil": 99777000, "link": "", "finalLink": "", "calculatedOtherExpenses": -27461000, "calculatedOperatingExpenses": 236935000, "calculatedNetInterest": 0, "calculatedOtherIncome": 8402000, "calculatedIncomeNonControlling": 9964000, "calculatedEbitda": 919755000}, {"date": "2005-12-31", "symbol": "VMC", "reportedCurrency": "USD", "cik": "0001396009", "fillingDate": "2005-12-31", "acceptedDate": "2005-12-30 19:00:00", "calendarYear": "2005", "period": "FY", "revenue": 2895327000, "costOfRevenue": 2186851000, "grossProfit": 708476000, "grossProfitRatio": 0.2446963676, "researchAndDevelopmentExpenses": 0, "generalAndAdministrativeExpenses": 0, "sellingAndMarketingExpenses": 0, "sellingGeneralAndAdministrativeExpenses": 240393000, "otherExpenses": -32673000, "operatingExpenses": 207720000, "costAndExpenses": 2394571000, "interestIncome": 0, "interestExpense": 0, "depreciationAndAmortization": 220956000, "ebitda": 689039000, "ebitdaratio": 0.2379831363, "operatingIncome": 500756000, "operatingIncomeRatio": 0.1729531759, "totalOtherIncomeExpensesNet": 32673000, "incomeBeforeTax": 480237000, "incomeBeforeTaxRatio": 0.1658662389, "incomeTaxExpense": 136402000, "netIncome": 388757000, "netIncomeRatio": 0.1342704986, "eps": 3.81, "epsdiluted": 3.74, "weightedAverageShsOut": 102179000, "weightedAverageShsOutDil": 104085000, "link": "", "finalLink": "", "calculatedOtherExpenses": -32673000, "calculatedOperatingExpenses": 207720000, "calculatedNetInterest": 0, "calculatedOtherIncome": -20519000, "calculatedIncomeNonControlling": -44922000, "calculatedEbitda": 721712000}, {"date": "2004-12-31", "symbol": "VMC", "reportedCurrency": "USD", "cik": "0001396009", "fillingDate": "2004-12-31", "acceptedDate": "2004-12-30 19:00:00", "calendarYear": "2004", "period": "FY", "revenue": 2454335000, "costOfRevenue": 1871662000, "grossProfit": 582673000, "grossProfitRatio": 0.2374056516, "researchAndDevelopmentExpenses": 0, "generalAndAdministrativeExpenses": 0, "sellingAndMarketingExpenses": 0, "sellingGeneralAndAdministrativeExpenses": 204541000, "otherExpenses": 0, "operatingExpenses": 204541000, "costAndExpenses": 2076203000, "interestIncome": 0, "interestExpense": 0, "depreciationAndAmortization": 245050000, "ebitda": 591067000, "ebitdaratio": 0.2408257226, "operatingIncome": 582673000, "operatingIncomeRatio": 0.2374056516, "totalOtherIncomeExpensesNet": 32115000, "incomeBeforeTax": 375566000, "incomeBeforeTaxRatio": 0.1530214905, "incomeTaxExpense": 114353000, "netIncome": 287385000, "netIncomeRatio": 0.1170928174, "eps": 2.81, "epsdiluted": 2.77, "weightedAverageShsOut": 102447000, "weightedAverageShsOutDil": 103664000, "link": "", "finalLink": "", "calculatedOtherExpenses": -204541000, "calculatedOperatingExpenses": 0, "calculatedNetInterest": 0, "calculatedOtherIncome": -207107000, "calculatedIncomeNonControlling": -26172000, "calculatedEbitda": 827723000}, {"date": "2003-12-31", "symbol": "VMC", "reportedCurrency": "USD", "cik": "0001396009", "fillingDate": "2003-12-31", "acceptedDate": "2003-12-30 19:00:00", "calendarYear": "2003", "period": "FY", "revenue": 2892186000, "costOfRevenue": 2308712000, "grossProfit": 583474000, "grossProfitRatio": 0.2017415201, "researchAndDevelopmentExpenses": 0, "generalAndAdministrativeExpenses": 0, "sellingAndMarketingExpenses": 0, "sellingGeneralAndAdministrativeExpenses": 217096000, "otherExpenses": 0, "operatingExpenses": 217096000, "costAndExpenses": 2525808000, "interestIncome": 0, "interestExpense": 0, "depreciationAndAmortization": 277091000, "ebitda": 649501000, "ebitdaratio": 0.2245709647, "operatingIncome": 366378000, "operatingIncomeRatio": 0.1266785746, "totalOtherIncomeExpensesNet": -6032000, "incomeBeforeTax": 311425000, "incomeBeforeTaxRatio": 0.1076780677, "incomeTaxExpense": 87971000, "netIncome": 194952000, "netIncomeRatio": 0.0674064531, "eps": 1.91, "epsdiluted": 1.9, "weightedAverageShsOut": 101849000, "weightedAverageShsOutDil": 102710000, "link": "", "finalLink": "", "calculatedOtherExpenses": 0, "calculatedOperatingExpenses": 217096000, "calculatedNetInterest": 0, "calculatedOtherIncome": -54953000, "calculatedIncomeNonControlling": 28502000, "calculatedEbitda": 643469000}, {"date": "2002-12-31", "symbol": "VMC", "reportedCurrency": "USD", "cik": "0001396009", "fillingDate": "2002-12-31", "acceptedDate": "2002-12-30 19:00:00", "calendarYear": "2002", "period": "FY", "revenue": 2796577000, "costOfRevenue": 2255585000, "grossProfit": 540992000, "grossProfitRatio": 0.1934479187, "researchAndDevelopmentExpenses": 0, "generalAndAdministrativeExpenses": 0, "sellingAndMarketingExpenses": 0, "sellingGeneralAndAdministrativeExpenses": 248328000, "otherExpenses": 0, "operatingExpenses": 248328000, "costAndExpenses": 2503913000, "interestIncome": 0, "interestExpense": 0, "depreciationAndAmortization": 267676000, "ebitda": 546361000, "ebitdaratio": 0.1953677657, "operatingIncome": 292664000, "operatingIncomeRatio": 0.1046507927, "totalOtherIncomeExpensesNet": 13979000, "incomeBeforeTax": 257660000, "incomeBeforeTaxRatio": 0.0921340625, "incomeTaxExpense": 67247000, "netIncome": 169876000, "netIncomeRatio": 0.0607442599, "eps": 1.67, "epsdiluted": 1.66, "weightedAverageShsOut": 101709000, "weightedAverageShsOutDil": 102515000, "link": "", "finalLink": "", "calculatedOtherExpenses": 0, "calculatedOperatingExpenses": 248328000, "calculatedNetInterest": 0, "calculatedOtherIncome": -35004000, "calculatedIncomeNonControlling": 20537000, "calculatedEbitda": 560340000}, {"date": "2001-12-31", "symbol": "VMC", "reportedCurrency": "USD", "cik": "0001396009", "fillingDate": "2001-12-31", "acceptedDate": "2001-12-30 19:00:00", "calendarYear": "2001", "period": "FY", "revenue": 3019990000, "costOfRevenue": 2370536000, "grossProfit": 649454000, "grossProfitRatio": 0.2150517055, "researchAndDevelopmentExpenses": 0, "generalAndAdministrativeExpenses": 0, "sellingAndMarketingExpenses": 0, "sellingGeneralAndAdministrativeExpenses": 279032000, "otherExpenses": 0, "operatingExpenses": 279032000, "costAndExpenses": 2649568000, "interestIncome": 0, "interestExpense": 0, "depreciationAndAmortization": 278209000, "ebitda": 646647000, "ebitdaratio": 0.2141222322, "operatingIncome": 370422000, "operatingIncomeRatio": 0.1226566975, "totalOtherIncomeExpensesNet": 1984000, "incomeBeforeTax": 324053000, "incomeBeforeTaxRatio": 0.1073026732, "incomeTaxExpense": 101373000, "netIncome": 222680000, "netIncomeRatio": 0.0737353435, "eps": 2.2, "epsdiluted": 2.17, "weightedAverageShsOut": 101218182, "weightedAverageShsOutDil": 102617512, "link": "", "finalLink": "", "calculatedOtherExpenses": 0, "calculatedOperatingExpenses": 279032000, "calculatedNetInterest": 0, "calculatedOtherIncome": -46369000, "calculatedIncomeNonControlling": 0, "calculatedEbitda": 648631000}, {"date": "2000-12-31", "symbol": "VMC", "reportedCurrency": "USD", "cik": "0001396009", "fillingDate": "2000-12-31", "acceptedDate": "2000-12-30 19:00:00", "calendarYear": "2000", "period": "FY", "revenue": 2491744000, "costOfRevenue": 1701912000, "grossProfit": 789832000, "grossProfitRatio": 0.3169795934, "researchAndDevelopmentExpenses": 0, "generalAndAdministrativeExpenses": 0, "sellingAndMarketingExpenses": 0, "sellingGeneralAndAdministrativeExpenses": 216978000, "otherExpenses": 232365000, "operatingExpenses": 449343000, "costAndExpenses": 2151255000, "interestIncome": 0, "interestExpense": 0, "depreciationAndAmortization": 232365000, "ebitda": 565539000, "ebitdaratio": 0.2269651296, "operatingIncome": 340489000, "operatingIncomeRatio": 0.1366468626, "totalOtherIncomeExpensesNet": 7315000, "incomeBeforeTax": 312238000, "incomeBeforeTaxRatio": 0.1253090205, "incomeTaxExpense": 92345000, "netIncome": 219893000, "netIncomeRatio": 0.0882486323, "eps": 2.18, "epsdiluted": 2.16, "weightedAverageShsOut": 101037000, "weightedAverageShsOutDil": 102012000, "link": "", "finalLink": "", "calculatedOtherExpenses": 232365000, "calculatedOperatingExpenses": 449343000, "calculatedNetInterest": 0, "calculatedOtherIncome": -28251000, "calculatedIncomeNonControlling": 0, "calculatedEbitda": 572854000}, {"date": "1999-12-31", "symbol": "VMC", "reportedCurrency": "USD", "cik": "0001396009", "fillingDate": "1999-12-31", "acceptedDate": "1999-12-30 19:00:00", "calendarYear": "1999", "period": "FY", "revenue": 2355800000, "costOfRevenue": 1584900000, "grossProfit": 770900000, "grossProfitRatio": 0.3272349096, "researchAndDevelopmentExpenses": 0, "generalAndAdministrativeExpenses": 0, "sellingAndMarketingExpenses": 0, "sellingGeneralAndAdministrativeExpenses": 205600000, "otherExpenses": 207100000, "operatingExpenses": 412700000, "costAndExpenses": 1997600000, "interestIncome": 0, "interestExpense": 0, "depreciationAndAmortization": 207100000, "ebitda": 527600000, "ebitdaratio": 0.2239578912, "operatingIncome": 358200000, "operatingIncomeRatio": 0.1520502589, "totalOtherIncomeExpensesNet": 37700000, "incomeBeforeTax": 351600000, "incomeBeforeTaxRatio": 0.1492486629, "incomeTaxExpense": 111900000, "netIncome": 239700000, "netIncomeRatio": 0.1017488751, "eps": 2.38, "epsdiluted": 2.35, "weightedAverageShsOut": 100895000, "weightedAverageShsOutDil": 102190000, "link": "", "finalLink": "", "calculatedOtherExpenses": 207100000, "calculatedOperatingExpenses": 412700000, "calculatedNetInterest": 0, "calculatedOtherIncome": -6600000, "calculatedIncomeNonControlling": 0, "calculatedEbitda": 565300000}, {"date": "1998-12-31", "symbol": "VMC", "reportedCurrency": "USD", "cik": "0001396009", "fillingDate": "1998-12-31", "acceptedDate": "1998-12-30 19:00:00", "calendarYear": "1998", "period": "FY", "revenue": 1776400000, "costOfRevenue": 1096900000, "grossProfit": 679500000, "grossProfitRatio": 0.3825151993, "researchAndDevelopmentExpenses": 0, "generalAndAdministrativeExpenses": 0, "sellingAndMarketingExpenses": 0, "sellingGeneralAndAdministrativeExpenses": 199000000, "otherExpenses": 137800000, "operatingExpenses": 336800000, "costAndExpenses": 1433700000, "interestIncome": 0, "interestExpense": 0, "depreciationAndAmortization": 137800000, "ebitda": 441700000, "ebitdaratio": 0.2486489529, "operatingIncome": 342700000, "operatingIncomeRatio": 0.1929182617, "totalOtherIncomeExpensesNet": 38800000, "incomeBeforeTax": 374800000, "incomeBeforeTaxRatio": 0.2109885161, "incomeTaxExpense": 118900000, "netIncome": 255900000, "netIncomeRatio": 0.1440553929, "eps": 2.54, "epsdiluted": 2.5, "weightedAverageShsOut": 100854000, "weightedAverageShsOutDil": 102177000, "link": "", "finalLink": "", "calculatedOtherExpenses": 137800000, "calculatedOperatingExpenses": 336800000, "calculatedNetInterest": 0, "calculatedOtherIncome": 32100000, "calculatedIncomeNonControlling": 0, "calculatedEbitda": 480500000}, {"date": "1997-12-31", "symbol": "VMC", "reportedCurrency": "USD", "cik": "0001396009", "fillingDate": "1997-12-31", "acceptedDate": "1997-12-30 19:00:00", "calendarYear": "1997", "period": "FY", "revenue": 1678600000, "costOfRevenue": 1084000000, "grossProfit": 594600000, "grossProfitRatio": 0.3542237579, "researchAndDevelopmentExpenses": 0, "generalAndAdministrativeExpenses": 0, "sellingAndMarketingExpenses": 0, "sellingGeneralAndAdministrativeExpenses": 190400000, "otherExpenses": 120600000, "operatingExpenses": 311000000, "costAndExpenses": 1395000000, "interestIncome": 0, "interestExpense": 0, "depreciationAndAmortization": 120600000, "ebitda": 380400000, "ebitdaratio": 0.2266174193, "operatingIncome": 283600000, "operatingIncomeRatio": 0.1689503157, "totalOtherIncomeExpensesNet": 23800000, "incomeBeforeTax": 300500000, "incomeBeforeTaxRatio": 0.1790182295, "incomeTaxExpense": 91400000, "netIncome": 209100000, "netIncomeRatio": 0.1245680925, "eps": 2.06, "epsdiluted": 2.03, "weightedAverageShsOut": 101504854, "weightedAverageShsOutDil": 103004926, "link": "", "finalLink": "", "calculatedOtherExpenses": 120600000, "calculatedOperatingExpenses": 311000000, "calculatedNetInterest": 0, "calculatedOtherIncome": 16900000, "calculatedIncomeNonControlling": 0, "calculatedEbitda": 404200000}, {"date": "1996-12-31", "symbol": "VMC", "reportedCurrency": "USD", "cik": "0001396009", "fillingDate": "1996-12-31", "acceptedDate": "1996-12-30 19:00:00", "calendarYear": "1996", "period": "FY", "revenue": 1568900000, "costOfRevenue": 1006700000, "grossProfit": 562200000, "grossProfitRatio": 0.3583402384, "researchAndDevelopmentExpenses": 0, "generalAndAdministrativeExpenses": 0, "sellingAndMarketingExpenses": 0, "sellingGeneralAndAdministrativeExpenses": 175100000, "otherExpenses": 112600000, "operatingExpenses": 287700000, "costAndExpenses": 1294400000, "interestIncome": 0, "interestExpense": 0, "depreciationAndAmortization": 112600000, "ebitda": 367400000, "ebitdaratio": 0.2341768118, "operatingIncome": 274500000, "operatingIncomeRatio": 0.1749633501, "totalOtherIncomeExpensesNet": 19700000, "incomeBeforeTax": 285600000, "incomeBeforeTaxRatio": 0.1820383708, "incomeTaxExpense": 97000000, "netIncome": 188600000, "netIncomeRatio": 0.1202116132, "eps": 1.79, "epsdiluted": 1.79, "weightedAverageShsOut": 105519000, "weightedAverageShsOutDil": 105864662, "link": "", "finalLink": "", "calculatedOtherExpenses": 112600000, "calculatedOperatingExpenses": 287700000, "calculatedNetInterest": 0, "calculatedOtherIncome": 11100000, "calculatedIncomeNonControlling": 0, "calculatedEbitda": 387100000}, {"date": "1995-12-31", "symbol": "VMC", "reportedCurrency": "USD", "cik": "0001396009", "fillingDate": "1995-12-31", "acceptedDate": "1995-12-30 19:00:00", "calendarYear": "1995", "period": "FY", "revenue": 1461000000, "costOfRevenue": 934000000, "grossProfit": 527000000, "grossProfitRatio": 0.3607118412, "researchAndDevelopmentExpenses": 0, "generalAndAdministrativeExpenses": 0, "sellingAndMarketingExpenses": 0, "sellingGeneralAndAdministrativeExpenses": 159800000, "otherExpenses": 110700000, "operatingExpenses": 270500000, "costAndExpenses": 1204500000, "interestIncome": 0, "interestExpense": 0, "depreciationAndAmortization": 110700000, "ebitda": 354100000, "ebitdaratio": 0.2423682409, "operatingIncome": 256500000, "operatingIncomeRatio": 0.1755646817, "totalOtherIncomeExpensesNet": 13100000, "incomeBeforeTax": 258400000, "incomeBeforeTaxRatio": 0.1768651608, "incomeTaxExpense": 92200000, "netIncome": 166200000, "netIncomeRatio": 0.1137577002, "eps": 1.54, "epsdiluted": 1.54, "weightedAverageShsOut": 107799000, "weightedAverageShsOutDil": 108672566, "link": "", "finalLink": "", "calculatedOtherExpenses": 110700000, "calculatedOperatingExpenses": 270500000, "calculatedNetInterest": 0, "calculatedOtherIncome": 1900000, "calculatedIncomeNonControlling": 0, "calculatedEbitda": 367200000}, {"date": "1994-12-31", "symbol": "VMC", "reportedCurrency": "USD", "cik": "0001396009", "fillingDate": "1994-12-31", "acceptedDate": "1994-12-30 19:00:00", "calendarYear": "1994", "period": "FY", "revenue": 1253400000, "costOfRevenue": 878500000, "grossProfit": 374900000, "grossProfitRatio": 0.2991064305, "researchAndDevelopmentExpenses": 0, "generalAndAdministrativeExpenses": 0, "sellingAndMarketingExpenses": 0, "sellingGeneralAndAdministrativeExpenses": 125000000, "otherExpenses": 106600000, "operatingExpenses": 231600000, "costAndExpenses": 1110100000, "interestIncome": 0, "interestExpense": 0, "depreciationAndAmortization": 106600000, "ebitda": 237300000, "ebitdaratio": 0.1893250359, "operatingIncome": 143300000, "operatingIncomeRatio": 0.1143290251, "totalOtherIncomeExpensesNet": 12600000, "incomeBeforeTax": 145900000, "incomeBeforeTaxRatio": 0.1164033828, "incomeTaxExpense": 47900000, "netIncome": 98000000, "netIncomeRatio": 0.0781873305, "eps": 0.89, "epsdiluted": 0.89, "weightedAverageShsOut": 110049000, "weightedAverageShsOutDil": 110166667, "link": "", "finalLink": "", "calculatedOtherExpenses": 106600000, "calculatedOperatingExpenses": 231600000, "calculatedNetInterest": 0, "calculatedOtherIncome": 2600000, "calculatedIncomeNonControlling": 0, "calculatedEbitda": 249900000}, {"date": "1993-12-31", "symbol": "VMC", "reportedCurrency": "USD", "cik": "0001396009", "fillingDate": "1993-12-31", "acceptedDate": "1993-12-30 19:00:00", "calendarYear": "1993", "period": "FY", "revenue": 1133500000, "costOfRevenue": 784000000, "grossProfit": 349500000, "grossProfitRatio": 0.3083370093, "researchAndDevelopmentExpenses": 0, "generalAndAdministrativeExpenses": 0, "sellingAndMarketingExpenses": 0, "sellingGeneralAndAdministrativeExpenses": 111100000, "otherExpenses": 102800000, "operatingExpenses": 213900000, "costAndExpenses": 997900000, "interestIncome": 0, "interestExpense": 0, "depreciationAndAmortization": 102800000, "ebitda": 239600000, "ebitdaratio": 0.2113806793, "operatingIncome": 135600000, "operatingIncomeRatio": 0.1196294663, "totalOtherIncomeExpensesNet": -1200000, "incomeBeforeTax": 125200000, "incomeBeforeTaxRatio": 0.1104543449, "incomeTaxExpense": 37000000, "netIncome": 88200000, "netIncomeRatio": 0.0778120865, "eps": 0.8, "epsdiluted": 0.8, "weightedAverageShsOut": 110250000, "weightedAverageShsOutDil": 110250000, "link": "", "finalLink": "", "calculatedOtherExpenses": 102800000, "calculatedOperatingExpenses": 213900000, "calculatedNetInterest": 0, "calculatedOtherIncome": -10400000, "calculatedIncomeNonControlling": 0, "calculatedEbitda": 238400000}, {"date": "1992-12-31", "symbol": "VMC", "reportedCurrency": "USD", "cik": "0001396009", "fillingDate": "1992-12-31", "acceptedDate": "1992-12-30 19:00:00", "calendarYear": "1992", "period": "FY", "revenue": 1078000000, "costOfRevenue": 725600000, "grossProfit": 352400000, "grossProfitRatio": 0.3269016698, "researchAndDevelopmentExpenses": 0, "generalAndAdministrativeExpenses": 0, "sellingAndMarketingExpenses": 0, "sellingGeneralAndAdministrativeExpenses": 105700000, "otherExpenses": 103300000, "operatingExpenses": 209000000, "costAndExpenses": 934600000, "interestIncome": 0, "interestExpense": 0, "depreciationAndAmortization": 103300000, "ebitda": 249500000, "ebitdaratio": 0.2314471243, "operatingIncome": 143400000, "operatingIncomeRatio": 0.1330241187, "totalOtherIncomeExpensesNet": -2800000, "incomeBeforeTax": 130700000, "incomeBeforeTaxRatio": 0.1212430427, "incomeTaxExpense": 39700000, "netIncome": 94000000, "netIncomeRatio": 0.0871985158, "eps": 0.86, "epsdiluted": 0.86, "weightedAverageShsOut": 109302326, "weightedAverageShsOutDil": 109302326, "link": "", "finalLink": "", "calculatedOtherExpenses": 103300000, "calculatedOperatingExpenses": 209000000, "calculatedNetInterest": 0, "calculatedOtherIncome": -12700000, "calculatedIncomeNonControlling": -3000000, "calculatedEbitda": 246700000}, {"date": "1991-12-31", "symbol": "VMC", "reportedCurrency": "USD", "cik": "0001396009", "fillingDate": "1991-12-31", "acceptedDate": "1991-12-30 19:00:00", "calendarYear": "1991", "period": "FY", "revenue": 1007500000, "costOfRevenue": 685600000, "grossProfit": 321900000, "grossProfitRatio": 0.3195037221, "researchAndDevelopmentExpenses": 0, "generalAndAdministrativeExpenses": 0, "sellingAndMarketingExpenses": 0, "sellingGeneralAndAdministrativeExpenses": 127000000, "otherExpenses": 109700000, "operatingExpenses": 236700000, "costAndExpenses": 922300000, "interestIncome": 0, "interestExpense": 0, "depreciationAndAmortization": 109700000, "ebitda": 195400000, "ebitdaratio": 0.1939454094, "operatingIncome": 85200000, "operatingIncomeRatio": 0.0845657568, "totalOtherIncomeExpensesNet": -500000, "incomeBeforeTax": 73500000, "incomeBeforeTaxRatio": 0.0729528536, "incomeTaxExpense": 20900000, "netIncome": 52600000, "netIncomeRatio": 0.0522084367, "eps": 0.46, "epsdiluted": 0.46, "weightedAverageShsOut": 114347826, "weightedAverageShsOutDil": 114347826, "link": "", "finalLink": "", "calculatedOtherExpenses": 109700000, "calculatedOperatingExpenses": 236700000, "calculatedNetInterest": 0, "calculatedOtherIncome": -11700000, "calculatedIncomeNonControlling": 0, "calculatedEbitda": 194900000}, {"date": "1990-12-31", "symbol": "VMC", "reportedCurrency": "USD", "cik": "0001396009", "fillingDate": "1990-12-31", "acceptedDate": "1990-12-30 19:00:00", "calendarYear": "1990", "period": "FY", "revenue": 1105300000, "costOfRevenue": 711200000, "grossProfit": 394100000, "grossProfitRatio": 0.3565547815, "researchAndDevelopmentExpenses": 0, "generalAndAdministrativeExpenses": 0, "sellingAndMarketingExpenses": 0, "sellingGeneralAndAdministrativeExpenses": 107500000, "otherExpenses": 102700000, "operatingExpenses": 210200000, "costAndExpenses": 921400000, "interestIncome": 0, "interestExpense": 0, "depreciationAndAmortization": 102700000, "ebitda": 283400000, "ebitdaratio": 0.2564009771, "operatingIncome": 183900000, "operatingIncomeRatio": 0.1663801683, "totalOtherIncomeExpensesNet": 3200000, "incomeBeforeTax": 179300000, "incomeBeforeTaxRatio": 0.1622184022, "incomeTaxExpense": 59000000, "netIncome": 120300000, "netIncomeRatio": 0.1088392292, "eps": 1.04, "epsdiluted": 1.03, "weightedAverageShsOut": 115673077, "weightedAverageShsOutDil": 116796117, "link": "", "finalLink": "", "calculatedOtherExpenses": 102700000, "calculatedOperatingExpenses": 210200000, "calculatedNetInterest": 0, "calculatedOtherIncome": -4600000, "calculatedIncomeNonControlling": 0, "calculatedEbitda": 286600000}, {"date": "1989-12-31", "symbol": "VMC", "reportedCurrency": "USD", "cik": "0001396009", "fillingDate": "1989-12-31", "acceptedDate": "1989-12-30 19:00:00", "calendarYear": "1989", "period": "FY", "revenue": 1076200000, "costOfRevenue": 682100000, "grossProfit": 394100000, "grossProfitRatio": 0.3661958744, "researchAndDevelopmentExpenses": 0, "generalAndAdministrativeExpenses": 0, "sellingAndMarketingExpenses": 0, "sellingGeneralAndAdministrativeExpenses": 99000000, "otherExpenses": 94100000, "operatingExpenses": 193100000, "costAndExpenses": 875200000, "interestIncome": 0, "interestExpense": 0, "depreciationAndAmortization": 94100000, "ebitda": 288700000, "ebitdaratio": 0.268258688, "operatingIncome": 201000000, "operatingIncomeRatio": 0.1867682587, "totalOtherIncomeExpensesNet": 6400000, "incomeBeforeTax": 201300000, "incomeBeforeTaxRatio": 0.1870470173, "incomeTaxExpense": 67900000, "netIncome": 129300000, "netIncomeRatio": 0.1201449545, "eps": 1.05, "epsdiluted": 1.05, "weightedAverageShsOut": 123142857, "weightedAverageShsOutDil": 123142857, "link": "", "finalLink": "", "calculatedOtherExpenses": 94100000, "calculatedOperatingExpenses": 193100000, "calculatedNetInterest": 0, "calculatedOtherIncome": 300000, "calculatedIncomeNonControlling": 4100000, "calculatedEbitda": 295100000}, {"date": "1988-12-31", "symbol": "VMC", "reportedCurrency": "USD", "cik": "0001396009", "fillingDate": "1988-12-31", "acceptedDate": "1988-12-30 19:00:00", "calendarYear": "1988", "period": "FY", "revenue": 1053200000, "costOfRevenue": 663300000, "grossProfit": 389900000, "grossProfitRatio": 0.3702050893, "researchAndDevelopmentExpenses": 0, "generalAndAdministrativeExpenses": 0, "sellingAndMarketingExpenses": 0, "sellingGeneralAndAdministrativeExpenses": 95600000, "otherExpenses": 85900000, "operatingExpenses": 181500000, "costAndExpenses": 844800000, "interestIncome": 0, "interestExpense": 0, "depreciationAndAmortization": 85900000, "ebitda": 289800000, "ebitdaratio": 0.2751614128, "operatingIncome": 208400000, "operatingIncomeRatio": 0.1978731485, "totalOtherIncomeExpensesNet": 4500000, "incomeBeforeTax": 206200000, "incomeBeforeTaxRatio": 0.1957842765, "incomeTaxExpense": 70200000, "netIncome": 136000000, "netIncomeRatio": 0.1291302697, "eps": 1.1, "epsdiluted": 1.1, "weightedAverageShsOut": 123636364, "weightedAverageShsOutDil": 123636364, "link": "", "finalLink": "", "calculatedOtherExpenses": 85900000, "calculatedOperatingExpenses": 181500000, "calculatedNetInterest": 0, "calculatedOtherIncome": -2200000, "calculatedIncomeNonControlling": 0, "calculatedEbitda": 294300000}, {"date": "1987-12-31", "symbol": "VMC", "reportedCurrency": "USD", "cik": "0001396009", "fillingDate": "1987-12-31", "acceptedDate": "1987-12-30 19:00:00", "calendarYear": "1987", "period": "FY", "revenue": 923300000, "costOfRevenue": 573400000, "grossProfit": 349900000, "grossProfitRatio": 0.3789667497, "researchAndDevelopmentExpenses": 0, "generalAndAdministrativeExpenses": 0, "sellingAndMarketingExpenses": 0, "sellingGeneralAndAdministrativeExpenses": 81800000, "otherExpenses": 77700000, "operatingExpenses": 159500000, "costAndExpenses": 732900000, "interestIncome": 0, "interestExpense": 0, "depreciationAndAmortization": 77700000, "ebitda": 271300000, "ebitdaratio": 0.2938373226, "operatingIncome": 190400000, "operatingIncomeRatio": 0.2062168309, "totalOtherIncomeExpensesNet": -3200000, "incomeBeforeTax": 179600000, "incomeBeforeTaxRatio": 0.1945196577, "incomeTaxExpense": 65100000, "netIncome": 116300000, "netIncomeRatio": 0.125961226, "eps": 0.91, "epsdiluted": 0.91, "weightedAverageShsOut": 127802198, "weightedAverageShsOutDil": 127802198, "link": "", "finalLink": "", "calculatedOtherExpenses": 77700000, "calculatedOperatingExpenses": 159500000, "calculatedNetInterest": 0, "calculatedOtherIncome": -10800000, "calculatedIncomeNonControlling": -1800000, "calculatedEbitda": 268100000}, {"date": "1986-12-31", "symbol": "VMC", "reportedCurrency": "USD", "cik": "0001396009", "fillingDate": "1986-12-31", "acceptedDate": "1986-12-30 19:00:00", "calendarYear": "1986", "period": "FY", "revenue": 957800000, "costOfRevenue": 640700000, "grossProfit": 317100000, "grossProfitRatio": 0.3310712048, "researchAndDevelopmentExpenses": 0, "generalAndAdministrativeExpenses": 0, "sellingAndMarketingExpenses": 0, "sellingGeneralAndAdministrativeExpenses": 84300000, "otherExpenses": 77100000, "operatingExpenses": 161400000, "costAndExpenses": 802100000, "interestIncome": 0, "interestExpense": 0, "depreciationAndAmortization": 77100000, "ebitda": 223800000, "ebitdaratio": 0.2336604719, "operatingIncome": 155700000, "operatingIncomeRatio": 0.1625600334, "totalOtherIncomeExpensesNet": 9000000, "incomeBeforeTax": 157400000, "incomeBeforeTaxRatio": 0.1643349342, "incomeTaxExpense": 64200000, "netIncome": 93200000, "netIncomeRatio": 0.097306327, "eps": 0.7, "epsdiluted": 0.7, "weightedAverageShsOut": 133142857, "weightedAverageShsOutDil": 133142857, "link": "", "finalLink": "", "calculatedOtherExpenses": 77100000, "calculatedOperatingExpenses": 161400000, "calculatedNetInterest": 0, "calculatedOtherIncome": 1700000, "calculatedIncomeNonControlling": 0, "calculatedEbitda": 232800000}, {"date": "1985-12-31", "symbol": "VMC", "reportedCurrency": "USD", "cik": "0001396009", "fillingDate": "1985-12-31", "acceptedDate": "1985-12-30 19:00:00", "calendarYear": "1985", "period": "FY", "revenue": 971800000, "costOfRevenue": 699100000, "grossProfit": 272700000, "grossProfitRatio": 0.2806132949, "researchAndDevelopmentExpenses": 0, "generalAndAdministrativeExpenses": 0, "sellingAndMarketingExpenses": 0, "sellingGeneralAndAdministrativeExpenses": 78200000, "otherExpenses": 68600000, "operatingExpenses": 146800000, "costAndExpenses": 845900000, "interestIncome": 0, "interestExpense": 0, "depreciationAndAmortization": 68600000, "ebitda": 191300000, "ebitdaratio": 0.196851204, "operatingIncome": 125900000, "operatingIncomeRatio": 0.1295534061, "totalOtherIncomeExpensesNet": 3200000, "incomeBeforeTax": 123400000, "incomeBeforeTaxRatio": 0.1269808603, "incomeTaxExpense": 43800000, "netIncome": 71300000, "netIncomeRatio": 0.073369006, "eps": 0.51, "epsdiluted": 0.51, "weightedAverageShsOut": 139803922, "weightedAverageShsOutDil": 139803922, "link": "", "finalLink": "", "calculatedOtherExpenses": 68600000, "calculatedOperatingExpenses": 146800000, "calculatedNetInterest": 0, "calculatedOtherIncome": -2500000, "calculatedIncomeNonControlling": 8300000, "calculatedEbitda": 194500000}]}