{"originalCurrency": "USD", "convertedCurrency": "USD", "report": [{"date": "2023-12-30", "symbol": "VMI", "reportedCurrency": "USD", "cik": "0000102729", "fillingDate": "2024-02-28", "acceptedDate": "2024-02-28 15:52:14", "calendarYear": "2023", "period": "FY", "revenue": 4174598000, "costOfRevenue": 2938564000, "grossProfit": 1236034000, "grossProfitRatio": 0.2960845571, "researchAndDevelopmentExpenses": 55000000, "generalAndAdministrativeExpenses": 0, "sellingAndMarketingExpenses": 0, "sellingGeneralAndAdministrativeExpenses": 768423000, "otherExpenses": -11085000, "operatingExpenses": 768423000, "costAndExpenses": 3706987000, "interestIncome": 6230000, "interestExpense": 56808000, "depreciationAndAmortization": 98708000, "ebitda": 561464000, "ebitdaratio": 0.1344953454, "operatingIncome": 291557000, "operatingIncomeRatio": 0.0698407368, "totalOtherIncomeExpensesNet": -180581000, "incomeBeforeTax": 236452000, "incomeBeforeTaxRatio": 0.0566406634, "incomeTaxExpense": 90121000, "netIncome": 143475000, "netIncomeRatio": 0.0343685787, "eps": 7.2, "epsdiluted": 7.13, "weightedAverageShsOut": 20956000, "weightedAverageShsOutDil": 21159000, "link": "https://www.sec.gov/Archives/edgar/data/102729/000010272924000013/0000102729-24-000013-index.htm", "finalLink": "https://www.sec.gov/Archives/edgar/data/102729/000010272924000013/vmi-20231230x10k.htm", "calculatedOtherExpenses": 121054000, "calculatedOperatingExpenses": 944477000, "calculatedNetInterest": -50578000, "calculatedOtherIncome": -4527000, "calculatedIncomeNonControlling": 2856000, "calculatedEbitda": 390265000}, {"date": "2022-12-31", "symbol": "VMI", "reportedCurrency": "USD", "cik": "0000102729", "fillingDate": "2023-03-01", "acceptedDate": "2023-03-01 15:40:48", "calendarYear": "2022", "period": "FY", "revenue": 4345250000, "costOfRevenue": 3219026000, "grossProfit": 1126224000, "grossProfitRatio": 0.2591850872, "researchAndDevelopmentExpenses": 46000000, "generalAndAdministrativeExpenses": 0, "sellingAndMarketingExpenses": 0, "sellingGeneralAndAdministrativeExpenses": 692975000, "otherExpenses": 12805000, "operatingExpenses": 692975000, "costAndExpenses": 3912001000, "interestIncome": 2015000, "interestExpense": 47534000, "depreciationAndAmortization": 111987000, "ebitda": 545236000, "ebitdaratio": 0.1254786261, "operatingIncome": 433249000, "operatingIncomeRatio": 0.099706346, "totalOtherIncomeExpensesNet": -69361000, "incomeBeforeTax": 363888000, "incomeBeforeTaxRatio": 0.0837438582, "incomeTaxExpense": 108687000, "netIncome": 250863000, "netIncomeRatio": 0.0577326966, "eps": 11.77, "epsdiluted": 11.62, "weightedAverageShsOut": 21311000, "weightedAverageShsOutDil": 21580000, "link": "https://www.sec.gov/Archives/edgar/data/102729/000010272923000019/0000102729-23-000019-index.htm", "finalLink": "https://www.sec.gov/Archives/edgar/data/102729/000010272923000019/vmi-20221231x10k.htm", "calculatedOtherExpenses": -46000000, "calculatedOperatingExpenses": 692975000, "calculatedNetInterest": -45519000, "calculatedOtherIncome": -23842000, "calculatedIncomeNonControlling": 4338000, "calculatedEbitda": 545236000}, {"date": "2021-12-25", "symbol": "VMI", "reportedCurrency": "USD", "cik": "0000102729", "fillingDate": "2022-02-23", "acceptedDate": "2022-02-23 16:25:47", "calendarYear": "2021", "period": "FY", "revenue": 3501575000, "costOfRevenue": 2617686000, "grossProfit": 883889000, "grossProfitRatio": 0.2524261225, "researchAndDevelopmentExpenses": 37000000, "generalAndAdministrativeExpenses": 0, "sellingAndMarketingExpenses": 0, "sellingGeneralAndAdministrativeExpenses": 590608000, "otherExpenses": 12798000, "operatingExpenses": 590608000, "costAndExpenses": 3208294000, "interestIncome": 1192000, "interestExpense": 42612000, "depreciationAndAmortization": 113063000, "ebitda": 399848000, "ebitdaratio": 0.1141908998, "operatingIncome": 286785000, "operatingIncomeRatio": 0.0819017157, "totalOtherIncomeExpensesNet": -26702000, "incomeBeforeTax": 260083000, "incomeBeforeTaxRatio": 0.0742760044, "incomeTaxExpense": 61414000, "netIncome": 195630000, "netIncomeRatio": 0.0558691446, "eps": 9.23, "epsdiluted": 9.1, "weightedAverageShsOut": 21193000, "weightedAverageShsOutDil": 21493000, "link": "https://www.sec.gov/Archives/edgar/data/102729/000010272922000008/0000102729-22-000008-index.htm", "finalLink": "https://www.sec.gov/Archives/edgar/data/102729/000010272922000008/vmi-20211225.htm", "calculatedOtherExpenses": -30504000, "calculatedOperatingExpenses": 597104000, "calculatedNetInterest": -41420000, "calculatedOtherIncome": 14718000, "calculatedIncomeNonControlling": 3039000, "calculatedEbitda": 399848000}, {"date": "2020-12-26", "symbol": "VMI", "reportedCurrency": "USD", "cik": "0000102729", "fillingDate": "2021-02-24", "acceptedDate": "2021-02-24 17:04:18", "calendarYear": "2020", "period": "FY", "revenue": 2895355000, "costOfRevenue": 2129841000, "grossProfit": 765514000, "grossProfitRatio": 0.2643938308, "researchAndDevelopmentExpenses": 21400000, "generalAndAdministrativeExpenses": 0, "sellingAndMarketingExpenses": 0, "sellingGeneralAndAdministrativeExpenses": 522923000, "otherExpenses": 3073000, "operatingExpenses": 522923000, "costAndExpenses": 2652764000, "interestIncome": 2374000, "interestExpense": 41075000, "depreciationAndAmortization": 104977000, "ebitda": 330930000, "ebitdaratio": 0.1142968652, "operatingIncome": 225953000, "operatingIncomeRatio": 0.0780398259, "totalOtherIncomeExpensesNet": -33185000, "incomeBeforeTax": 192768000, "incomeBeforeTaxRatio": 0.0665783643, "incomeTaxExpense": 49615000, "netIncome": 140693000, "netIncomeRatio": 0.0485926596, "eps": 6.6, "epsdiluted": 6.57, "weightedAverageShsOut": 21315000, "weightedAverageShsOutDil": 21425000, "link": "https://www.sec.gov/Archives/edgar/data/102729/000010272921000012/0000102729-21-000012-index.htm", "finalLink": "https://www.sec.gov/Archives/edgar/data/102729/000010272921000012/vmi-20201226.htm", "calculatedOtherExpenses": -4762000, "calculatedOperatingExpenses": 539561000, "calculatedNetInterest": -38701000, "calculatedOtherIncome": 5516000, "calculatedIncomeNonControlling": 2460000, "calculatedEbitda": 330930000}, {"date": "2019-12-28", "symbol": "VMI", "reportedCurrency": "USD", "cik": "0000102729", "fillingDate": "2020-02-26", "acceptedDate": "2020-02-26 16:23:04", "calendarYear": "2019", "period": "FY", "revenue": 2766976000, "costOfRevenue": 2074480000, "grossProfit": 692496000, "grossProfitRatio": 0.2502717768, "researchAndDevelopmentExpenses": 13900000, "generalAndAdministrativeExpenses": 0, "sellingAndMarketingExpenses": 0, "sellingGeneralAndAdministrativeExpenses": 454776000, "otherExpenses": 2204000, "operatingExpenses": 454776000, "costAndExpenses": 2529256000, "interestIncome": 3942000, "interestExpense": 40153000, "depreciationAndAmortization": 88410000, "ebitda": 326130000, "ebitdaratio": 0.1178651351, "operatingIncome": 237720000, "operatingIncomeRatio": 0.0859132858, "totalOtherIncomeExpensesNet": -28047000, "incomeBeforeTax": 209673000, "incomeBeforeTaxRatio": 0.0757769493, "incomeTaxExpense": 50207000, "netIncome": 153769000, "netIncomeRatio": 0.0555729432, "eps": 6.76, "epsdiluted": 6.73, "weightedAverageShsOut": 21659000, "weightedAverageShsOutDil": 21769000, "link": "https://www.sec.gov/Archives/edgar/data/102729/000010272920000004/0000102729-20-000004-index.htm", "finalLink": "https://www.sec.gov/Archives/edgar/data/102729/000010272920000004/a10-k12282019forq42019.htm", "calculatedOtherExpenses": -13900000, "calculatedOperatingExpenses": 454776000, "calculatedNetInterest": -36211000, "calculatedOtherIncome": 8164000, "calculatedIncomeNonControlling": 5697000, "calculatedEbitda": 326130000}, {"date": "2018-12-29", "symbol": "VMI", "reportedCurrency": "USD", "cik": "0000102729", "fillingDate": "2019-02-27", "acceptedDate": "2019-02-27 16:20:08", "calendarYear": "2018", "period": "FY", "revenue": 2757144000, "costOfRevenue": 2098864000, "grossProfit": 658280000, "grossProfitRatio": 0.2387543052, "researchAndDevelopmentExpenses": 11500000, "generalAndAdministrativeExpenses": 0, "sellingAndMarketingExpenses": 0, "sellingGeneralAndAdministrativeExpenses": 456000000, "otherExpenses": 1634000, "operatingExpenses": 456000000, "costAndExpenses": 2554864000, "interestIncome": 4668000, "interestExpense": 44237000, "depreciationAndAmortization": 82827000, "ebitda": 276589000, "ebitdaratio": 0.1003172123, "operatingIncome": 202280000, "operatingIncomeRatio": 0.0733657727, "totalOtherIncomeExpensesNet": -4450000, "incomeBeforeTax": 143441000, "incomeBeforeTaxRatio": 0.0520252116, "incomeTaxExpense": 43135000, "netIncome": 94351000, "netIncomeRatio": 0.0342205558, "eps": 4.23, "epsdiluted": 4.2, "weightedAverageShsOut": 22306000, "weightedAverageShsOutDil": 22446000, "link": "https://www.sec.gov/Archives/edgar/data/102729/000010272919000003/0000102729-19-000003-index.htm", "finalLink": "https://www.sec.gov/Archives/edgar/data/102729/000010272919000003/a10-k12292018.htm", "calculatedOtherExpenses": -11500000, "calculatedOperatingExpenses": 456000000, "calculatedNetInterest": -39569000, "calculatedOtherIncome": -19270000, "calculatedIncomeNonControlling": 5955000, "calculatedEbitda": 285107000}, {"date": "2017-12-30", "symbol": "VMI", "reportedCurrency": "USD", "cik": "0000102729", "fillingDate": "2018-02-28", "acceptedDate": "2018-02-28 15:02:43", "calendarYear": "2017", "period": "FY", "revenue": 2745967000, "costOfRevenue": 2064199000, "grossProfit": 681768000, "grossProfitRatio": 0.2482797499, "researchAndDevelopmentExpenses": 11600000, "generalAndAdministrativeExpenses": 0, "sellingAndMarketingExpenses": 0, "sellingGeneralAndAdministrativeExpenses": 415336000, "otherExpenses": 1940000, "operatingExpenses": 415336000, "costAndExpenses": 2479535000, "interestIncome": 4737000, "interestExpense": 44645000, "depreciationAndAmortization": 84957000, "ebitda": 358066000, "ebitdaratio": 0.1303970514, "operatingIncome": 266432000, "operatingIncomeRatio": 0.0970266576, "totalOtherIncomeExpensesNet": 1940000, "incomeBeforeTax": 228464000, "incomeBeforeTaxRatio": 0.0831998345, "incomeTaxExpense": 106145000, "netIncome": 116240000, "netIncomeRatio": 0.0423311715, "eps": 5.16, "epsdiluted": 5.11, "weightedAverageShsOut": 22520000, "weightedAverageShsOutDil": 22738000, "link": "https://www.sec.gov/Archives/edgar/data/102729/000010272918000008/0000102729-18-000008-index.htm", "finalLink": "https://www.sec.gov/Archives/edgar/data/102729/000010272918000008/vmi-20171230x10k.htm", "calculatedOtherExpenses": -11600000, "calculatedOperatingExpenses": 415336000, "calculatedNetInterest": -39908000, "calculatedOtherIncome": 1940000, "calculatedIncomeNonControlling": 6079000, "calculatedEbitda": 351389000}, {"date": "2016-12-31", "symbol": "VMI", "reportedCurrency": "USD", "cik": "0000102729", "fillingDate": "2017-03-01", "acceptedDate": "2017-03-01 12:24:51", "calendarYear": "2016", "period": "FY", "revenue": 2521676000, "costOfRevenue": 1865433000, "grossProfit": 656243000, "grossProfitRatio": 0.2602408081, "researchAndDevelopmentExpenses": 8300000, "generalAndAdministrativeExpenses": 0, "sellingAndMarketingExpenses": 0, "sellingGeneralAndAdministrativeExpenses": 412739000, "otherExpenses": 18254000, "operatingExpenses": 412739000, "costAndExpenses": 2278172000, "interestIncome": 3105000, "interestExpense": 44409000, "depreciationAndAmortization": 82417000, "ebitda": 347280000, "ebitdaratio": 0.1377179305, "operatingIncome": 243504000, "operatingIncomeRatio": 0.0965643485, "totalOtherIncomeExpensesNet": 18254000, "incomeBeforeTax": 220454000, "incomeBeforeTaxRatio": 0.0874236024, "incomeTaxExpense": 42063000, "netIncome": 173232000, "netIncomeRatio": 0.0686971681, "eps": 7.68, "epsdiluted": 7.63, "weightedAverageShsOut": 22562000, "weightedAverageShsOutDil": 22709000, "link": "https://www.sec.gov/Archives/edgar/data/102729/000162828017002033/0001628280-17-002033-index.htm", "finalLink": "https://www.sec.gov/Archives/edgar/data/102729/000162828017002033/vmi-20161231x10k.htm", "calculatedOtherExpenses": -8300000, "calculatedOperatingExpenses": 412739000, "calculatedNetInterest": -41304000, "calculatedOtherIncome": 18254000, "calculatedIncomeNonControlling": 5159000, "calculatedEbitda": 325921000}, {"date": "2015-12-26", "symbol": "VMI", "reportedCurrency": "USD", "cik": "0000102729", "fillingDate": "2016-02-24", "acceptedDate": "2016-02-24 17:02:03", "calendarYear": "2015", "period": "FY", "revenue": 2618924000, "costOfRevenue": 1997891000, "grossProfit": 621033000, "grossProfitRatio": 0.2371328836, "researchAndDevelopmentExpenses": 11600000, "generalAndAdministrativeExpenses": 0, "sellingAndMarketingExpenses": 0, "sellingGeneralAndAdministrativeExpenses": 447368000, "otherExpenses": 2637000, "operatingExpenses": 447368000, "costAndExpenses": 2445259000, "interestIncome": 3296000, "interestExpense": 44621000, "depreciationAndAmortization": 91144000, "ebitda": 270742000, "ebitdaratio": 0.1033790977, "operatingIncome": 131695000, "operatingIncomeRatio": 0.0502859189, "totalOtherIncomeExpensesNet": -39333000, "incomeBeforeTax": 93007000, "incomeBeforeTaxRatio": 0.0355134399, "incomeTaxExpense": 47427000, "netIncome": 40117000, "netIncomeRatio": 0.015318123, "eps": 1.72, "epsdiluted": 1.71, "weightedAverageShsOut": 23288000, "weightedAverageShsOutDil": 23405000, "link": "https://www.sec.gov/Archives/edgar/data/102729/000010272916000009/0000102729-16-000009-index.htm", "finalLink": "https://www.sec.gov/Archives/edgar/data/102729/000010272916000009/vmi-20151226x10k.htm", "calculatedOtherExpenses": 30370000, "calculatedOperatingExpenses": 489338000, "calculatedNetInterest": -41325000, "calculatedOtherIncome": 2637000, "calculatedIncomeNonControlling": 5463000, "calculatedEbitda": 222839000}, {"date": "2014-12-27", "symbol": "VMI", "reportedCurrency": "USD", "cik": "0000102729", "fillingDate": "2015-02-25", "acceptedDate": "2015-02-25 12:40:15", "calendarYear": "2014", "period": "FY", "revenue": 3123143000, "costOfRevenue": 2315026000, "grossProfit": 808117000, "grossProfitRatio": 0.2587512003, "researchAndDevelopmentExpenses": 13900000, "generalAndAdministrativeExpenses": 0, "sellingAndMarketingExpenses": 0, "sellingGeneralAndAdministrativeExpenses": 450401000, "otherExpenses": -4084000, "operatingExpenses": 450401000, "costAndExpenses": 2765427000, "interestIncome": 6046000, "interestExpense": 36790000, "depreciationAndAmortization": 89328000, "ebitda": 320973000, "ebitdaratio": 0.1027724315, "operatingIncome": 357716000, "operatingIncomeRatio": 0.1145371826, "totalOtherIncomeExpensesNet": -4084000, "incomeBeforeTax": 284183000, "incomeBeforeTaxRatio": 0.0909926315, "incomeTaxExpense": 94894000, "netIncome": 183976000, "netIncomeRatio": 0.0589073251, "eps": 7.15, "epsdiluted": 7.09, "weightedAverageShsOut": 25719000, "weightedAverageShsOutDil": 25932000, "link": "https://www.sec.gov/Archives/edgar/data/102729/000104746915001179/0001047469-15-001179-index.htm", "finalLink": "https://www.sec.gov/Archives/edgar/data/102729/000104746915001179/a2223109z10-k.htm", "calculatedOtherExpenses": -13900000, "calculatedOperatingExpenses": 450401000, "calculatedNetInterest": -30744000, "calculatedOtherIncome": -42789000, "calculatedIncomeNonControlling": 5313000, "calculatedEbitda": 447044000}, {"date": "2013-12-28", "symbol": "VMI", "reportedCurrency": "USD", "cik": "0000102729", "fillingDate": "2014-02-25", "acceptedDate": "2014-02-25 12:45:36", "calendarYear": "2013", "period": "FY", "revenue": 3304211000, "costOfRevenue": 2358983000, "grossProfit": 945228000, "grossProfitRatio": 0.2860676876, "researchAndDevelopmentExpenses": 10200000, "generalAndAdministrativeExpenses": 0, "sellingAndMarketingExpenses": 0, "sellingGeneralAndAdministrativeExpenses": 472159000, "otherExpenses": 2373000, "operatingExpenses": 472159000, "costAndExpenses": 2831142000, "interestIncome": 6477000, "interestExpense": 32502000, "depreciationAndAmortization": 77436000, "ebitda": 481919000, "ebitdaratio": 0.1458499472, "operatingIncome": 473069000, "operatingIncomeRatio": 0.1431715469, "totalOtherIncomeExpensesNet": 2373000, "incomeBeforeTax": 449417000, "incomeBeforeTaxRatio": 0.1360134083, "incomeTaxExpense": 157781000, "netIncome": 278489000, "netIncomeRatio": 0.0842830558, "eps": 10.45, "epsdiluted": 10.35, "weightedAverageShsOut": 26641000, "weightedAverageShsOutDil": 26899000, "link": "https://www.sec.gov/Archives/edgar/data/102729/000104746914001292/0001047469-14-001292-index.htm", "finalLink": "https://www.sec.gov/Archives/edgar/data/102729/000104746914001292/a2218400z10-k.htm", "calculatedOtherExpenses": -10200000, "calculatedOperatingExpenses": 472159000, "calculatedNetInterest": -26025000, "calculatedOtherIncome": 2373000, "calculatedIncomeNonControlling": 13147000, "calculatedEbitda": 550505000}, {"date": "2012-12-29", "symbol": "VMI", "reportedCurrency": "USD", "cik": "0000102729", "fillingDate": "2013-02-26", "acceptedDate": "2013-02-26 11:53:34", "calendarYear": "2012", "period": "FY", "revenue": 3029541000, "costOfRevenue": 2227085000, "grossProfit": 802456000, "grossProfitRatio": 0.2648770886, "researchAndDevelopmentExpenses": 7100000, "generalAndAdministrativeExpenses": 0, "sellingAndMarketingExpenses": 0, "sellingGeneralAndAdministrativeExpenses": 420160000, "otherExpenses": 347000, "operatingExpenses": 420160000, "costAndExpenses": 2647245000, "interestIncome": 8272000, "interestExpense": 31625000, "depreciationAndAmortization": 70218000, "ebitda": 390915000, "ebitdaratio": 0.1290343983, "operatingIncome": 382296000, "operatingIncomeRatio": 0.1261894129, "totalOtherIncomeExpensesNet": 347000, "incomeBeforeTax": 359290000, "incomeBeforeTaxRatio": 0.1185955232, "incomeTaxExpense": 126502000, "netIncome": 234072000, "netIncomeRatio": 0.0772631894, "eps": 8.84, "epsdiluted": 8.75, "weightedAverageShsOut": 26471000, "weightedAverageShsOutDil": 26764000, "link": "https://www.sec.gov/Archives/edgar/data/102729/000104746913001680/0001047469-13-001680-index.htm", "finalLink": "https://www.sec.gov/Archives/edgar/data/102729/000104746913001680/a2213079z10-k.htm", "calculatedOtherExpenses": -7100000, "calculatedOperatingExpenses": 420160000, "calculatedNetInterest": -23353000, "calculatedOtherIncome": 347000, "calculatedIncomeNonControlling": -1284000, "calculatedEbitda": 452514000}, {"date": "2011-12-31", "symbol": "VMI", "reportedCurrency": "USD", "cik": "0000102729", "fillingDate": "2012-02-28", "acceptedDate": "2012-02-28 11:36:14", "calendarYear": "2011", "period": "FY", "revenue": 2661480000, "costOfRevenue": 1994670000, "grossProfit": 666810000, "grossProfitRatio": 0.2505410523, "researchAndDevelopmentExpenses": 0, "generalAndAdministrativeExpenses": 0, "sellingAndMarketingExpenses": 0, "sellingGeneralAndAdministrativeExpenses": 403500000, "otherExpenses": 0, "operatingExpenses": 403500000, "costAndExpenses": 2398170000, "interestIncome": 9265000, "interestExpense": 36175000, "depreciationAndAmortization": 74560000, "ebitda": 272575000, "ebitdaratio": 0.1024148218, "operatingIncome": 263310000, "operatingIncomeRatio": 0.098933676, "totalOtherIncomeExpensesNet": -2643000, "incomeBeforeTax": 233757000, "incomeBeforeTaxRatio": 0.0878297038, "incomeTaxExpense": -4590000, "netIncome": 228308000, "netIncomeRatio": 0.0857823467, "eps": 8.67, "epsdiluted": 8.6, "weightedAverageShsOut": 26329000, "weightedAverageShsOutDil": 26550000, "link": "https://www.sec.gov/Archives/edgar/data/102729/000104746912001703/0001047469-12-001703-index.htm", "finalLink": "https://www.sec.gov/Archives/edgar/data/102729/000104746912001703/a2207381z10-k.htm", "calculatedOtherExpenses": 0, "calculatedOperatingExpenses": 403500000, "calculatedNetInterest": -26910000, "calculatedOtherIncome": -2643000, "calculatedIncomeNonControlling": 10039000, "calculatedEbitda": 337870000}, {"date": "2010-12-25", "symbol": "VMI", "reportedCurrency": "USD", "cik": "0000102729", "fillingDate": "2011-02-23", "acceptedDate": "2011-02-23 12:32:33", "calendarYear": "2010", "period": "FY", "revenue": 1975505000, "costOfRevenue": 1455931000, "grossProfit": 519574000, "grossProfitRatio": 0.2630081928, "researchAndDevelopmentExpenses": 0, "generalAndAdministrativeExpenses": 0, "sellingAndMarketingExpenses": 0, "sellingGeneralAndAdministrativeExpenses": 341161000, "otherExpenses": 0, "operatingExpenses": 341161000, "costAndExpenses": 1797092000, "interestIncome": 4840000, "interestExpense": 30947000, "depreciationAndAmortization": 59663000, "ebitda": 183253000, "ebitdaratio": 0.0927626101, "operatingIncome": 178413000, "operatingIncomeRatio": 0.0903126036, "totalOtherIncomeExpensesNet": 676000, "incomeBeforeTax": 152982000, "incomeBeforeTaxRatio": 0.0774394395, "incomeTaxExpense": 55008000, "netIncome": 94379000, "netIncomeRatio": 0.0477746197, "eps": 3.62, "epsdiluted": 3.57, "weightedAverageShsOut": 26100000, "weightedAverageShsOutDil": 26422000, "link": "https://www.sec.gov/Archives/edgar/data/102729/000104746911001183/0001047469-11-001183-index.htm", "finalLink": "https://www.sec.gov/Archives/edgar/data/102729/000104746911001183/a2202005z10-k.htm", "calculatedOtherExpenses": 0, "calculatedOperatingExpenses": 341161000, "calculatedNetInterest": -26107000, "calculatedOtherIncome": 676000, "calculatedIncomeNonControlling": 3595000, "calculatedEbitda": 238076000}, {"date": "2009-12-26", "symbol": "VMI", "reportedCurrency": "USD", "cik": "0000102729", "fillingDate": "2010-02-23", "acceptedDate": "2010-02-23 16:06:50", "calendarYear": "2009", "period": "FY", "revenue": 1786601000, "costOfRevenue": 1254587000, "grossProfit": 532014000, "grossProfitRatio": 0.2977799744, "researchAndDevelopmentExpenses": 0, "generalAndAdministrativeExpenses": 0, "sellingAndMarketingExpenses": 0, "sellingGeneralAndAdministrativeExpenses": 294020000, "otherExpenses": 0, "operatingExpenses": 294020000, "costAndExpenses": 1548607000, "interestIncome": 1510000, "interestExpense": 15760000, "depreciationAndAmortization": 44748000, "ebitda": 241844000, "ebitdaratio": 0.1353654229, "operatingIncome": 237994000, "operatingIncomeRatio": 0.133210493, "totalOtherIncomeExpensesNet": 751000, "incomeBeforeTax": 226084000, "incomeBeforeTaxRatio": 0.1265442032, "incomeTaxExpense": 72894000, "netIncome": 153941000, "netIncomeRatio": 0.0861641743, "eps": 5.8, "epsdiluted": 5.73, "weightedAverageShsOut": 25951000, "weightedAverageShsOutDil": 26289000, "link": "https://www.sec.gov/Archives/edgar/data/102729/000104746910001156/0001047469-10-001156-index.htm", "finalLink": "https://www.sec.gov/Archives/edgar/data/102729/000104746910001156/a2196509z10-k.htm", "calculatedOtherExpenses": 0, "calculatedOperatingExpenses": 294020000, "calculatedNetInterest": -14250000, "calculatedOtherIncome": 2340000, "calculatedIncomeNonControlling": -751000, "calculatedEbitda": 282742000}, {"date": "2008-12-27", "symbol": "VMI", "reportedCurrency": "USD", "cik": "0000102729", "fillingDate": "2009-02-24", "acceptedDate": "2009-02-24 16:29:12", "calendarYear": "2008", "period": "FY", "revenue": 1907278000, "costOfRevenue": 1396794000, "grossProfit": 510484000, "grossProfitRatio": 0.267650547, "researchAndDevelopmentExpenses": 0, "generalAndAdministrativeExpenses": 0, "sellingAndMarketingExpenses": 0, "sellingGeneralAndAdministrativeExpenses": 281893000, "otherExpenses": 0, "operatingExpenses": 281893000, "costAndExpenses": 1678687000, "interestIncome": 2323000, "interestExpense": 18267000, "depreciationAndAmortization": 39597000, "ebitda": 267602000, "ebitdaratio": 0.1403057132, "operatingIncome": 228591000, "operatingIncomeRatio": 0.1198519566, "totalOtherIncomeExpensesNet": -6214000, "incomeBeforeTax": 202610000, "incomeBeforeTaxRatio": 0.1062299256, "incomeTaxExpense": 70213000, "netIncome": 132397000, "netIncomeRatio": 0.069416729, "eps": 5.13, "epsdiluted": 5.04, "weightedAverageShsOut": 25815000, "weightedAverageShsOutDil": 26273000, "link": "https://www.sec.gov/Archives/edgar/data/102729/000104746909001743/0001047469-09-001743-index.htm", "finalLink": "https://www.sec.gov/Archives/edgar/data/102729/000104746909001743/a2190681z10-k.htm", "calculatedOtherExpenses": 0, "calculatedOperatingExpenses": 281893000, "calculatedNetInterest": -15944000, "calculatedOtherIncome": -10037000, "calculatedIncomeNonControlling": 0, "calculatedEbitda": 268188000}, {"date": "2007-12-29", "symbol": "VMI", "reportedCurrency": "USD", "cik": "0000102729", "fillingDate": "2008-02-26", "acceptedDate": "2008-02-26 11:28:00", "calendarYear": "2007", "period": "FY", "revenue": 1499834000, "costOfRevenue": 1099989000, "grossProfit": 399845000, "grossProfitRatio": 0.2665928363, "researchAndDevelopmentExpenses": 0, "generalAndAdministrativeExpenses": 0, "sellingAndMarketingExpenses": 0, "sellingGeneralAndAdministrativeExpenses": 244219000, "otherExpenses": 0, "operatingExpenses": 244219000, "costAndExpenses": 1344208000, "interestIncome": 0, "interestExpense": 17434000, "depreciationAndAmortization": 35176000, "ebitda": 191343000, "ebitdaratio": 0.1275761184, "operatingIncome": 155626000, "operatingIncomeRatio": 0.1037621497, "totalOtherIncomeExpensesNet": 145000, "incomeBeforeTax": 140169000, "incomeBeforeTaxRatio": 0.0934563425, "incomeTaxExpense": 44020000, "netIncome": 94713000, "netIncomeRatio": 0.0631489885, "eps": 3.71, "epsdiluted": 3.63, "weightedAverageShsOut": 25529111, "weightedAverageShsOutDil": 26091736, "link": "https://www.sec.gov/Archives/edgar/data/102729/000104746908001722/0001047469-08-001722-index.htm", "finalLink": "https://www.sec.gov/Archives/edgar/data/102729/000104746908001722/a2182782z10-k.htm", "calculatedOtherExpenses": 0, "calculatedOperatingExpenses": 244219000, "calculatedNetInterest": -17434000, "calculatedOtherIncome": 1977000, "calculatedIncomeNonControlling": 1436000, "calculatedEbitda": 190802000}, {"date": "2006-12-30", "symbol": "VMI", "reportedCurrency": "USD", "cik": "0000102729", "fillingDate": "2007-02-27", "acceptedDate": "2007-02-27 12:33:29", "calendarYear": "2006", "period": "FY", "revenue": 1281281000, "costOfRevenue": 954555000, "grossProfit": 326726000, "grossProfitRatio": 0.2549994888, "researchAndDevelopmentExpenses": 0, "generalAndAdministrativeExpenses": 0, "sellingAndMarketingExpenses": 0, "sellingGeneralAndAdministrativeExpenses": 216641000, "otherExpenses": 0, "operatingExpenses": 216641000, "costAndExpenses": 1171196000, "interestIncome": 0, "interestExpense": 16347000, "depreciationAndAmortization": 36541000, "ebitda": 145252000, "ebitdaratio": 0.1133646718, "operatingIncome": 110085000, "operatingIncomeRatio": 0.0859179212, "totalOtherIncomeExpensesNet": -1291000, "incomeBeforeTax": 96319000, "incomeBeforeTaxRatio": 0.075173986, "incomeTaxExpense": 30820000, "netIncome": 61544000, "netIncomeRatio": 0.0480331793, "eps": 2.44, "epsdiluted": 2.38, "weightedAverageShsOut": 25222951, "weightedAverageShsOutDil": 25858824, "link": "https://www.sec.gov/Archives/edgar/data/102729/000110465907014217/0001104659-07-014217-index.htm", "finalLink": "https://www.sec.gov/Archives/edgar/data/102729/000110465907014217/a07-4532_110k.htm", "calculatedOtherExpenses": 0, "calculatedOperatingExpenses": 216641000, "calculatedNetInterest": -16347000, "calculatedOtherIncome": 2581000, "calculatedIncomeNonControlling": 3955000, "calculatedEbitda": 146626000}, {"date": "2005-12-31", "symbol": "VMI", "reportedCurrency": "USD", "cik": "0000102729", "fillingDate": "2006-03-14", "acceptedDate": "2006-03-14 09:47:48", "calendarYear": "2005", "period": "FY", "revenue": 1108100000, "costOfRevenue": 829805000, "grossProfit": 278295000, "grossProfitRatio": 0.2511461059, "researchAndDevelopmentExpenses": 0, "generalAndAdministrativeExpenses": 0, "sellingAndMarketingExpenses": 0, "sellingGeneralAndAdministrativeExpenses": 195432000, "otherExpenses": 0, "operatingExpenses": 195432000, "costAndExpenses": 1025237000, "interestIncome": 0, "interestExpense": 20238000, "depreciationAndAmortization": 39807000, "ebitda": 123472000, "ebitdaratio": 0.1114267665, "operatingIncome": 82863000, "operatingIncomeRatio": 0.074779352, "totalOtherIncomeExpensesNet": -696000, "incomeBeforeTax": 64373000, "incomeBeforeTaxRatio": 0.0580931324, "incomeTaxExpense": 24348000, "netIncome": 39079000, "netIncomeRatio": 0.0352666727, "eps": 1.61, "epsdiluted": 1.54, "weightedAverageShsOut": 24287000, "weightedAverageShsOutDil": 25367000, "link": "https://www.sec.gov/Archives/edgar/data/102729/000110465906016322/0001104659-06-016322-index.htm", "finalLink": "https://www.sec.gov/Archives/edgar/data/102729/000110465906016322/a06-1899_110k.htm", "calculatedOtherExpenses": 0, "calculatedOperatingExpenses": 195432000, "calculatedNetInterest": -20238000, "calculatedOtherIncome": 1748000, "calculatedIncomeNonControlling": 946000, "calculatedEbitda": 122670000}, {"date": "2004-12-25", "symbol": "VMI", "reportedCurrency": "USD", "cik": "0000102729", "fillingDate": "2005-03-08", "acceptedDate": "2005-03-08 16:27:54", "calendarYear": "2004", "period": "FY", "revenue": 1031475000, "costOfRevenue": 785553000, "grossProfit": 245922000, "grossProfitRatio": 0.2384177998, "researchAndDevelopmentExpenses": 0, "generalAndAdministrativeExpenses": 0, "sellingAndMarketingExpenses": 0, "sellingGeneralAndAdministrativeExpenses": 175810000, "otherExpenses": 0, "operatingExpenses": 175810000, "costAndExpenses": 961363000, "interestIncome": 0, "interestExpense": 37643000, "depreciationAndAmortization": 38644000, "ebitda": 119295000, "ebitdaratio": 0.1156547662, "operatingIncome": 70112000, "operatingIncomeRatio": 0.0679725636, "totalOtherIncomeExpensesNet": -9967000, "incomeBeforeTax": 45046000, "incomeBeforeTaxRatio": 0.0436714414, "incomeTaxExpense": 16127000, "netIncome": 26881000, "netIncomeRatio": 0.0260607383, "eps": 1.13, "epsdiluted": 1.1, "weightedAverageShsOut": 23788496, "weightedAverageShsOutDil": 24437273, "link": "https://www.sec.gov/Archives/edgar/data/102729/000110465905009963/0001104659-05-009963-index.htm", "finalLink": "https://www.sec.gov/Archives/edgar/data/102729/000110465905009963/a05-4331_110k.htm", "calculatedOtherExpenses": 0, "calculatedOperatingExpenses": 175810000, "calculatedNetInterest": -37643000, "calculatedOtherIncome": 12577000, "calculatedIncomeNonControlling": 2038000, "calculatedEbitda": 108756000}, {"date": "2003-12-27", "symbol": "VMI", "reportedCurrency": "USD", "cik": "0000102729", "fillingDate": "2004-03-10", "acceptedDate": "2004-03-10 10:18:39", "calendarYear": "2003", "period": "FY", "revenue": 837625000, "costOfRevenue": 629635000, "grossProfit": 207990000, "grossProfitRatio": 0.2483092076, "researchAndDevelopmentExpenses": 0, "generalAndAdministrativeExpenses": 0, "sellingAndMarketingExpenses": 0, "sellingGeneralAndAdministrativeExpenses": 153367000, "otherExpenses": 0, "operatingExpenses": 153367000, "costAndExpenses": 783002000, "interestIncome": 0, "interestExpense": 13244000, "depreciationAndAmortization": 34597000, "ebitda": 89862000, "ebitdaratio": 0.1072818982, "operatingIncome": 54623000, "operatingIncomeRatio": 0.0652117594, "totalOtherIncomeExpensesNet": -1578000, "incomeBeforeTax": 45545000, "incomeBeforeTaxRatio": 0.054373974, "incomeTaxExpense": 16534000, "netIncome": 25487000, "netIncomeRatio": 0.0304276974, "eps": 1.07, "epsdiluted": 1.05, "weightedAverageShsOut": 23819626, "weightedAverageShsOutDil": 24273333, "link": "https://www.sec.gov/Archives/edgar/data/102729/000104746904007232/0001047469-04-007232-index.htm", "finalLink": "https://www.sec.gov/Archives/edgar/data/102729/000104746904007232/a2129733z10-k.htm", "calculatedOtherExpenses": 0, "calculatedOperatingExpenses": 153367000, "calculatedNetInterest": -13244000, "calculatedOtherIncome": 4166000, "calculatedIncomeNonControlling": 3524000, "calculatedEbitda": 89220000}, {"date": "2002-12-28", "symbol": "VMI", "reportedCurrency": "USD", "cik": "0000102729", "fillingDate": "2003-03-28", "acceptedDate": "2003-03-28 12:06:14", "calendarYear": "2002", "period": "FY", "revenue": 854898000, "costOfRevenue": 623422000, "grossProfit": 231476000, "grossProfitRatio": 0.2707644655, "researchAndDevelopmentExpenses": 0, "generalAndAdministrativeExpenses": 0, "sellingAndMarketingExpenses": 0, "sellingGeneralAndAdministrativeExpenses": 161187000, "otherExpenses": 0, "operatingExpenses": 161187000, "costAndExpenses": 784609000, "interestIncome": 0, "interestExpense": 15860000, "depreciationAndAmortization": 33942000, "ebitda": 105068000, "ebitdaratio": 0.1229012116, "operatingIncome": 70289000, "operatingIncomeRatio": 0.0822191653, "totalOtherIncomeExpensesNet": -3179000, "incomeBeforeTax": 59278000, "incomeBeforeTaxRatio": 0.0693392662, "incomeTaxExpense": 21637000, "netIncome": 33629000, "netIncomeRatio": 0.0393368566, "eps": 1.4, "epsdiluted": 1.37, "weightedAverageShsOut": 24020714, "weightedAverageShsOutDil": 24546715, "link": "https://www.sec.gov/Archives/edgar/data/102729/000104746903010763/0001047469-03-010763-index.htm", "finalLink": "https://www.sec.gov/Archives/edgar/data/102729/000104746903010763/a2105207z10-k.htm", "calculatedOtherExpenses": 0, "calculatedOperatingExpenses": 161187000, "calculatedNetInterest": -15860000, "calculatedOtherIncome": 4849000, "calculatedIncomeNonControlling": 4012000, "calculatedEbitda": 104231000}, {"date": "2001-12-29", "symbol": "VMI", "reportedCurrency": "USD", "cik": "0000102729", "fillingDate": "2002-03-22", "acceptedDate": "2002-03-22 00:00:00", "calendarYear": "2001", "period": "FY", "revenue": 872380000, "costOfRevenue": 654759000, "grossProfit": 217621000, "grossProfitRatio": 0.2494566588, "researchAndDevelopmentExpenses": 0, "generalAndAdministrativeExpenses": 0, "sellingAndMarketingExpenses": 0, "sellingGeneralAndAdministrativeExpenses": 152600000, "otherExpenses": 0, "operatingExpenses": 152600000, "costAndExpenses": 807359000, "interestIncome": 0, "interestExpense": 20952000, "depreciationAndAmortization": 36324000, "ebitda": 101869000, "ebitdaratio": 0.1167713611, "operatingIncome": 65021000, "operatingIncomeRatio": 0.074532887, "totalOtherIncomeExpensesNet": -3889000, "incomeBeforeTax": 48467000, "incomeBeforeTaxRatio": 0.0555572113, "incomeTaxExpense": 17900000, "netIncome": 26693000, "netIncomeRatio": 0.0305979046, "eps": 1.1, "epsdiluted": 1.09, "weightedAverageShsOut": 24266364, "weightedAverageShsOutDil": 24488991, "link": "https://www.sec.gov/Archives/edgar/data/102729/000091205702011162/0000912057-02-011162-index.htm", "finalLink": "https://www.sec.gov/Archives/edgar/data/102729/000091205702011162/a2073960z10-k405.htm", "calculatedOtherExpenses": 0, "calculatedOperatingExpenses": 152600000, "calculatedNetInterest": -20952000, "calculatedOtherIncome": 4398000, "calculatedIncomeNonControlling": 3874000, "calculatedEbitda": 101345000}, {"date": "2000-12-30", "symbol": "VMI", "reportedCurrency": "USD", "cik": "0000102729", "fillingDate": "2001-03-23", "acceptedDate": "2001-03-23 00:00:00", "calendarYear": "2000", "period": "FY", "revenue": 846129000, "costOfRevenue": 603976000, "grossProfit": 242153000, "grossProfitRatio": 0.2861892217, "researchAndDevelopmentExpenses": 0, "generalAndAdministrativeExpenses": 0, "sellingAndMarketingExpenses": 0, "sellingGeneralAndAdministrativeExpenses": 144627000, "otherExpenses": 30270000, "operatingExpenses": 174897000, "costAndExpenses": 778873000, "interestIncome": 0, "interestExpense": 20471000, "depreciationAndAmortization": 30270000, "ebitda": 99141000, "ebitdaratio": 0.1171700769, "operatingIncome": 67256000, "operatingIncomeRatio": 0.0794866977, "totalOtherIncomeExpensesNet": -1615000, "incomeBeforeTax": 48400000, "incomeBeforeTaxRatio": 0.0572016796, "incomeTaxExpense": 18000000, "netIncome": 30400000, "netIncomeRatio": 0.0359283277, "eps": 1.31, "epsdiluted": 1.28, "weightedAverageShsOut": 23206107, "weightedAverageShsOutDil": 23750000, "link": "https://www.sec.gov/Archives/edgar/data/102729/000091205701008073/0000912057-01-008073-index.htm", "finalLink": "https://www.sec.gov/Archives/edgar/data/102729/000091205701008073/a2042036z10-k405.htm", "calculatedOtherExpenses": 30270000, "calculatedOperatingExpenses": 174897000, "calculatedNetInterest": -20471000, "calculatedOtherIncome": 1615000, "calculatedIncomeNonControlling": 0, "calculatedEbitda": 97526000}, {"date": "1999-12-25", "symbol": "VMI", "reportedCurrency": "USD", "cik": "0000102729", "fillingDate": "2000-03-22", "acceptedDate": "2000-03-22 00:00:00", "calendarYear": "1999", "period": "FY", "revenue": 614200000, "costOfRevenue": 419500000, "grossProfit": 194700000, "grossProfitRatio": 0.3169977206, "researchAndDevelopmentExpenses": 0, "generalAndAdministrativeExpenses": 0, "sellingAndMarketingExpenses": 0, "sellingGeneralAndAdministrativeExpenses": 122600000, "otherExpenses": 21900000, "operatingExpenses": 144500000, "costAndExpenses": 564000000, "interestIncome": 0, "interestExpense": 8900000, "depreciationAndAmortization": 21900000, "ebitda": 73000000, "ebitdaratio": 0.1188537936, "operatingIncome": 50200000, "operatingIncomeRatio": 0.0817323347, "totalOtherIncomeExpensesNet": -900000, "incomeBeforeTax": 42200000, "incomeBeforeTaxRatio": 0.0687072615, "incomeTaxExpense": 15800000, "netIncome": 26400000, "netIncomeRatio": 0.0429827418, "eps": 1.09, "epsdiluted": 1.08, "weightedAverageShsOut": 24220183, "weightedAverageShsOutDil": 24444444, "link": "https://www.sec.gov/Archives/edgar/data/102729/000091205700012769/0000912057-00-012769-index.html", "finalLink": "https://www.sec.gov/Archives/edgar/data/102729/000091205700012769/", "calculatedOtherExpenses": 21900000, "calculatedOperatingExpenses": 144500000, "calculatedNetInterest": -8900000, "calculatedOtherIncome": 900000, "calculatedIncomeNonControlling": 0, "calculatedEbitda": 72100000}, {"date": "1998-12-26", "symbol": "VMI", "reportedCurrency": "USD", "cik": "0000102729", "fillingDate": "1999-03-24", "acceptedDate": "1999-03-24 00:00:00", "calendarYear": "1998", "period": "FY", "revenue": 606300000, "costOfRevenue": 433700000, "grossProfit": 172600000, "grossProfitRatio": 0.2846775524, "researchAndDevelopmentExpenses": 0, "generalAndAdministrativeExpenses": 0, "sellingAndMarketingExpenses": 0, "sellingGeneralAndAdministrativeExpenses": 105100000, "otherExpenses": 19800000, "operatingExpenses": 124900000, "costAndExpenses": 558600000, "interestIncome": 0, "interestExpense": 2600000, "depreciationAndAmortization": 19800000, "ebitda": 65900000, "ebitdaratio": 0.1086920666, "operatingIncome": 47700000, "operatingIncomeRatio": 0.0786739238, "totalOtherIncomeExpensesNet": 1600000, "incomeBeforeTax": 43500000, "incomeBeforeTaxRatio": 0.0717466601, "incomeTaxExpense": 15900000, "netIncome": 27600000, "netIncomeRatio": 0.0455220188, "eps": 1.04, "epsdiluted": 1.02, "weightedAverageShsOut": 26538462, "weightedAverageShsOutDil": 27058824, "link": "https://www.sec.gov/Archives/edgar/data/102729/000104746999011029/0001047469-99-011029-index.html", "finalLink": "https://www.sec.gov/Archives/edgar/data/102729/", "calculatedOtherExpenses": 19800000, "calculatedOperatingExpenses": 124900000, "calculatedNetInterest": -2600000, "calculatedOtherIncome": -1600000, "calculatedIncomeNonControlling": 0, "calculatedEbitda": 67500000}, {"date": "1997-12-27", "symbol": "VMI", "reportedCurrency": "USD", "cik": "0000102729", "fillingDate": "1998-03-26", "acceptedDate": "1998-03-26 00:00:00", "calendarYear": "1997", "period": "FY", "revenue": 622500000, "costOfRevenue": 436900000, "grossProfit": 185600000, "grossProfitRatio": 0.2981526104, "researchAndDevelopmentExpenses": 0, "generalAndAdministrativeExpenses": 0, "sellingAndMarketingExpenses": 0, "sellingGeneralAndAdministrativeExpenses": 107200000, "otherExpenses": 16400000, "operatingExpenses": 123600000, "costAndExpenses": 560500000, "interestIncome": 0, "interestExpense": 2400000, "depreciationAndAmortization": 16400000, "ebitda": 77700000, "ebitdaratio": 0.1248192771, "operatingIncome": 62000000, "operatingIncomeRatio": 0.0995983936, "totalOtherIncomeExpensesNet": 700000, "incomeBeforeTax": 58900000, "incomeBeforeTaxRatio": 0.0946184739, "incomeTaxExpense": 21400000, "netIncome": 37500000, "netIncomeRatio": 0.0602409639, "eps": 1.36, "epsdiluted": 1.33, "weightedAverageShsOut": 27573529, "weightedAverageShsOutDil": 28195489, "link": "https://www.sec.gov/Archives/edgar/data/102729/000010272998000004/0000102729-98-000004-index.html", "finalLink": "https://www.sec.gov/Archives/edgar/data/102729/", "calculatedOtherExpenses": 16400000, "calculatedOperatingExpenses": 123600000, "calculatedNetInterest": -2400000, "calculatedOtherIncome": -700000, "calculatedIncomeNonControlling": 0, "calculatedEbitda": 78400000}, {"date": "1996-12-28", "symbol": "VMI", "reportedCurrency": "USD", "cik": "0000102729", "fillingDate": "1997-03-25", "acceptedDate": "1997-03-25 00:00:00", "calendarYear": "1996", "period": "FY", "revenue": 644500000, "costOfRevenue": 457700000, "grossProfit": 186800000, "grossProfitRatio": 0.289837083, "researchAndDevelopmentExpenses": 0, "generalAndAdministrativeExpenses": 0, "sellingAndMarketingExpenses": 0, "sellingGeneralAndAdministrativeExpenses": 119600000, "otherExpenses": 14800000, "operatingExpenses": 134400000, "costAndExpenses": 592100000, "interestIncome": 0, "interestExpense": 34700000, "depreciationAndAmortization": 14800000, "ebitda": 82500000, "ebitdaratio": 0.1280062064, "operatingIncome": 52400000, "operatingIncomeRatio": 0.0813033359, "totalOtherIncomeExpensesNet": -15300000, "incomeBeforeTax": 33000000, "incomeBeforeTaxRatio": 0.0512024825, "incomeTaxExpense": 11800000, "netIncome": 21200000, "netIncomeRatio": 0.0328937161, "eps": 0.76, "epsdiluted": 0.76, "weightedAverageShsOut": 28034000, "weightedAverageShsOutDil": 28034000, "link": "https://www.sec.gov/Archives/edgar/data/102729/000010272997000007/0000102729-97-000007-index.html", "finalLink": "https://www.sec.gov/Archives/edgar/data/102729/", "calculatedOtherExpenses": 14800000, "calculatedOperatingExpenses": 134400000, "calculatedNetInterest": -34700000, "calculatedOtherIncome": 15300000, "calculatedIncomeNonControlling": 0, "calculatedEbitda": 67200000}, {"date": "1995-12-30", "symbol": "VMI", "reportedCurrency": "USD", "cik": "0000102729", "fillingDate": "1996-03-22", "acceptedDate": "1996-03-22 00:00:00", "calendarYear": "1995", "period": "FY", "revenue": 544600000, "costOfRevenue": 387300000, "grossProfit": 157300000, "grossProfitRatio": 0.2888358428, "researchAndDevelopmentExpenses": 0, "generalAndAdministrativeExpenses": 0, "sellingAndMarketingExpenses": 0, "sellingGeneralAndAdministrativeExpenses": 103100000, "otherExpenses": 12400000, "operatingExpenses": 115500000, "costAndExpenses": 502800000, "interestIncome": 0, "interestExpense": 2300000, "depreciationAndAmortization": 12400000, "ebitda": 53200000, "ebitdaratio": 0.0976863753, "operatingIncome": 41800000, "operatingIncomeRatio": 0.0767535806, "totalOtherIncomeExpensesNet": 1000000, "incomeBeforeTax": 38500000, "incomeBeforeTaxRatio": 0.0706940874, "incomeTaxExpense": 13700000, "netIncome": 24800000, "netIncomeRatio": 0.0455380095, "eps": 0.9, "epsdiluted": 0.9, "weightedAverageShsOut": 27466000, "weightedAverageShsOutDil": 27466000, "link": "https://www.sec.gov/Archives/edgar/data/102729/000010272996000020/0000102729-96-000020-index.html", "finalLink": "https://www.sec.gov/Archives/edgar/data/102729/", "calculatedOtherExpenses": 12400000, "calculatedOperatingExpenses": 115500000, "calculatedNetInterest": -2300000, "calculatedOtherIncome": -1000000, "calculatedIncomeNonControlling": 0, "calculatedEbitda": 54200000}, {"date": "1994-12-31", "symbol": "VMI", "reportedCurrency": "USD", "cik": "0000102729", "fillingDate": "1995-03-27", "acceptedDate": "1995-03-27 00:00:00", "calendarYear": "1994", "period": "FY", "revenue": 471700000, "costOfRevenue": 351100000, "grossProfit": 120600000, "grossProfitRatio": 0.2556709773, "researchAndDevelopmentExpenses": 0, "generalAndAdministrativeExpenses": 0, "sellingAndMarketingExpenses": 0, "sellingGeneralAndAdministrativeExpenses": 83200000, "otherExpenses": 10400000, "operatingExpenses": 93600000, "costAndExpenses": 444700000, "interestIncome": 0, "interestExpense": -400000, "depreciationAndAmortization": 10400000, "ebitda": 34900000, "ebitdaratio": 0.073987704, "operatingIncome": 27000000, "operatingIncomeRatio": 0.057239771, "totalOtherIncomeExpensesNet": 2500000, "incomeBeforeTax": 24900000, "incomeBeforeTaxRatio": 0.0527877888, "incomeTaxExpense": 8800000, "netIncome": 16100000, "netIncomeRatio": 0.0341318635, "eps": 0.69, "epsdiluted": 0.69, "weightedAverageShsOut": 23330000, "weightedAverageShsOutDil": 23333333, "link": "https://www.sec.gov/Archives/edgar/data/102729/000010272995000005/0000102729-95-000005-index.html", "finalLink": "https://www.sec.gov/Archives/edgar/data/102729/", "calculatedOtherExpenses": 10400000, "calculatedOperatingExpenses": 93600000, "calculatedNetInterest": 400000, "calculatedOtherIncome": -2500000, "calculatedIncomeNonControlling": 0, "calculatedEbitda": 37400000}, {"date": "1993-12-31", "symbol": "VMI", "reportedCurrency": "USD", "cik": "0000102729", "fillingDate": "1993-12-31", "acceptedDate": "1993-12-31 00:00:00", "calendarYear": "1993", "period": "FY", "revenue": 438800000, "costOfRevenue": 327900000, "grossProfit": 110900000, "grossProfitRatio": 0.2527347311, "researchAndDevelopmentExpenses": 0, "generalAndAdministrativeExpenses": 0, "sellingAndMarketingExpenses": 0, "sellingGeneralAndAdministrativeExpenses": 76500000, "otherExpenses": 10300000, "operatingExpenses": 86800000, "costAndExpenses": 414700000, "interestIncome": 0, "interestExpense": 26400000, "depreciationAndAmortization": 10300000, "ebitda": 44500000, "ebitdaratio": 0.1014129444, "operatingIncome": 24100000, "operatingIncomeRatio": 0.054922516, "totalOtherIncomeExpensesNet": -10100000, "incomeBeforeTax": 8100000, "incomeBeforeTaxRatio": 0.0184594348, "incomeTaxExpense": 2800000, "netIncome": 5000000, "netIncomeRatio": 0.0113947129, "eps": 0.26, "epsdiluted": 0.26, "weightedAverageShsOut": 19230769, "weightedAverageShsOutDil": 19230769, "link": null, "finalLink": null, "calculatedOtherExpenses": 10300000, "calculatedOperatingExpenses": 86800000, "calculatedNetInterest": -26400000, "calculatedOtherIncome": 10400000, "calculatedIncomeNonControlling": 300000, "calculatedEbitda": 34400000}, {"date": "1992-12-31", "symbol": "VMI", "reportedCurrency": "USD", "cik": "0000102729", "fillingDate": "1992-12-31", "acceptedDate": "1992-12-31 00:00:00", "calendarYear": "1992", "period": "FY", "revenue": 424700000, "costOfRevenue": 315300000, "grossProfit": 109400000, "grossProfitRatio": 0.2575935955, "researchAndDevelopmentExpenses": 0, "generalAndAdministrativeExpenses": 0, "sellingAndMarketingExpenses": 0, "sellingGeneralAndAdministrativeExpenses": 76300000, "otherExpenses": 12100000, "operatingExpenses": 88400000, "costAndExpenses": 403700000, "interestIncome": 0, "interestExpense": -2300000, "depreciationAndAmortization": 12100000, "ebitda": 28100000, "ebitdaratio": 0.0661643513, "operatingIncome": 21000000, "operatingIncomeRatio": 0.0494466682, "totalOtherIncomeExpensesNet": 5000000, "incomeBeforeTax": 18300000, "incomeBeforeTaxRatio": 0.0430892395, "incomeTaxExpense": 5100000, "netIncome": 13200000, "netIncomeRatio": 0.0310807629, "eps": 0.57, "epsdiluted": 0.56, "weightedAverageShsOut": 23157895, "weightedAverageShsOutDil": 23571429, "link": null, "finalLink": null, "calculatedOtherExpenses": 12100000, "calculatedOperatingExpenses": 88400000, "calculatedNetInterest": 2300000, "calculatedOtherIncome": -5000000, "calculatedIncomeNonControlling": 0, "calculatedEbitda": 33100000}, {"date": "1991-12-31", "symbol": "VMI", "reportedCurrency": "USD", "cik": "0000102729", "fillingDate": "1991-12-31", "acceptedDate": "1991-12-31 00:00:00", "calendarYear": "1991", "period": "FY", "revenue": 429700000, "costOfRevenue": 329400000, "grossProfit": 100300000, "grossProfitRatio": 0.2334186642, "researchAndDevelopmentExpenses": 0, "generalAndAdministrativeExpenses": 0, "sellingAndMarketingExpenses": 0, "sellingGeneralAndAdministrativeExpenses": 95600000, "otherExpenses": 10800000, "operatingExpenses": 106400000, "costAndExpenses": 435800000, "interestIncome": 0, "interestExpense": 4700000, "depreciationAndAmortization": 10800000, "ebitda": 2800000, "ebitdaratio": 0.0065161741, "operatingIncome": -6100000, "operatingIncomeRatio": -0.0141959507, "totalOtherIncomeExpensesNet": 1900000, "incomeBeforeTax": -12700000, "incomeBeforeTaxRatio": -0.0295555038, "incomeTaxExpense": -4700000, "netIncome": -8000000, "netIncomeRatio": -0.0186176402, "eps": -0.35, "epsdiluted": -0.35, "weightedAverageShsOut": 22631579, "weightedAverageShsOutDil": 22631579, "link": null, "finalLink": null, "calculatedOtherExpenses": 10800000, "calculatedOperatingExpenses": 106400000, "calculatedNetInterest": -4700000, "calculatedOtherIncome": -1900000, "calculatedIncomeNonControlling": 0, "calculatedEbitda": 4700000}, {"date": "1990-12-31", "symbol": "VMI", "reportedCurrency": "USD", "cik": "0000102729", "fillingDate": "1990-12-31", "acceptedDate": "1990-12-31 00:00:00", "calendarYear": "1990", "period": "FY", "revenue": 874400000, "costOfRevenue": 709900000, "grossProfit": 164500000, "grossProfitRatio": 0.1881290027, "researchAndDevelopmentExpenses": 0, "generalAndAdministrativeExpenses": 0, "sellingAndMarketingExpenses": 0, "sellingGeneralAndAdministrativeExpenses": 116900000, "otherExpenses": 10500000, "operatingExpenses": 127400000, "costAndExpenses": 837300000, "interestIncome": 0, "interestExpense": 13000000, "depreciationAndAmortization": 10500000, "ebitda": 48700000, "ebitdaratio": 0.0556953339, "operatingIncome": 37100000, "operatingIncomeRatio": 0.0424290942, "totalOtherIncomeExpensesNet": -1100000, "incomeBeforeTax": 25200000, "incomeBeforeTaxRatio": 0.0288197621, "incomeTaxExpense": 9700000, "netIncome": 15500000, "netIncomeRatio": 0.017726441, "eps": 0.63, "epsdiluted": 0.63, "weightedAverageShsOut": 24603175, "weightedAverageShsOutDil": 24603175, "link": null, "finalLink": null, "calculatedOtherExpenses": 10500000, "calculatedOperatingExpenses": 127400000, "calculatedNetInterest": -13000000, "calculatedOtherIncome": 1100000, "calculatedIncomeNonControlling": 0, "calculatedEbitda": 47600000}, {"date": "1989-12-31", "symbol": "VMI", "reportedCurrency": "USD", "cik": "0000102729", "fillingDate": "1989-12-31", "acceptedDate": "1989-12-31 00:00:00", "calendarYear": "1989", "period": "FY", "revenue": 789800000, "costOfRevenue": 635000000, "grossProfit": 154800000, "grossProfitRatio": 0.1959989871, "researchAndDevelopmentExpenses": 0, "generalAndAdministrativeExpenses": 0, "sellingAndMarketingExpenses": 0, "sellingGeneralAndAdministrativeExpenses": 103700000, "otherExpenses": 8700000, "operatingExpenses": 112400000, "costAndExpenses": 747400000, "interestIncome": 0, "interestExpense": 7500000, "depreciationAndAmortization": 8700000, "ebitda": 51500000, "ebitdaratio": 0.0652063814, "operatingIncome": 42400000, "operatingIncomeRatio": 0.0536844771, "totalOtherIncomeExpensesNet": -400000, "incomeBeforeTax": 35300000, "incomeBeforeTaxRatio": 0.0446948595, "incomeTaxExpense": 14600000, "netIncome": 20700000, "netIncomeRatio": 0.0262091669, "eps": 0.81, "epsdiluted": 0.81, "weightedAverageShsOut": 25555556, "weightedAverageShsOutDil": 25555556, "link": null, "finalLink": null, "calculatedOtherExpenses": 8700000, "calculatedOperatingExpenses": 112400000, "calculatedNetInterest": -7500000, "calculatedOtherIncome": 400000, "calculatedIncomeNonControlling": 0, "calculatedEbitda": 51100000}, {"date": "1988-12-31", "symbol": "VMI", "reportedCurrency": "USD", "cik": "0000102729", "fillingDate": "1988-12-31", "acceptedDate": "1988-12-31 00:00:00", "calendarYear": "1988", "period": "FY", "revenue": 662700000, "costOfRevenue": 527300000, "grossProfit": 135400000, "grossProfitRatio": 0.2043156783, "researchAndDevelopmentExpenses": 0, "generalAndAdministrativeExpenses": 0, "sellingAndMarketingExpenses": 0, "sellingGeneralAndAdministrativeExpenses": 95000000, "otherExpenses": 9000000, "operatingExpenses": 104000000, "costAndExpenses": 631300000, "interestIncome": 0, "interestExpense": 4500000, "depreciationAndAmortization": 9000000, "ebitda": 38800000, "ebitdaratio": 0.0585483628, "operatingIncome": 31400000, "operatingIncomeRatio": 0.0473819224, "totalOtherIncomeExpensesNet": 1600000, "incomeBeforeTax": 25300000, "incomeBeforeTaxRatio": 0.0381771541, "incomeTaxExpense": 10000000, "netIncome": 15300000, "netIncomeRatio": 0.0230873699, "eps": 0.62, "epsdiluted": 0.62, "weightedAverageShsOut": 24677419, "weightedAverageShsOutDil": 24677419, "link": null, "finalLink": null, "calculatedOtherExpenses": 9000000, "calculatedOperatingExpenses": 104000000, "calculatedNetInterest": -4500000, "calculatedOtherIncome": -1600000, "calculatedIncomeNonControlling": 0, "calculatedEbitda": 40400000}, {"date": "1987-12-31", "symbol": "VMI", "reportedCurrency": "USD", "cik": "0000102729", "fillingDate": "1987-12-31", "acceptedDate": "1987-12-31 00:00:00", "calendarYear": "1987", "period": "FY", "revenue": 444900000, "costOfRevenue": 356900000, "grossProfit": 88000000, "grossProfitRatio": 0.1977972578, "researchAndDevelopmentExpenses": 0, "generalAndAdministrativeExpenses": 0, "sellingAndMarketingExpenses": 0, "sellingGeneralAndAdministrativeExpenses": 66700000, "otherExpenses": 7100000, "operatingExpenses": 73800000, "costAndExpenses": 430700000, "interestIncome": 0, "interestExpense": -900000, "depreciationAndAmortization": 7100000, "ebitda": 17800000, "ebitdaratio": 0.0400089908, "operatingIncome": 14200000, "operatingIncomeRatio": 0.0319172848, "totalOtherIncomeExpensesNet": 3500000, "incomeBeforeTax": 11600000, "incomeBeforeTaxRatio": 0.0260732749, "incomeTaxExpense": 3300000, "netIncome": 8300000, "netIncomeRatio": 0.0186558777, "eps": 0.39, "epsdiluted": 0.39, "weightedAverageShsOut": 21282051, "weightedAverageShsOutDil": 21282051, "link": null, "finalLink": null, "calculatedOtherExpenses": 7100000, "calculatedOperatingExpenses": 73800000, "calculatedNetInterest": 900000, "calculatedOtherIncome": -3500000, "calculatedIncomeNonControlling": 0, "calculatedEbitda": 21300000}, {"date": "1986-12-31", "symbol": "VMI", "reportedCurrency": "USD", "cik": "0000102729", "fillingDate": "1986-12-31", "acceptedDate": "1986-12-31 00:00:00", "calendarYear": "1986", "period": "FY", "revenue": 313400000, "costOfRevenue": 241700000, "grossProfit": 71700000, "grossProfitRatio": 0.2287811104, "researchAndDevelopmentExpenses": 0, "generalAndAdministrativeExpenses": 0, "sellingAndMarketingExpenses": 0, "sellingGeneralAndAdministrativeExpenses": 56200000, "otherExpenses": 6400000, "operatingExpenses": 62600000, "costAndExpenses": 304300000, "interestIncome": 0, "interestExpense": 4400000, "depreciationAndAmortization": 6400000, "ebitda": 14700000, "ebitdaratio": 0.0469049138, "operatingIncome": 9100000, "operatingIncomeRatio": 0.0290363752, "totalOtherIncomeExpensesNet": 800000, "incomeBeforeTax": 3900000, "incomeBeforeTaxRatio": 0.0124441608, "incomeTaxExpense": 1700000, "netIncome": 2200000, "netIncomeRatio": 0.007019783, "eps": 0.11, "epsdiluted": 0.11, "weightedAverageShsOut": 20000000, "weightedAverageShsOutDil": 20000000, "link": null, "finalLink": null, "calculatedOtherExpenses": 6400000, "calculatedOperatingExpenses": 62600000, "calculatedNetInterest": -4400000, "calculatedOtherIncome": -800000, "calculatedIncomeNonControlling": 0, "calculatedEbitda": 15500000}, {"date": "1985-12-31", "symbol": "VMI", "reportedCurrency": "USD", "cik": "0000102729", "fillingDate": "1985-12-31", "acceptedDate": "1985-12-31 00:00:00", "calendarYear": "1985", "period": "FY", "revenue": 313400000, "costOfRevenue": 236300000, "grossProfit": 77100000, "grossProfitRatio": 0.2460114869, "researchAndDevelopmentExpenses": 0, "generalAndAdministrativeExpenses": 0, "sellingAndMarketingExpenses": 0, "sellingGeneralAndAdministrativeExpenses": 66800000, "otherExpenses": 6300000, "operatingExpenses": 73100000, "costAndExpenses": 309400000, "interestIncome": 0, "interestExpense": 4000000, "depreciationAndAmortization": 6300000, "ebitda": 8800000, "ebitdaratio": 0.0280791321, "operatingIncome": 4000000, "operatingIncomeRatio": 0.0127632419, "totalOtherIncomeExpensesNet": 1500000, "incomeBeforeTax": -1500000, "incomeBeforeTaxRatio": -0.0047862157, "incomeTaxExpense": -700000, "netIncome": -800000, "netIncomeRatio": -0.0025526484, "eps": -0.04, "epsdiluted": -0.04, "weightedAverageShsOut": 20000000, "weightedAverageShsOutDil": 20000000, "link": null, "finalLink": null, "calculatedOtherExpenses": 6300000, "calculatedOperatingExpenses": 73100000, "calculatedNetInterest": -4000000, "calculatedOtherIncome": -1500000, "calculatedIncomeNonControlling": 0, "calculatedEbitda": 10300000}]}