{"originalCurrency": "USD", "convertedCurrency": "USD", "report": [{"date": "2023-12-31", "symbol": "VNO", "reportedCurrency": "USD", "cik": "0000899689", "fillingDate": "2024-02-12", "acceptedDate": "2024-02-12 16:21:19", "calendarYear": "2023", "period": "FY", "revenue": 1811163000, "costOfRevenue": 905158000, "grossProfit": 906005000, "grossProfitRatio": 0.5002338277, "researchAndDevelopmentExpenses": 0, "generalAndAdministrativeExpenses": 162883000, "sellingAndMarketingExpenses": 0, "sellingGeneralAndAdministrativeExpenses": 162883000, "otherExpenses": 66846000, "operatingExpenses": 605425000, "costAndExpenses": 1510583000, "interestIncome": 49966000, "interestExpense": 325922000, "depreciationAndAmortization": 457574000, "ebitda": 823508000, "ebitdaratio": 0.4546846419, "operatingIncome": 744712000, "operatingIncomeRatio": 0.4111788944, "totalOtherIncomeExpensesNet": 60787000, "incomeBeforeTax": 62110000, "incomeBeforeTaxRatio": 0.0342928825, "incomeTaxExpense": 29222000, "netIncome": 105494000, "netIncomeRatio": 0.0582465521, "eps": 0.23, "epsdiluted": 0.23, "weightedAverageShsOut": 191005000, "weightedAverageShsOutDil": 191856000, "link": "https://www.sec.gov/Archives/edgar/data/899689/000089968924000005/0000899689-24-000005-index.htm", "finalLink": "https://www.sec.gov/Archives/edgar/data/899689/000089968924000005/vno-20231231.htm", "calculatedOtherExpenses": -1590000, "calculatedOperatingExpenses": 161293000, "calculatedNetInterest": -275956000, "calculatedOtherIncome": -406646000, "calculatedIncomeNonControlling": -72606000, "calculatedEbitda": 1202286000}, {"date": "2022-12-31", "symbol": "VNO", "reportedCurrency": "USD", "cik": "0000899689", "fillingDate": "2023-02-13", "acceptedDate": "2023-02-13 16:16:15", "calendarYear": "2022", "period": "FY", "revenue": 1799995000, "costOfRevenue": 873911000, "grossProfit": 926084000, "grossProfitRatio": 0.5144925403, "researchAndDevelopmentExpenses": 0, "generalAndAdministrativeExpenses": 133731000, "sellingAndMarketingExpenses": 0, "sellingGeneralAndAdministrativeExpenses": 133731000, "otherExpenses": 504502000, "operatingExpenses": 638233000, "costAndExpenses": 1512144000, "interestIncome": 19869000, "interestExpense": 257961000, "depreciationAndAmortization": 526306000, "ebitda": 350871000, "ebitdaratio": 0.1949288748, "operatingIncome": -175435000, "operatingIncomeRatio": -0.0974641596, "totalOtherIncomeExpensesNet": -185517000, "incomeBeforeTax": -360952000, "incomeBeforeTaxRatio": -0.2005294459, "incomeTaxExpense": 21660000, "netIncome": -382612000, "netIncomeRatio": -0.2125628127, "eps": -2, "epsdiluted": -2, "weightedAverageShsOut": 191775000, "weightedAverageShsOutDil": 191775000, "link": "https://www.sec.gov/Archives/edgar/data/899689/000089968923000010/0000899689-23-000010-index.htm", "finalLink": "https://www.sec.gov/Archives/edgar/data/899689/000089968923000010/vno-20221231.htm", "calculatedOtherExpenses": 967788000, "calculatedOperatingExpenses": 1101519000, "calculatedNetInterest": -238092000, "calculatedOtherIncome": 52575000, "calculatedIncomeNonControlling": 0, "calculatedEbitda": 350871000}, {"date": "2021-12-31", "symbol": "VNO", "reportedCurrency": "USD", "cik": "0000899689", "fillingDate": "2022-02-14", "acceptedDate": "2022-02-14 16:17:49", "calendarYear": "2021", "period": "FY", "revenue": 1589210000, "costOfRevenue": 797315000, "grossProfit": 791895000, "grossProfitRatio": 0.4982947502, "researchAndDevelopmentExpenses": 0, "generalAndAdministrativeExpenses": 134545000, "sellingAndMarketingExpenses": 0, "sellingGeneralAndAdministrativeExpenses": 134545000, "otherExpenses": 412347000, "operatingExpenses": 546892000, "costAndExpenses": 1344207000, "interestIncome": 4612000, "interestExpense": 231096000, "depreciationAndAmortization": 412347000, "ebitda": 792479000, "ebitdaratio": 0.4986622284, "operatingIncome": 380132000, "operatingIncomeRatio": 0.2391955752, "totalOtherIncomeExpensesNet": -183075000, "incomeBeforeTax": 197057000, "incomeBeforeTaxRatio": 0.1239968286, "incomeTaxExpense": -10496000, "netIncome": 175999000, "netIncomeRatio": 0.1107462198, "eps": 0.53, "epsdiluted": 0.53, "weightedAverageShsOut": 191551000, "weightedAverageShsOutDil": 192122000, "link": "https://www.sec.gov/Archives/edgar/data/899689/000089968922000006/0000899689-22-000006-index.htm", "finalLink": "https://www.sec.gov/Archives/edgar/data/899689/000089968922000006/vno-20211231.htm", "calculatedOtherExpenses": 277218000, "calculatedOperatingExpenses": 411763000, "calculatedNetInterest": -226484000, "calculatedOtherIncome": 43409000, "calculatedIncomeNonControlling": 31554000, "calculatedEbitda": 792479000}, {"date": "2020-12-31", "symbol": "VNO", "reportedCurrency": "USD", "cik": "0000899689", "fillingDate": "2021-02-16", "acceptedDate": "2021-02-16 16:17:09", "calendarYear": "2020", "period": "FY", "revenue": 1527951000, "costOfRevenue": 789066000, "grossProfit": 738885000, "grossProfitRatio": 0.4835789891, "researchAndDevelopmentExpenses": 0, "generalAndAdministrativeExpenses": 181509000, "sellingAndMarketingExpenses": 0, "sellingGeneralAndAdministrativeExpenses": 181509000, "otherExpenses": 399695000, "operatingExpenses": 581204000, "costAndExpenses": 1370270000, "interestIncome": 12808000, "interestExpense": 234750000, "depreciationAndAmortization": 399695000, "ebitda": 228264000, "ebitdaratio": 0.1493922253, "operatingIncome": -171431000, "operatingIncomeRatio": -0.1121966608, "totalOtherIncomeExpensesNet": -253784000, "incomeBeforeTax": -425215000, "incomeBeforeTaxRatio": -0.2782909923, "incomeTaxExpense": 36630000, "netIncome": -461845000, "netIncomeRatio": -0.3022642742, "eps": -2.42, "epsdiluted": -2.42, "weightedAverageShsOut": 191146000, "weightedAverageShsOutDil": 191146000, "link": "https://www.sec.gov/Archives/edgar/data/899689/000089968921000009/0000899689-21-000009-index.htm", "finalLink": "https://www.sec.gov/Archives/edgar/data/899689/000089968921000009/vno-20201231.htm", "calculatedOtherExpenses": 728807000, "calculatedOperatingExpenses": 910316000, "calculatedNetInterest": -221942000, "calculatedOtherIncome": -31842000, "calculatedIncomeNonControlling": 0, "calculatedEbitda": 228264000}, {"date": "2019-12-31", "symbol": "VNO", "reportedCurrency": "USD", "cik": "0000899689", "fillingDate": "2020-02-18", "acceptedDate": "2020-02-18 16:34:43", "calendarYear": "2019", "period": "FY", "revenue": 1924700000, "costOfRevenue": 917981000, "grossProfit": 1006719000, "grossProfitRatio": 0.5230524238, "researchAndDevelopmentExpenses": 0, "generalAndAdministrativeExpenses": 169920000, "sellingAndMarketingExpenses": 0, "sellingGeneralAndAdministrativeExpenses": 169920000, "otherExpenses": 419107000, "operatingExpenses": 589027000, "costAndExpenses": 1507008000, "interestIncome": 21819000, "interestExpense": 264804000, "depreciationAndAmortization": 419107000, "ebitda": 3486763000, "ebitdaratio": 1.8115877799, "operatingIncome": 3067656000, "operatingIncomeRatio": 1.5938359225, "totalOtherIncomeExpensesNet": 370075000, "incomeBeforeTax": 3437731000, "incomeBeforeTaxRatio": 1.7861126409, "incomeTaxExpense": 103439000, "netIncome": 3147937000, "netIncomeRatio": 1.6355468385, "eps": 16.23, "epsdiluted": 16.21, "weightedAverageShsOut": 190801000, "weightedAverageShsOutDil": 191053000, "link": "https://www.sec.gov/Archives/edgar/data/899689/000089968920000007/0000899689-20-000007-index.htm", "finalLink": "https://www.sec.gov/Archives/edgar/data/899689/000089968920000007/vno-12312019x10k.htm", "calculatedOtherExpenses": -2230857000, "calculatedOperatingExpenses": -2060937000, "calculatedNetInterest": -242985000, "calculatedOtherIncome": 613060000, "calculatedIncomeNonControlling": 186355000, "calculatedEbitda": 3486763000}, {"date": "2018-12-31", "symbol": "VNO", "reportedCurrency": "USD", "cik": "0000899689", "fillingDate": "2019-02-11", "acceptedDate": "2019-02-11 16:26:42", "calendarYear": "2018", "period": "FY", "revenue": 2163720000, "costOfRevenue": 963478000, "grossProfit": 1200242000, "grossProfitRatio": 0.5547122548, "researchAndDevelopmentExpenses": 0, "generalAndAdministrativeExpenses": 141871000, "sellingAndMarketingExpenses": 0, "sellingGeneralAndAdministrativeExpenses": 141871000, "otherExpenses": -31320000, "operatingExpenses": 588441000, "costAndExpenses": 1551919000, "interestIncome": 17057000, "interestExpense": 330892000, "depreciationAndAmortization": 446570000, "ebitda": 1067520000, "ebitdaratio": 0.4933725251, "operatingIncome": 582961000, "operatingIncomeRatio": 0.2694253415, "totalOtherIncomeExpensesNet": 178689000, "incomeBeforeTax": 459598000, "incomeBeforeTaxRatio": 0.2124110329, "incomeTaxExpense": 37633000, "netIncome": 449954000, "netIncomeRatio": 0.2079538942, "eps": 2.36, "epsdiluted": 2.35, "weightedAverageShsOut": 190510891, "weightedAverageShsOutDil": 191458706, "link": "https://www.sec.gov/Archives/edgar/data/899689/000089968919000010/0000899689-19-000010-index.htm", "finalLink": "https://www.sec.gov/Archives/edgar/data/899689/000089968919000010/vno-12312018x10k.htm", "calculatedOtherExpenses": 475410000, "calculatedOperatingExpenses": 617281000, "calculatedNetInterest": -313835000, "calculatedOtherIncome": 190472000, "calculatedIncomeNonControlling": -27989000, "calculatedEbitda": 1029531000}, {"date": "2017-12-31", "symbol": "VNO", "reportedCurrency": "USD", "cik": "0000899689", "fillingDate": "2018-02-12", "acceptedDate": "2018-02-12 16:29:00", "calendarYear": "2017", "period": "FY", "revenue": 2084126000, "costOfRevenue": 886596000, "grossProfit": 1197530000, "grossProfitRatio": 0.5745957778, "researchAndDevelopmentExpenses": 0, "generalAndAdministrativeExpenses": 158999000, "sellingAndMarketingExpenses": 0, "sellingGeneralAndAdministrativeExpenses": 158999000, "otherExpenses": 13233000, "operatingExpenses": 588388000, "costAndExpenses": 1474984000, "interestIncome": 17585000, "interestExpense": 311588000, "depreciationAndAmortization": 529826000, "ebitda": 1137687000, "ebitdaratio": 0.5458820628, "operatingIncome": 607366000, "operatingIncomeRatio": 0.2914247987, "totalOtherIncomeExpensesNet": 37373000, "incomeBeforeTax": 318446000, "incomeBeforeTaxRatio": 0.1527959442, "incomeTaxExpense": 41090000, "netIncome": 227416000, "netIncomeRatio": 0.1091181627, "eps": 0.85, "epsdiluted": 0.85, "weightedAverageShsOut": 189526000, "weightedAverageShsOutDil": 191258000, "link": "https://www.sec.gov/Archives/edgar/data/899689/000089968918000009/0000899689-18-000009-index.htm", "finalLink": "https://www.sec.gov/Archives/edgar/data/899689/000089968918000009/vno-12312017x10k.htm", "calculatedOtherExpenses": 431165000, "calculatedOperatingExpenses": 590164000, "calculatedNetInterest": -294003000, "calculatedOtherIncome": 5083000, "calculatedIncomeNonControlling": 49940000, "calculatedEbitda": 1137192000}, {"date": "2016-12-31", "symbol": "VNO", "reportedCurrency": "USD", "cik": "0000899689", "fillingDate": "2017-02-13", "acceptedDate": "2017-02-13 16:19:12", "calendarYear": "2016", "period": "FY", "revenue": 2506202000, "costOfRevenue": 1024336000, "grossProfit": 1481866000, "grossProfitRatio": 0.5912795537, "researchAndDevelopmentExpenses": 0, "generalAndAdministrativeExpenses": 179279000, "sellingAndMarketingExpenses": 0, "sellingGeneralAndAdministrativeExpenses": 179279000, "otherExpenses": 7308000, "operatingExpenses": 744338000, "costAndExpenses": 1768674000, "interestIncome": 29546000, "interestExpense": 373128000, "depreciationAndAmortization": 565059000, "ebitda": 1467976000, "ebitdaratio": 0.5857373029, "operatingIncome": 550791000, "operatingIncomeRatio": 0.2197711916, "totalOtherIncomeExpensesNet": 618662000, "incomeBeforeTax": 983062000, "incomeBeforeTaxRatio": 0.392251702, "incomeTaxExpense": 8312000, "netIncome": 960571000, "netIncomeRatio": 0.383277565, "eps": 5.08, "epsdiluted": 5.08, "weightedAverageShsOut": 188837000, "weightedAverageShsOutDil": 189100876, "link": "https://www.sec.gov/Archives/edgar/data/899689/000089968917000004/0000899689-17-000004-index.htm", "finalLink": "https://www.sec.gov/Archives/edgar/data/899689/000089968917000004/vornado2016form10k.htm", "calculatedOtherExpenses": 751796000, "calculatedOperatingExpenses": 931075000, "calculatedNetInterest": -343582000, "calculatedOtherIncome": 775853000, "calculatedIncomeNonControlling": 14179000, "calculatedEbitda": 1115850000}, {"date": "2015-12-31", "symbol": "VNO", "reportedCurrency": "USD", "cik": "0000899689", "fillingDate": "2016-02-16", "acceptedDate": "2016-02-16 16:23:29", "calendarYear": "2015", "period": "FY", "revenue": 2502267000, "costOfRevenue": 1011249000, "grossProfit": 1491018000, "grossProfitRatio": 0.5958668679, "researchAndDevelopmentExpenses": 0, "generalAndAdministrativeExpenses": 175307000, "sellingAndMarketingExpenses": 0, "sellingGeneralAndAdministrativeExpenses": 175307000, "otherExpenses": 7660000, "operatingExpenses": 718259000, "costAndExpenses": 1729508000, "interestIncome": 14031000, "interestExpense": 345864000, "depreciationAndAmortization": 566207000, "ebitda": 1308206000, "ebitdaratio": 0.5228083174, "operatingIncome": 760248000, "operatingIncomeRatio": 0.3038236927, "totalOtherIncomeExpensesNet": 313708000, "incomeBeforeTax": 722473000, "incomeBeforeTaxRatio": 0.288727382, "incomeTaxExpense": -84695000, "netIncome": 760434000, "netIncomeRatio": 0.3038980253, "eps": 3.61, "epsdiluted": 3.59, "weightedAverageShsOut": 188353000, "weightedAverageShsOutDil": 189564000, "link": "https://www.sec.gov/Archives/edgar/data/899689/000089968916000046/0000899689-16-000046-index.htm", "finalLink": "https://www.sec.gov/Archives/edgar/data/899689/000089968916000046/vno2015form10k.htm", "calculatedOtherExpenses": 555463000, "calculatedOperatingExpenses": 730770000, "calculatedNetInterest": -331833000, "calculatedOtherIncome": 294058000, "calculatedIncomeNonControlling": 46734000, "calculatedEbitda": 1326455000}, {"date": "2014-12-31", "symbol": "VNO", "reportedCurrency": "USD", "cik": "0000899689", "fillingDate": "2015-02-17", "acceptedDate": "2015-02-17 16:35:06", "calendarYear": "2014", "period": "FY", "revenue": 2635940000, "costOfRevenue": 1064753000, "grossProfit": 1571187000, "grossProfitRatio": 0.596063264, "researchAndDevelopmentExpenses": 0, "generalAndAdministrativeExpenses": 185924000, "sellingAndMarketingExpenses": 0, "sellingGeneralAndAdministrativeExpenses": 185924000, "otherExpenses": 10603000, "operatingExpenses": 722154000, "costAndExpenses": 1786907000, "interestIncome": 14523000, "interestExpense": 420792000, "depreciationAndAmortization": 583408000, "ebitda": 1341910000, "ebitdaratio": 0.5090821491, "operatingIncome": 815642000, "operatingIncomeRatio": 0.3094311707, "totalOtherIncomeExpensesNet": 109344000, "incomeBeforeTax": 505185000, "incomeBeforeTaxRatio": 0.1916526932, "incomeTaxExpense": 11002000, "netIncome": 864852000, "netIncomeRatio": 0.3281000326, "eps": 4.18, "epsdiluted": 4.15, "weightedAverageShsOut": 187572000, "weightedAverageShsOutDil": 188690000, "link": "https://www.sec.gov/Archives/edgar/data/899689/000089968915000006/0000899689-15-000006-index.htm", "finalLink": "https://www.sec.gov/Archives/edgar/data/899689/000089968915000006/vno2014form10k.htm", "calculatedOtherExpenses": 569621000, "calculatedOperatingExpenses": 755545000, "calculatedNetInterest": -406269000, "calculatedOtherIncome": 95812000, "calculatedIncomeNonControlling": -370669000, "calculatedEbitda": 1399050000}, {"date": "2013-12-31", "symbol": "VNO", "reportedCurrency": "USD", "cik": "0000899689", "fillingDate": "2014-02-24", "acceptedDate": "2014-02-24 16:35:59", "calendarYear": "2013", "period": "FY", "revenue": 2760909000, "costOfRevenue": 1087107000, "grossProfit": 1673802000, "grossProfitRatio": 0.6062503328, "researchAndDevelopmentExpenses": 32210000, "generalAndAdministrativeExpenses": 211100000, "sellingAndMarketingExpenses": 0, "sellingGeneralAndAdministrativeExpenses": 211100000, "otherExpenses": 6698000, "operatingExpenses": 742312000, "costAndExpenses": 1829419000, "interestIncome": 26193000, "interestExpense": 457597000, "depreciationAndAmortization": 561998000, "ebitda": 1155303000, "ebitdaratio": 0.4184502278, "operatingIncome": 874190000, "operatingIncomeRatio": 0.3166312254, "totalOtherIncomeExpensesNet": -340672000, "incomeBeforeTax": 133821000, "incomeBeforeTaxRatio": 0.0484699061, "incomeTaxExpense": -6406000, "netIncome": 475971000, "netIncomeRatio": 0.1723964825, "eps": 2.1, "epsdiluted": 2.09, "weightedAverageShsOut": 186941000, "weightedAverageShsOutDil": 187709000, "link": "https://www.sec.gov/Archives/edgar/data/899689/000089968914000009/0000899689-14-000009-index.htm", "finalLink": "https://www.sec.gov/Archives/edgar/data/899689/000089968914000009/vno2013form10k.htm", "calculatedOtherExpenses": 556302000, "calculatedOperatingExpenses": 799612000, "calculatedNetInterest": -431404000, "calculatedOtherIncome": -308965000, "calculatedIncomeNonControlling": -335744000, "calculatedEbitda": 1436188000}, {"date": "2012-12-31", "symbol": "VNO", "reportedCurrency": "USD", "cik": "0000899689", "fillingDate": "2013-02-26", "acceptedDate": "2013-02-26 16:44:13", "calendarYear": "2012", "period": "FY", "revenue": 2766457000, "costOfRevenue": 1248338000, "grossProfit": 1518119000, "grossProfitRatio": 0.5487592975, "researchAndDevelopmentExpenses": 226619000, "generalAndAdministrativeExpenses": 201894000, "sellingAndMarketingExpenses": 0, "sellingGeneralAndAdministrativeExpenses": 201894000, "otherExpenses": 7158000, "operatingExpenses": 719705000, "costAndExpenses": 1968043000, "interestIncome": 21019000, "interestExpense": 476266000, "depreciationAndAmortization": 557888000, "ebitda": 1776352000, "ebitdaratio": 0.6421036004, "operatingIncome": 677628000, "operatingIncomeRatio": 0.2449443458, "totalOtherIncomeExpensesNet": 97659000, "incomeBeforeTax": 416731000, "incomeBeforeTaxRatio": 0.1506370784, "incomeTaxExpense": 8132000, "netIncome": 617260000, "netIncomeRatio": 0.2231229331, "eps": 2.95, "epsdiluted": 2.94, "weightedAverageShsOut": 185810000, "weightedAverageShsOutDil": 186530000, "link": "https://www.sec.gov/Archives/edgar/data/899689/000089968913000004/0000899689-13-000004-index.htm", "finalLink": "https://www.sec.gov/Archives/edgar/data/899689/000089968913000004/vno2012form10k420pm.htm", "calculatedOtherExpenses": 411978000, "calculatedOperatingExpenses": 840491000, "calculatedNetInterest": -455247000, "calculatedOtherIncome": 194350000, "calculatedIncomeNonControlling": -208661000, "calculatedEbitda": 1235516000}, {"date": "2011-12-31", "symbol": "VNO", "reportedCurrency": "USD", "cik": "0000899689", "fillingDate": "2012-02-27", "acceptedDate": "2012-02-27 16:53:28", "calendarYear": "2011", "period": "FY", "revenue": 2915665000, "costOfRevenue": 1237421000, "grossProfit": 1678244000, "grossProfitRatio": 0.5755956188, "researchAndDevelopmentExpenses": 0, "generalAndAdministrativeExpenses": 209981000, "sellingAndMarketingExpenses": 0, "sellingGeneralAndAdministrativeExpenses": 209981000, "otherExpenses": 7830000, "operatingExpenses": 763792000, "costAndExpenses": 2001213000, "interestIncome": 21853000, "interestExpense": 523286000, "depreciationAndAmortization": 580990000, "ebitda": 1616876000, "ebitdaratio": 0.5545479333, "operatingIncome": 856153000, "operatingIncomeRatio": 0.2936390155, "totalOtherIncomeExpensesNet": 227004000, "incomeBeforeTax": 619294000, "incomeBeforeTaxRatio": 0.2124023165, "incomeTaxExpense": 24827000, "netIncome": 662302000, "netIncomeRatio": 0.2271529823, "eps": 3.26, "epsdiluted": 3.23, "weightedAverageShsOut": 184308000, "weightedAverageShsOutDil": 186021000, "link": "https://www.sec.gov/Archives/edgar/data/899689/000089968912000004/0000899689-12-000004-index.htm", "finalLink": "https://www.sec.gov/Archives/edgar/data/899689/000089968912000004/vno2011form10k.htm", "calculatedOtherExpenses": 612110000, "calculatedOperatingExpenses": 822091000, "calculatedNetInterest": -501433000, "calculatedOtherIncome": 264574000, "calculatedIncomeNonControlling": -67835000, "calculatedEbitda": 1437143000}, {"date": "2010-12-31", "symbol": "VNO", "reportedCurrency": "USD", "cik": "0000899689", "fillingDate": "2011-02-23", "acceptedDate": "2011-02-23 08:46:57", "calendarYear": "2010", "period": "FY", "revenue": 2779727000, "costOfRevenue": 1099478000, "grossProfit": 1680249000, "grossProfitRatio": 0.6044654745, "researchAndDevelopmentExpenses": 0, "generalAndAdministrativeExpenses": 214225000, "sellingAndMarketingExpenses": 0, "sellingGeneralAndAdministrativeExpenses": 214225000, "otherExpenses": 7922000, "operatingExpenses": 744929000, "costAndExpenses": 1844407000, "interestIncome": 18241000, "interestExpense": 541728000, "depreciationAndAmortization": 556312000, "ebitda": 1585393000, "ebitdaratio": 0.5703412601, "operatingIncome": 805862000, "operatingIncomeRatio": 0.2899068865, "totalOtherIncomeExpensesNet": 357596000, "incomeBeforeTax": 750887000, "incomeBeforeTaxRatio": 0.2701297645, "incomeTaxExpense": 22476000, "netIncome": 647883000, "netIncomeRatio": 0.2330743271, "eps": 3.27, "epsdiluted": 3.24, "weightedAverageShsOut": 182340000, "weightedAverageShsOutDil": 184159000, "link": "https://www.sec.gov/Archives/edgar/data/899689/000089968911000003/0000899689-11-000003-index.htm", "finalLink": "https://www.sec.gov/Archives/edgar/data/899689/000089968911000003/vno10k2010.htm", "calculatedOtherExpenses": 660162000, "calculatedOperatingExpenses": 874387000, "calculatedNetInterest": -523487000, "calculatedOtherIncome": 468512000, "calculatedIncomeNonControlling": 80528000, "calculatedEbitda": 1362174000}, {"date": "2009-12-31", "symbol": "VNO", "reportedCurrency": "USD", "cik": "0000899689", "fillingDate": "2010-02-23", "acceptedDate": "2010-02-23 08:44:20", "calendarYear": "2009", "period": "FY", "revenue": 2742578000, "costOfRevenue": 1087785000, "grossProfit": 1654793000, "grossProfitRatio": 0.6033713535, "researchAndDevelopmentExpenses": 0, "generalAndAdministrativeExpenses": 231688000, "sellingAndMarketingExpenses": 0, "sellingGeneralAndAdministrativeExpenses": 231688000, "otherExpenses": 4324000, "operatingExpenses": 771191000, "costAndExpenses": 1858976000, "interestIncome": 42355000, "interestExpense": 616592000, "depreciationAndAmortization": 559053000, "ebitda": 1539709000, "ebitdaratio": 0.5614093747, "operatingIncome": 795779000, "operatingIncomeRatio": 0.29015729, "totalOtherIncomeExpensesNet": -194392000, "incomeBeforeTax": 97282000, "incomeBeforeTaxRatio": 0.0354710057, "incomeTaxExpense": 20737000, "netIncome": 106169000, "netIncomeRatio": 0.0387113876, "eps": 0.28, "epsdiluted": 0.28, "weightedAverageShsOut": 171595000, "weightedAverageShsOutDil": 173503000, "link": "https://www.sec.gov/Archives/edgar/data/899689/000089968910000004/0000899689-10-000004-index.htm", "finalLink": "https://www.sec.gov/Archives/edgar/data/899689/000089968910000004/vrt10k2009.htm", "calculatedOtherExpenses": 627326000, "calculatedOperatingExpenses": 859014000, "calculatedNetInterest": -574237000, "calculatedOtherIncome": -124260000, "calculatedIncomeNonControlling": -29624000, "calculatedEbitda": 1354832000}, {"date": "2008-12-31", "symbol": "VNO", "reportedCurrency": "USD", "cik": "0000899689", "fillingDate": "2009-02-24", "acceptedDate": "2009-02-24 08:35:48", "calendarYear": "2008", "period": "FY", "revenue": 2697051000, "costOfRevenue": 1070118000, "grossProfit": 1626933000, "grossProfitRatio": 0.6032266353, "researchAndDevelopmentExpenses": 0, "generalAndAdministrativeExpenses": 194027000, "sellingAndMarketingExpenses": 0, "sellingGeneralAndAdministrativeExpenses": 194027000, "otherExpenses": 537427000, "operatingExpenses": 731454000, "costAndExpenses": 1801572000, "interestIncome": -2682000, "interestExpense": 571533000, "depreciationAndAmortization": 577338000, "ebitda": 1301746000, "ebitdaratio": 0.482655315, "operatingIncome": 814032000, "operatingIncomeRatio": 0.3018229911, "totalOtherIncomeExpensesNet": -227254000, "incomeBeforeTax": 79185000, "incomeBeforeTaxRatio": 0.0293598453, "incomeTaxExpense": -204537000, "netIncome": 395043000, "netIncomeRatio": 0.1464722024, "eps": 1.96, "epsdiluted": 1.91, "weightedAverageShsOut": 153900000, "weightedAverageShsOutDil": 158119000, "link": "https://www.sec.gov/Archives/edgar/data/899689/000089968909000005/0000899689-09-000005-index.htm", "finalLink": "https://www.sec.gov/Archives/edgar/data/899689/000089968909000005/vno_10k-020409.htm", "calculatedOtherExpenses": 618874000, "calculatedOperatingExpenses": 812901000, "calculatedNetInterest": -574215000, "calculatedOtherIncome": -160632000, "calculatedIncomeNonControlling": -111321000, "calculatedEbitda": 1391370000}, {"date": "2007-12-31", "symbol": "VNO", "reportedCurrency": "USD", "cik": "0000899689", "fillingDate": "2008-02-26", "acceptedDate": "2008-02-26 08:25:36", "calendarYear": "2007", "period": "FY", "revenue": 2973723000, "costOfRevenue": 1632576000, "grossProfit": 1341147000, "grossProfitRatio": 0.4509993029, "researchAndDevelopmentExpenses": 0, "generalAndAdministrativeExpenses": 232068000, "sellingAndMarketingExpenses": 0, "sellingGeneralAndAdministrativeExpenses": 232068000, "otherExpenses": 0, "operatingExpenses": 232068000, "costAndExpenses": 1864644000, "interestIncome": 228499000, "interestExpense": 634554000, "depreciationAndAmortization": 462635000, "ebitda": 1695066000, "ebitdaratio": 0.5700147593, "operatingIncome": 1232431000, "operatingIncomeRatio": 0.4144404169, "totalOtherIncomeExpensesNet": -644929000, "incomeBeforeTax": 587502000, "incomeBeforeTaxRatio": 0.1975644672, "incomeTaxExpense": 10530000, "netIncome": 635688000, "netIncomeRatio": 0.2137683974, "eps": 3.18, "epsdiluted": 3.18, "weightedAverageShsOut": 151949000, "weightedAverageShsOutDil": 151949000, "link": "https://www.sec.gov/Archives/edgar/data/899689/000089968908000003/0000899689-08-000003-index.htm", "finalLink": "https://www.sec.gov/Archives/edgar/data/899689/000089968908000003/vrt200710k.htm", "calculatedOtherExpenses": -123352000, "calculatedOperatingExpenses": 108716000, "calculatedNetInterest": -406055000, "calculatedOtherIncome": -238874000, "calculatedIncomeNonControlling": -58716000, "calculatedEbitda": 1695066000}, {"date": "2006-12-31", "symbol": "VNO", "reportedCurrency": "USD", "cik": "0000899689", "fillingDate": "2007-02-27", "acceptedDate": "2007-02-27 08:44:46", "calendarYear": "2006", "period": "FY", "revenue": 2712095000, "costOfRevenue": 1366430000, "grossProfit": 1345665000, "grossProfitRatio": 0.4961717786, "researchAndDevelopmentExpenses": 0, "generalAndAdministrativeExpenses": 221356000, "sellingAndMarketingExpenses": 0, "sellingGeneralAndAdministrativeExpenses": 221356000, "otherExpenses": 397403000, "operatingExpenses": 618759000, "costAndExpenses": 1985189000, "interestIncome": 262188000, "interestExpense": 215587000, "depreciationAndAmortization": 413162000, "ebitda": 1159968000, "ebitdaratio": 0.427701832, "operatingIncome": 726906000, "operatingIncomeRatio": 0.2680237971, "totalOtherIncomeExpensesNet": 95973000, "incomeBeforeTax": 607292000, "incomeBeforeTaxRatio": 0.2239198848, "incomeTaxExpense": -28921000, "netIncome": 560140000, "netIncomeRatio": 0.2065340632, "eps": 3.47, "epsdiluted": 3.28, "weightedAverageShsOut": 144964820, "weightedAverageShsOutDil": 153394798, "link": "https://www.sec.gov/Archives/edgar/data/899689/000089968907000007/0000899689-07-000007-index.htm", "finalLink": "https://www.sec.gov/Archives/edgar/data/899689/000089968907000007/vrt12310610k.htm", "calculatedOtherExpenses": 397403000, "calculatedOperatingExpenses": 618759000, "calculatedNetInterest": 46601000, "calculatedOtherIncome": -166215000, "calculatedIncomeNonControlling": 76073000, "calculatedEbitda": 1140068000}, {"date": "2005-12-31", "symbol": "VNO", "reportedCurrency": "USD", "cik": "0000899689", "fillingDate": "2006-02-28", "acceptedDate": "2006-02-28 08:49:58", "calendarYear": "2005", "period": "FY", "revenue": 2547628000, "costOfRevenue": 1305027000, "grossProfit": 1242601000, "grossProfitRatio": 0.4877482113, "researchAndDevelopmentExpenses": 0, "generalAndAdministrativeExpenses": 183001000, "sellingAndMarketingExpenses": 0, "sellingGeneralAndAdministrativeExpenses": 183001000, "otherExpenses": 334961000, "operatingExpenses": 517962000, "costAndExpenses": 1822989000, "interestIncome": 167225000, "interestExpense": 161712000, "depreciationAndAmortization": 346775000, "ebitda": 1110483000, "ebitdaratio": 0.4358889916, "operatingIncome": 724639000, "operatingIncomeRatio": 0.2844367388, "totalOtherIncomeExpensesNet": 89925000, "incomeBeforeTax": 641038000, "incomeBeforeTaxRatio": 0.2516215083, "incomeTaxExpense": 62392000, "netIncome": 539604000, "netIncomeRatio": 0.2118064333, "eps": 3.62, "epsdiluted": 3.43, "weightedAverageShsOut": 143809344, "weightedAverageShsOutDil": 143809344, "link": "https://www.sec.gov/Archives/edgar/data/899689/000110465906012410/0001104659-06-012410-index.htm", "finalLink": "https://www.sec.gov/Archives/edgar/data/899689/000110465906012410/a06-1845_110k.htm", "calculatedOtherExpenses": 334961000, "calculatedOperatingExpenses": 517962000, "calculatedNetInterest": 5513000, "calculatedOtherIncome": -89114000, "calculatedIncomeNonControlling": 39042000, "calculatedEbitda": 1071414000}, {"date": "2004-12-31", "symbol": "VNO", "reportedCurrency": "USD", "cik": "0000899689", "fillingDate": "2005-02-25", "acceptedDate": "2005-02-25 09:19:01", "calendarYear": "2004", "period": "FY", "revenue": 1707262000, "costOfRevenue": 679790000, "grossProfit": 1027472000, "grossProfitRatio": 0.6018244417, "researchAndDevelopmentExpenses": 0, "generalAndAdministrativeExpenses": 145218000, "sellingAndMarketingExpenses": 0, "sellingGeneralAndAdministrativeExpenses": 145218000, "otherExpenses": 242914000, "operatingExpenses": 388132000, "costAndExpenses": 1067922000, "interestIncome": 203995000, "interestExpense": 30901000, "depreciationAndAmortization": 253822000, "ebitda": 938051000, "ebitdaratio": 0.549447595, "operatingIncome": 637865000, "operatingIncomeRatio": 0.3736186947, "totalOtherIncomeExpensesNet": 70261000, "incomeBeforeTax": 671628000, "incomeBeforeTaxRatio": 0.3933948041, "incomeTaxExpense": 60411000, "netIncome": 592917000, "netIncomeRatio": 0.3472911598, "eps": 4.47, "epsdiluted": 4.27, "weightedAverageShsOut": 127725484, "weightedAverageShsOutDil": 135776083, "link": "https://www.sec.gov/Archives/edgar/data/899689/000110465905008245/0001104659-05-008245-index.htm", "finalLink": "https://www.sec.gov/Archives/edgar/data/899689/000110465905008245/a05-1733_110k.htm", "calculatedOtherExpenses": 244389000, "calculatedOperatingExpenses": 389607000, "calculatedNetInterest": 173094000, "calculatedOtherIncome": -139331000, "calculatedIncomeNonControlling": 18300000, "calculatedEbitda": 891687000}, {"date": "2003-12-31", "symbol": "VNO", "reportedCurrency": "USD", "cik": "0000899689", "fillingDate": "2004-03-03", "acceptedDate": "2004-03-03 10:05:35", "calendarYear": "2003", "period": "FY", "revenue": 1503055000, "costOfRevenue": 583660000, "grossProfit": 919395000, "grossProfitRatio": 0.6116842032, "researchAndDevelopmentExpenses": 0, "generalAndAdministrativeExpenses": 122405000, "sellingAndMarketingExpenses": 0, "sellingGeneralAndAdministrativeExpenses": 122405000, "otherExpenses": 215032000, "operatingExpenses": 337437000, "costAndExpenses": 921097000, "interestIncome": 25402000, "interestExpense": 204260000, "depreciationAndAmortization": 219911000, "ebitda": 885344000, "ebitdaratio": 0.5890296762, "operatingIncome": 581958000, "operatingIncomeRatio": 0.3871834364, "totalOtherIncomeExpensesNet": 85818000, "incomeBeforeTax": 463516000, "incomeBeforeTaxRatio": 0.3083825941, "incomeTaxExpense": 470000, "netIncome": 460703000, "netIncomeRatio": 0.3065110724, "eps": 3.84, "epsdiluted": 3.73, "weightedAverageShsOut": 114571619, "weightedAverageShsOutDil": 118965079, "link": "https://www.sec.gov/Archives/edgar/data/899689/000110465904006309/0001104659-04-006309-index.htm", "finalLink": "https://www.sec.gov/Archives/edgar/data/899689/000110465904006309/a04-1866_110k.htm", "calculatedOtherExpenses": 215032000, "calculatedOperatingExpenses": 337437000, "calculatedNetInterest": -178858000, "calculatedOtherIncome": 60416000, "calculatedIncomeNonControlling": 2343000, "calculatedEbitda": 801869000}, {"date": "2002-12-31", "symbol": "VNO", "reportedCurrency": "USD", "cik": "0000899689", "fillingDate": "2003-03-07", "acceptedDate": "2003-03-07 09:41:32", "calendarYear": "2002", "period": "FY", "revenue": 1435070000, "costOfRevenue": 541596000, "grossProfit": 893474000, "grossProfitRatio": 0.6225995944, "researchAndDevelopmentExpenses": 0, "generalAndAdministrativeExpenses": 98458000, "sellingAndMarketingExpenses": 0, "sellingGeneralAndAdministrativeExpenses": 98458000, "otherExpenses": -27500000, "operatingExpenses": 304284000, "costAndExpenses": 845880000, "interestIncome": 31685000, "interestExpense": 207840000, "depreciationAndAmortization": 205826000, "ebitda": 841627000, "ebitdaratio": 0.5864710432, "operatingIncome": 554816000, "operatingIncomeRatio": 0.3866124997, "totalOtherIncomeExpensesNet": 22266000, "incomeBeforeTax": 403616000, "incomeBeforeTaxRatio": 0.2812517856, "incomeTaxExpense": 195058000, "netIncome": 232903000, "netIncomeRatio": 0.1622938254, "eps": 1.94, "epsdiluted": 1.87, "weightedAverageShsOut": 107989587, "weightedAverageShsOutDil": 111844573, "link": "https://www.sec.gov/Archives/edgar/data/899689/000104746903007996/0001047469-03-007996-index.htm", "finalLink": "https://www.sec.gov/Archives/edgar/data/899689/000104746903007996/a2104897z10-k.txt", "calculatedOtherExpenses": 240200000, "calculatedOperatingExpenses": 338658000, "calculatedNetInterest": -176155000, "calculatedOtherIncome": 24955000, "calculatedIncomeNonControlling": -24345000, "calculatedEbitda": 760642000}, {"date": "2001-12-31", "symbol": "VNO", "reportedCurrency": "USD", "cik": "0000899689", "fillingDate": "2002-03-11", "acceptedDate": "2002-03-11 00:00:00", "calendarYear": "2001", "period": "FY", "revenue": 979667000, "costOfRevenue": 0, "grossProfit": 979667000, "grossProfitRatio": 1, "researchAndDevelopmentExpenses": 0, "generalAndAdministrativeExpenses": 72572000, "sellingAndMarketingExpenses": 0, "sellingGeneralAndAdministrativeExpenses": 72572000, "otherExpenses": -615425000, "operatingExpenses": -542853000, "costAndExpenses": -542853000, "interestIncome": 54385000, "interestExpense": 173076000, "depreciationAndAmortization": 123862000, "ebitda": 560676000, "ebitdaratio": 0.5723128369, "operatingIncome": 436814000, "operatingIncomeRatio": 0.4458800797, "totalOtherIncomeExpensesNet": 0, "incomeBeforeTax": 0, "incomeBeforeTaxRatio": 0, "incomeTaxExpense": 173076000, "netIncome": 263738000, "netIncomeRatio": 0.2692118853, "eps": 2.5, "epsdiluted": 2.42, "weightedAverageShsOut": 90876711, "weightedAverageShsOutDil": 93899510, "link": "https://www.sec.gov/Archives/edgar/data/899689/000091205702009439/0000912057-02-009439-index.htm", "finalLink": "https://www.sec.gov/Archives/edgar/data/899689/000091205702009439/a2072969z10-k405.txt", "calculatedOtherExpenses": 470281000, "calculatedOperatingExpenses": 542853000, "calculatedNetInterest": -118691000, "calculatedOtherIncome": -318123000, "calculatedIncomeNonControlling": -436814000, "calculatedEbitda": 560676000}, {"date": "2000-12-31", "symbol": "VNO", "reportedCurrency": "USD", "cik": "0000899689", "fillingDate": "2001-03-01", "acceptedDate": "2001-03-01 00:00:00", "calendarYear": "2000", "period": "FY", "revenue": 803607000, "costOfRevenue": 0, "grossProfit": 803607000, "grossProfitRatio": 1, "researchAndDevelopmentExpenses": 0, "generalAndAdministrativeExpenses": 47911000, "sellingAndMarketingExpenses": 0, "sellingGeneralAndAdministrativeExpenses": 47911000, "otherExpenses": -447254000, "operatingExpenses": -399343000, "costAndExpenses": -399343000, "interestIncome": 32926000, "interestExpense": 170273000, "depreciationAndAmortization": 99846000, "ebitda": 504110000, "ebitdaratio": 0.62730912, "operatingIncome": 404264000, "operatingIncomeRatio": 0.50306182, "totalOtherIncomeExpensesNet": 0, "incomeBeforeTax": 0, "incomeBeforeTaxRatio": 0, "incomeTaxExpense": 170273000, "netIncome": 233991000, "netIncomeRatio": 0.2911759106, "eps": 2.22, "epsdiluted": 2.16, "weightedAverageShsOut": 88237371, "weightedAverageShsOutDil": 90451439, "link": "https://www.sec.gov/Archives/edgar/data/899689/000095012301001922/0000950123-01-001922-index.htm", "finalLink": "https://www.sec.gov/Archives/edgar/data/899689/000095012301001922/y45949e10-k405.txt", "calculatedOtherExpenses": 351432000, "calculatedOperatingExpenses": 399343000, "calculatedNetInterest": -137347000, "calculatedOtherIncome": -266917000, "calculatedIncomeNonControlling": -404264000, "calculatedEbitda": 504110000}, {"date": "1999-12-31", "symbol": "VNO", "reportedCurrency": "USD", "cik": "0000899689", "fillingDate": "2000-03-09", "acceptedDate": "2000-03-09 00:00:00", "calendarYear": "1999", "period": "FY", "revenue": 663500000, "costOfRevenue": 0, "grossProfit": 663500000, "grossProfitRatio": 1, "researchAndDevelopmentExpenses": 0, "generalAndAdministrativeExpenses": 40200000, "sellingAndMarketingExpenses": 0, "sellingGeneralAndAdministrativeExpenses": 40200000, "otherExpenses": -359500000, "operatingExpenses": -319300000, "costAndExpenses": -319300000, "interestIncome": 18500000, "interestExpense": 141700000, "depreciationAndAmortization": 83600000, "ebitda": 427800000, "ebitdaratio": 0.6447626225, "operatingIncome": 344200000, "operatingIncomeRatio": 0.5187641296, "totalOtherIncomeExpensesNet": 0, "incomeBeforeTax": 0, "incomeBeforeTaxRatio": 0, "incomeTaxExpense": 141700000, "netIncome": 202500000, "netIncomeRatio": 0.3051996986, "eps": 1.93, "epsdiluted": 1.9, "weightedAverageShsOut": 87540377, "weightedAverageShsOutDil": 88894095, "link": "https://www.sec.gov/Archives/edgar/data/899689/000095012300002119/0000950123-00-002119-index.html", "finalLink": "https://www.sec.gov/Archives/edgar/data/899689/000095012300002119/", "calculatedOtherExpenses": 279100000, "calculatedOperatingExpenses": 319300000, "calculatedNetInterest": -123200000, "calculatedOtherIncome": -221000000, "calculatedIncomeNonControlling": -344200000, "calculatedEbitda": 427800000}, {"date": "1998-12-31", "symbol": "VNO", "reportedCurrency": "USD", "cik": "0000899689", "fillingDate": "1999-03-31", "acceptedDate": "1999-03-31 00:00:00", "calendarYear": "1998", "period": "FY", "revenue": 454400000, "costOfRevenue": 0, "grossProfit": 454400000, "grossProfitRatio": 1, "researchAndDevelopmentExpenses": 0, "generalAndAdministrativeExpenses": 28600000, "sellingAndMarketingExpenses": 0, "sellingGeneralAndAdministrativeExpenses": 28600000, "otherExpenses": -215400000, "operatingExpenses": -186800000, "costAndExpenses": -186800000, "interestIncome": 24100000, "interestExpense": 114700000, "depreciationAndAmortization": 59200000, "ebitda": 326800000, "ebitdaratio": 0.7191901408, "operatingIncome": 267600000, "operatingIncomeRatio": 0.5889084507, "totalOtherIncomeExpensesNet": 0, "incomeBeforeTax": 0, "incomeBeforeTaxRatio": 0, "incomeTaxExpense": 114700000, "netIncome": 152900000, "netIncomeRatio": 0.3364876761, "eps": 1.59, "epsdiluted": 1.56, "weightedAverageShsOut": 82594258, "weightedAverageShsOutDil": 84152640, "link": "https://www.sec.gov/Archives/edgar/data/899689/000095012399002858/0000950123-99-002858-index.html", "finalLink": "https://www.sec.gov/Archives/edgar/data/899689/", "calculatedOtherExpenses": 158200000, "calculatedOperatingExpenses": 186800000, "calculatedNetInterest": -90600000, "calculatedOtherIncome": -177000000, "calculatedIncomeNonControlling": -267600000, "calculatedEbitda": 326800000}, {"date": "1997-12-31", "symbol": "VNO", "reportedCurrency": "USD", "cik": "0000899689", "fillingDate": "1998-03-31", "acceptedDate": "1998-03-31 00:00:00", "calendarYear": "1997", "period": "FY", "revenue": 202600000, "costOfRevenue": 0, "grossProfit": 202600000, "grossProfitRatio": 1, "researchAndDevelopmentExpenses": 0, "generalAndAdministrativeExpenses": 13600000, "sellingAndMarketingExpenses": 0, "sellingGeneralAndAdministrativeExpenses": 13600000, "otherExpenses": -112300000, "operatingExpenses": -98700000, "costAndExpenses": -98700000, "interestIncome": 0, "interestExpense": 42900000, "depreciationAndAmortization": 47400000, "ebitda": 151300000, "ebitdaratio": 0.7467917078, "operatingIncome": 103900000, "operatingIncomeRatio": 0.5128331688, "totalOtherIncomeExpensesNet": 0, "incomeBeforeTax": 0, "incomeBeforeTaxRatio": 0, "incomeTaxExpense": 42900000, "netIncome": 61000000, "netIncomeRatio": 0.3010858835, "eps": 0.81, "epsdiluted": 0.77, "weightedAverageShsOut": 55906762, "weightedAverageShsOutDil": 58737484, "link": "https://www.sec.gov/Archives/edgar/data/899689/000095012398003157/0000950123-98-003157-index.html", "finalLink": "https://www.sec.gov/Archives/edgar/data/899689/", "calculatedOtherExpenses": 85100000, "calculatedOperatingExpenses": 98700000, "calculatedNetInterest": -42900000, "calculatedOtherIncome": -61000000, "calculatedIncomeNonControlling": -103900000, "calculatedEbitda": 151300000}, {"date": "1996-12-31", "symbol": "VNO", "reportedCurrency": "USD", "cik": "0000899689", "fillingDate": "1997-03-13", "acceptedDate": "1997-03-13 00:00:00", "calendarYear": "1996", "period": "FY", "revenue": 117300000, "costOfRevenue": 0, "grossProfit": 117300000, "grossProfitRatio": 1, "researchAndDevelopmentExpenses": 0, "generalAndAdministrativeExpenses": 5200000, "sellingAndMarketingExpenses": 0, "sellingGeneralAndAdministrativeExpenses": 5200000, "otherExpenses": -44400000, "operatingExpenses": -39200000, "costAndExpenses": -39200000, "interestIncome": 0, "interestExpense": 16700000, "depreciationAndAmortization": 14700000, "ebitda": 92800000, "ebitdaratio": 0.7911338448, "operatingIncome": 78100000, "operatingIncomeRatio": 0.6658141517, "totalOtherIncomeExpensesNet": 0, "incomeBeforeTax": 0, "incomeBeforeTaxRatio": 0, "incomeTaxExpense": 16700000, "netIncome": 61400000, "netIncomeRatio": 0.5234441603, "eps": 1.24, "epsdiluted": 1.23, "weightedAverageShsOut": 49696850, "weightedAverageShsOutDil": 50094425, "link": "https://www.sec.gov/Archives/edgar/data/899689/000095012397002144/0000950123-97-002144-index.html", "finalLink": "https://www.sec.gov/Archives/edgar/data/899689/", "calculatedOtherExpenses": 34000000, "calculatedOperatingExpenses": 39200000, "calculatedNetInterest": -16700000, "calculatedOtherIncome": -61400000, "calculatedIncomeNonControlling": -78100000, "calculatedEbitda": 92800000}, {"date": "1995-12-31", "symbol": "VNO", "reportedCurrency": "USD", "cik": "0000899689", "fillingDate": "1996-03-28", "acceptedDate": "1996-03-28 00:00:00", "calendarYear": "1995", "period": "FY", "revenue": 102800000, "costOfRevenue": 0, "grossProfit": 102800000, "grossProfitRatio": 1, "researchAndDevelopmentExpenses": 0, "generalAndAdministrativeExpenses": 6700000, "sellingAndMarketingExpenses": 0, "sellingGeneralAndAdministrativeExpenses": 6700000, "otherExpenses": -40100000, "operatingExpenses": -33400000, "costAndExpenses": -33400000, "interestIncome": 11800000, "interestExpense": 16400000, "depreciationAndAmortization": 11800000, "ebitda": 81200000, "ebitdaratio": 0.7898832685, "operatingIncome": 69400000, "operatingIncomeRatio": 0.6750972763, "totalOtherIncomeExpensesNet": 0, "incomeBeforeTax": 0, "incomeBeforeTaxRatio": 0, "incomeTaxExpense": 16400000, "netIncome": 53000000, "netIncomeRatio": 0.5155642023, "eps": 2.21, "epsdiluted": 2.21, "weightedAverageShsOut": 47453928, "weightedAverageShsOutDil": 47453928, "link": "https://www.sec.gov/Archives/edgar/data/899689/000095012396001376/0000950123-96-001376-index.html", "finalLink": "https://www.sec.gov/Archives/edgar/data/899689/", "calculatedOtherExpenses": 26700000, "calculatedOperatingExpenses": 33400000, "calculatedNetInterest": -4600000, "calculatedOtherIncome": -64800000, "calculatedIncomeNonControlling": -69400000, "calculatedEbitda": 81200000}, {"date": "1994-12-31", "symbol": "VNO", "reportedCurrency": "USD", "cik": "0000899689", "fillingDate": "1995-03-23", "acceptedDate": "1995-03-23 00:00:00", "calendarYear": "1994", "period": "FY", "revenue": 87900000, "costOfRevenue": 0, "grossProfit": 87900000, "grossProfitRatio": 1, "researchAndDevelopmentExpenses": 0, "generalAndAdministrativeExpenses": 6500000, "sellingAndMarketingExpenses": 0, "sellingGeneralAndAdministrativeExpenses": 6500000, "otherExpenses": -39000000, "operatingExpenses": -32500000, "costAndExpenses": -32500000, "interestIncome": 0, "interestExpense": 14200000, "depreciationAndAmortization": 10800000, "ebitda": 66200000, "ebitdaratio": 0.7531285552, "operatingIncome": 55400000, "operatingIncomeRatio": 0.630261661, "totalOtherIncomeExpensesNet": 0, "incomeBeforeTax": 0, "incomeBeforeTaxRatio": 0, "incomeTaxExpense": 14200000, "netIncome": 41200000, "netIncomeRatio": 0.4687144482, "eps": 0.93, "epsdiluted": 0.93, "weightedAverageShsOut": 44462762, "weightedAverageShsOutDil": 44462762, "link": "https://www.sec.gov/Archives/edgar/data/899689/000095012395000630/0000950123-95-000630-index.html", "finalLink": "https://www.sec.gov/Archives/edgar/data/899689/", "calculatedOtherExpenses": 26000000, "calculatedOperatingExpenses": 32500000, "calculatedNetInterest": -14200000, "calculatedOtherIncome": -41200000, "calculatedIncomeNonControlling": -55400000, "calculatedEbitda": 66200000}, {"date": "1993-12-31", "symbol": "VNO", "reportedCurrency": "USD", "cik": "0000899689", "fillingDate": "1993-12-31", "acceptedDate": "1993-12-31 00:00:00", "calendarYear": "1993", "period": "FY", "revenue": 48000000, "costOfRevenue": 0, "grossProfit": 48000000, "grossProfitRatio": 1, "researchAndDevelopmentExpenses": 0, "generalAndAdministrativeExpenses": 4200000, "sellingAndMarketingExpenses": 0, "sellingGeneralAndAdministrativeExpenses": 4200000, "otherExpenses": 4100000, "operatingExpenses": 8300000, "costAndExpenses": 8300000, "interestIncome": 11700000, "interestExpense": 31200000, "depreciationAndAmortization": 11400000, "ebitda": 67700000, "ebitdaratio": 1.4104166667, "operatingIncome": 56300000, "operatingIncomeRatio": 1.1729166667, "totalOtherIncomeExpensesNet": -30900000, "incomeBeforeTax": 25400000, "incomeBeforeTaxRatio": 0.5291666667, "incomeTaxExpense": -6400000, "netIncome": 28000000, "netIncomeRatio": 0.5833333333, "eps": 0.69, "epsdiluted": 0.6, "weightedAverageShsOut": 40793505, "weightedAverageShsOutDil": 46812219, "link": null, "finalLink": null, "calculatedOtherExpenses": -12500000, "calculatedOperatingExpenses": -8300000, "calculatedNetInterest": -19500000, "calculatedOtherIncome": -11400000, "calculatedIncomeNonControlling": 3800000, "calculatedEbitda": 67700000}, {"date": "1992-12-31", "symbol": "VNO", "reportedCurrency": "USD", "cik": "0000899689", "fillingDate": "1992-12-31", "acceptedDate": "1992-12-31 00:00:00", "calendarYear": "1992", "period": "FY", "revenue": 40600000, "costOfRevenue": 0, "grossProfit": 40600000, "grossProfitRatio": 1, "researchAndDevelopmentExpenses": 0, "generalAndAdministrativeExpenses": 4200000, "sellingAndMarketingExpenses": 0, "sellingGeneralAndAdministrativeExpenses": 4200000, "otherExpenses": -8600000, "operatingExpenses": -4400000, "costAndExpenses": -4400000, "interestIncome": 0, "interestExpense": 33900000, "depreciationAndAmortization": 11500000, "ebitda": 47700000, "ebitdaratio": 1.1748768473, "operatingIncome": 36200000, "operatingIncomeRatio": 0.8916256158, "totalOtherIncomeExpensesNet": -33900000, "incomeBeforeTax": 2300000, "incomeBeforeTaxRatio": 0.0566502463, "incomeTaxExpense": 1100000, "netIncome": 1200000, "netIncomeRatio": 0.0295566502, "eps": 0.0392, "epsdiluted": 0.0392, "weightedAverageShsOut": 30595129, "weightedAverageShsOutDil": 30595129, "link": null, "finalLink": null, "calculatedOtherExpenses": 200000, "calculatedOperatingExpenses": 4400000, "calculatedNetInterest": -33900000, "calculatedOtherIncome": 0, "calculatedIncomeNonControlling": 0, "calculatedEbitda": 47700000}, {"date": "1991-12-31", "symbol": "VNO", "reportedCurrency": "USD", "cik": "0000899689", "fillingDate": "1991-12-31", "acceptedDate": "1991-12-31 00:00:00", "calendarYear": "1991", "period": "FY", "revenue": 40600000, "costOfRevenue": 0, "grossProfit": 40600000, "grossProfitRatio": 1, "researchAndDevelopmentExpenses": 0, "generalAndAdministrativeExpenses": 4800000, "sellingAndMarketingExpenses": 0, "sellingGeneralAndAdministrativeExpenses": 4800000, "otherExpenses": 2600000, "operatingExpenses": 7400000, "costAndExpenses": 7400000, "interestIncome": 9300000, "interestExpense": 34900000, "depreciationAndAmortization": 11300000, "ebitda": 59300000, "ebitdaratio": 1.460591133, "operatingIncome": 48000000, "operatingIncomeRatio": 1.1822660099, "totalOtherIncomeExpensesNet": -30000000, "incomeBeforeTax": 18000000, "incomeBeforeTaxRatio": 0.4433497537, "incomeTaxExpense": 7500000, "netIncome": 10200000, "netIncomeRatio": 0.2512315271, "eps": 0.3, "epsdiluted": 0.3, "weightedAverageShsOut": 33555948, "weightedAverageShsOutDil": 33555948, "link": null, "finalLink": null, "calculatedOtherExpenses": -12200000, "calculatedOperatingExpenses": -7400000, "calculatedNetInterest": -25600000, "calculatedOtherIncome": -4400000, "calculatedIncomeNonControlling": 300000, "calculatedEbitda": 59300000}, {"date": "1990-12-31", "symbol": "VNO", "reportedCurrency": "USD", "cik": "0000899689", "fillingDate": "1990-12-31", "acceptedDate": "1990-12-31 00:00:00", "calendarYear": "1990", "period": "FY", "revenue": 32700000, "costOfRevenue": 0, "grossProfit": 32700000, "grossProfitRatio": 1, "researchAndDevelopmentExpenses": 0, "generalAndAdministrativeExpenses": 7600000, "sellingAndMarketingExpenses": 0, "sellingGeneralAndAdministrativeExpenses": 7600000, "otherExpenses": 3600000, "operatingExpenses": 11200000, "costAndExpenses": 11200000, "interestIncome": 11100000, "interestExpense": 32200000, "depreciationAndAmortization": 9700000, "ebitda": 53600000, "ebitdaratio": 1.6391437309, "operatingIncome": 43900000, "operatingIncomeRatio": 1.3425076453, "totalOtherIncomeExpensesNet": -32200000, "incomeBeforeTax": 11700000, "incomeBeforeTaxRatio": 0.3577981651, "incomeTaxExpense": 4800000, "netIncome": 4300000, "netIncomeRatio": 0.1314984709, "eps": 0.13, "epsdiluted": 0.13, "weightedAverageShsOut": 33733091, "weightedAverageShsOutDil": 33733091, "link": null, "finalLink": null, "calculatedOtherExpenses": -18800000, "calculatedOperatingExpenses": -11200000, "calculatedNetInterest": -21100000, "calculatedOtherIncome": -11100000, "calculatedIncomeNonControlling": 2600000, "calculatedEbitda": 53600000}, {"date": "1989-12-31", "symbol": "VNO", "reportedCurrency": "USD", "cik": "0000899689", "fillingDate": "1990-01-31", "acceptedDate": "1990-01-31 00:00:00", "calendarYear": "1989", "period": "FY", "revenue": 0, "costOfRevenue": 0, "grossProfit": 0, "grossProfitRatio": 0, "researchAndDevelopmentExpenses": 0, "generalAndAdministrativeExpenses": 0, "sellingAndMarketingExpenses": 0, "sellingGeneralAndAdministrativeExpenses": 0, "otherExpenses": 10400000, "operatingExpenses": 10400000, "costAndExpenses": 10400000, "interestIncome": 0, "interestExpense": 10400000, "depreciationAndAmortization": 0, "ebitda": 10400000, "ebitdaratio": 0, "operatingIncome": 10400000, "operatingIncomeRatio": 0, "totalOtherIncomeExpensesNet": 0, "incomeBeforeTax": 0, "incomeBeforeTaxRatio": 0, "incomeTaxExpense": -10400000, "netIncome": 10400000, "netIncomeRatio": 0, "eps": 0.3, "epsdiluted": 0.3, "weightedAverageShsOut": 34213908, "weightedAverageShsOutDil": 34213908, "link": null, "finalLink": null, "calculatedOtherExpenses": -10400000, "calculatedOperatingExpenses": -10400000, "calculatedNetInterest": -10400000, "calculatedOtherIncome": 0, "calculatedIncomeNonControlling": 0, "calculatedEbitda": 10400000}, {"date": "1988-12-31", "symbol": "VNO", "reportedCurrency": "USD", "cik": "0000899689", "fillingDate": "1989-01-31", "acceptedDate": "1989-01-31 00:00:00", "calendarYear": "1988", "period": "FY", "revenue": 0, "costOfRevenue": 0, "grossProfit": 0, "grossProfitRatio": 0, "researchAndDevelopmentExpenses": 0, "generalAndAdministrativeExpenses": 0, "sellingAndMarketingExpenses": 0, "sellingGeneralAndAdministrativeExpenses": 0, "otherExpenses": 10100000, "operatingExpenses": 10100000, "costAndExpenses": 10100000, "interestIncome": 0, "interestExpense": 10100000, "depreciationAndAmortization": 0, "ebitda": 10100000, "ebitdaratio": 0, "operatingIncome": 10100000, "operatingIncomeRatio": 0, "totalOtherIncomeExpensesNet": 0, "incomeBeforeTax": 0, "incomeBeforeTaxRatio": 0, "incomeTaxExpense": -10100000, "netIncome": 10100000, "netIncomeRatio": 0, "eps": 0.27, "epsdiluted": 0.27, "weightedAverageShsOut": 36787000, "weightedAverageShsOutDil": 36787000, "link": null, "finalLink": null, "calculatedOtherExpenses": -10100000, "calculatedOperatingExpenses": -10100000, "calculatedNetInterest": -10100000, "calculatedOtherIncome": 0, "calculatedIncomeNonControlling": 0, "calculatedEbitda": 10100000}, {"date": "1987-12-31", "symbol": "VNO", "reportedCurrency": "USD", "cik": "0000899689", "fillingDate": "1988-01-31", "acceptedDate": "1988-01-31 00:00:00", "calendarYear": "1987", "period": "FY", "revenue": 0, "costOfRevenue": 0, "grossProfit": 0, "grossProfitRatio": 0, "researchAndDevelopmentExpenses": 0, "generalAndAdministrativeExpenses": 0, "sellingAndMarketingExpenses": 0, "sellingGeneralAndAdministrativeExpenses": 0, "otherExpenses": 9900000, "operatingExpenses": 9900000, "costAndExpenses": 9900000, "interestIncome": 0, "interestExpense": 9900000, "depreciationAndAmortization": 0, "ebitda": 9900000, "ebitdaratio": 0, "operatingIncome": 9900000, "operatingIncomeRatio": 0, "totalOtherIncomeExpensesNet": 0, "incomeBeforeTax": 0, "incomeBeforeTaxRatio": 0, "incomeTaxExpense": -9900000, "netIncome": 9900000, "netIncomeRatio": 0, "eps": 0.25, "epsdiluted": 0.25, "weightedAverageShsOut": 40385570, "weightedAverageShsOutDil": 40385570, "link": null, "finalLink": null, "calculatedOtherExpenses": -9900000, "calculatedOperatingExpenses": -9900000, "calculatedNetInterest": -9900000, "calculatedOtherIncome": 0, "calculatedIncomeNonControlling": 0, "calculatedEbitda": 9900000}, {"date": "1986-12-31", "symbol": "VNO", "reportedCurrency": "USD", "cik": "0000899689", "fillingDate": "1987-01-31", "acceptedDate": "1987-01-31 00:00:00", "calendarYear": "1986", "period": "FY", "revenue": 0, "costOfRevenue": 0, "grossProfit": 0, "grossProfitRatio": 0, "researchAndDevelopmentExpenses": 0, "generalAndAdministrativeExpenses": 0, "sellingAndMarketingExpenses": 0, "sellingGeneralAndAdministrativeExpenses": 0, "otherExpenses": 14100000, "operatingExpenses": 14100000, "costAndExpenses": 14100000, "interestIncome": 0, "interestExpense": 14100000, "depreciationAndAmortization": 0, "ebitda": 14100000, "ebitdaratio": 0, "operatingIncome": 14100000, "operatingIncomeRatio": 0, "totalOtherIncomeExpensesNet": 0, "incomeBeforeTax": 0, "incomeBeforeTaxRatio": 0, "incomeTaxExpense": -14100000, "netIncome": 14100000, "netIncomeRatio": 0, "eps": 0.29, "epsdiluted": 0.29, "weightedAverageShsOut": 47932369, "weightedAverageShsOutDil": 47932369, "link": null, "finalLink": null, "calculatedOtherExpenses": -14100000, "calculatedOperatingExpenses": -14100000, "calculatedNetInterest": -14100000, "calculatedOtherIncome": 0, "calculatedIncomeNonControlling": 0, "calculatedEbitda": 14100000}, {"date": "1985-12-31", "symbol": "VNO", "reportedCurrency": "USD", "cik": "0000899689", "fillingDate": "1986-01-31", "acceptedDate": "1986-01-31 00:00:00", "calendarYear": "1985", "period": "FY", "revenue": 0, "costOfRevenue": 0, "grossProfit": 0, "grossProfitRatio": 0, "researchAndDevelopmentExpenses": 0, "generalAndAdministrativeExpenses": 0, "sellingAndMarketingExpenses": 0, "sellingGeneralAndAdministrativeExpenses": 0, "otherExpenses": 11000000, "operatingExpenses": 11000000, "costAndExpenses": 11000000, "interestIncome": 0, "interestExpense": 11000000, "depreciationAndAmortization": 0, "ebitda": 11000000, "ebitdaratio": 0, "operatingIncome": 11000000, "operatingIncomeRatio": 0, "totalOtherIncomeExpensesNet": 0, "incomeBeforeTax": 0, "incomeBeforeTaxRatio": 0, "incomeTaxExpense": -11000000, "netIncome": 11000000, "netIncomeRatio": 0, "eps": 0.22, "epsdiluted": 0.22, "weightedAverageShsOut": 50991882, "weightedAverageShsOutDil": 50991882, "link": null, "finalLink": null, "calculatedOtherExpenses": -11000000, "calculatedOperatingExpenses": -11000000, "calculatedNetInterest": -11000000, "calculatedOtherIncome": 0, "calculatedIncomeNonControlling": 0, "calculatedEbitda": 11000000}]}