{"originalCurrency": "USD", "convertedCurrency": "USD", "report": [{"date": "2023-12-31", "symbol": "VNOM", "reportedCurrency": "USD", "cik": "0001602065", "fillingDate": "2024-02-22", "acceptedDate": "2024-02-22 16:02:40", "calendarYear": "2023", "period": "FY", "revenue": 826788000, "costOfRevenue": 196519000, "grossProfit": 630269000, "grossProfitRatio": 0.7623102899, "researchAndDevelopmentExpenses": 0, "generalAndAdministrativeExpenses": 10603000, "sellingAndMarketingExpenses": 0, "sellingGeneralAndAdministrativeExpenses": 10603000, "otherExpenses": 1774000, "operatingExpenses": 10050000, "costAndExpenses": 206569000, "interestIncome": 0, "interestExpense": 48907000, "depreciationAndAmortization": 146118000, "ebitda": 768111000, "ebitdaratio": 0.9290301746, "operatingIncome": 620219000, "operatingIncomeRatio": 0.750154816, "totalOtherIncomeExpensesNet": -24019000, "incomeBeforeTax": 547293000, "incomeBeforeTaxRatio": 0.6619508266, "incomeTaxExpense": 45952000, "netIncome": 200088000, "netIncomeRatio": 0.2420064152, "eps": 2.69, "epsdiluted": 2.69, "weightedAverageShsOut": 74176000, "weightedAverageShsOutDil": 74176000, "link": "https://www.sec.gov/Archives/edgar/data/1602065/000160206524000010/0001602065-24-000010-index.htm", "finalLink": "https://www.sec.gov/Archives/edgar/data/1602065/000160206524000010/vnom-20231231.htm", "calculatedOtherExpenses": -553000, "calculatedOperatingExpenses": 10050000, "calculatedNetInterest": -48907000, "calculatedOtherIncome": -24019000, "calculatedIncomeNonControlling": 301253000, "calculatedEbitda": 766337000}, {"date": "2022-12-31", "symbol": "VNOM", "reportedCurrency": "USD", "cik": "0001602065", "fillingDate": "2023-02-23", "acceptedDate": "2023-02-23 16:09:45", "calendarYear": "2022", "period": "FY", "revenue": 865767000, "costOfRevenue": 177443000, "grossProfit": 688324000, "grossProfitRatio": 0.7950453182, "researchAndDevelopmentExpenses": 0, "generalAndAdministrativeExpenses": 8542000, "sellingAndMarketingExpenses": 0, "sellingGeneralAndAdministrativeExpenses": 8542000, "otherExpenses": -700000, "operatingExpenses": 7842000, "costAndExpenses": 185285000, "interestIncome": 40409000, "interestExpense": 40409000, "depreciationAndAmortization": 121487000, "ebitda": 801969000, "ebitdaratio": 0.9263104276, "operatingIncome": 680482000, "operatingIncomeRatio": 0.7859874539, "totalOtherIncomeExpensesNet": -58131000, "incomeBeforeTax": 622351000, "incomeBeforeTaxRatio": 0.7188435226, "incomeTaxExpense": -32653000, "netIncome": 655004000, "netIncomeRatio": 0.7565592128, "eps": 8.66, "epsdiluted": 8.66, "weightedAverageShsOut": 75612000, "weightedAverageShsOutDil": 75679000, "link": "https://www.sec.gov/Archives/edgar/data/1602065/000160206523000007/0001602065-23-000007-index.htm", "finalLink": "https://www.sec.gov/Archives/edgar/data/1602065/000160206523000007/vnom-20221231.htm", "calculatedOtherExpenses": -700000, "calculatedOperatingExpenses": 7842000, "calculatedNetInterest": 0, "calculatedOtherIncome": -58131000, "calculatedIncomeNonControlling": 0, "calculatedEbitda": 801969000}, {"date": "2021-12-31", "symbol": "VNOM", "reportedCurrency": "USD", "cik": "0001602065", "fillingDate": "2022-02-24", "acceptedDate": "2022-02-24 17:26:05", "calendarYear": "2021", "period": "FY", "revenue": 504297000, "costOfRevenue": 135545000, "grossProfit": 368752000, "grossProfitRatio": 0.7312198962, "researchAndDevelopmentExpenses": 0, "generalAndAdministrativeExpenses": 7800000, "sellingAndMarketingExpenses": 0, "sellingGeneralAndAdministrativeExpenses": 7800000, "otherExpenses": -620000, "operatingExpenses": 7180000, "costAndExpenses": 142725000, "interestIncome": 34044000, "interestExpense": 34044000, "depreciationAndAmortization": 103066000, "ebitda": 464638000, "ebitdaratio": 0.9213578506, "operatingIncome": 361572000, "operatingIncomeRatio": 0.7169822545, "totalOtherIncomeExpensesNet": -103374000, "incomeBeforeTax": 258198000, "incomeBeforeTaxRatio": 0.5119959072, "incomeTaxExpense": 1521000, "netIncome": 256677000, "netIncomeRatio": 0.5089798274, "eps": 3.76, "epsdiluted": 3.75, "weightedAverageShsOut": 68319000, "weightedAverageShsOutDil": 68391000, "link": "https://www.sec.gov/Archives/edgar/data/1602065/000160206522000008/0001602065-22-000008-index.htm", "finalLink": "https://www.sec.gov/Archives/edgar/data/1602065/000160206522000008/vnom-20211231.htm", "calculatedOtherExpenses": -620000, "calculatedOperatingExpenses": 7180000, "calculatedNetInterest": 0, "calculatedOtherIncome": -103374000, "calculatedIncomeNonControlling": 0, "calculatedEbitda": 464638000}, {"date": "2020-12-31", "symbol": "VNOM", "reportedCurrency": "USD", "cik": "0001602065", "fillingDate": "2021-02-25", "acceptedDate": "2021-02-25 16:21:59", "calendarYear": "2020", "period": "FY", "revenue": 249566000, "costOfRevenue": 120345000, "grossProfit": 129221000, "grossProfitRatio": 0.5177828711, "researchAndDevelopmentExpenses": 0, "generalAndAdministrativeExpenses": 8165000, "sellingAndMarketingExpenses": 0, "sellingGeneralAndAdministrativeExpenses": 8165000, "otherExpenses": -1060000, "operatingExpenses": 7105000, "costAndExpenses": 127450000, "interestIncome": 33000000, "interestExpense": 33000000, "depreciationAndAmortization": 100501000, "ebitda": 223903000, "ebitdaratio": 0.8971694862, "operatingIncome": 123402000, "operatingIncomeRatio": 0.4944663937, "totalOtherIncomeExpensesNet": -174349000, "incomeBeforeTax": -50947000, "incomeBeforeTaxRatio": -0.2041423912, "incomeTaxExpense": 142466000, "netIncome": -193413000, "netIncomeRatio": -0.7749973955, "eps": -2.86, "epsdiluted": -2.86, "weightedAverageShsOut": 67686000, "weightedAverageShsOutDil": 67686000, "link": "https://www.sec.gov/Archives/edgar/data/1602065/000160206521000006/0001602065-21-000006-index.htm", "finalLink": "https://www.sec.gov/Archives/edgar/data/1602065/000160206521000006/vnom-20201231.htm", "calculatedOtherExpenses": -2346000, "calculatedOperatingExpenses": 5819000, "calculatedNetInterest": 0, "calculatedOtherIncome": -174349000, "calculatedIncomeNonControlling": 0, "calculatedEbitda": 223903000}, {"date": "2019-12-31", "symbol": "VNOM", "reportedCurrency": "USD", "cik": "0001602065", "fillingDate": "2020-02-18", "acceptedDate": "2020-02-18 17:21:47", "calendarYear": "2019", "period": "FY", "revenue": 297928000, "costOfRevenue": 97254000, "grossProfit": 200674000, "grossProfitRatio": 0.6735654252, "researchAndDevelopmentExpenses": 0, "generalAndAdministrativeExpenses": 7489000, "sellingAndMarketingExpenses": 0, "sellingGeneralAndAdministrativeExpenses": 7489000, "otherExpenses": -355000, "operatingExpenses": 7134000, "costAndExpenses": 104388000, "interestIncome": 21076000, "interestExpense": 21076000, "depreciationAndAmortization": 80510000, "ebitda": 274050000, "ebitdaratio": 0.9198531189, "operatingIncome": 193540000, "operatingIncomeRatio": 0.6496200424, "totalOtherIncomeExpensesNet": -13912000, "incomeBeforeTax": 179628000, "incomeBeforeTaxRatio": 0.6029241965, "incomeTaxExpense": -41582000, "netIncome": 221210000, "netIncomeRatio": 0.742494831, "eps": 3.58, "epsdiluted": 3.58, "weightedAverageShsOut": 61744000, "weightedAverageShsOutDil": 61787000, "link": "https://www.sec.gov/Archives/edgar/data/1602065/000160206520000009/0001602065-20-000009-index.htm", "finalLink": "https://www.sec.gov/Archives/edgar/data/1602065/000160206520000009/viper201910-k.htm", "calculatedOtherExpenses": -355000, "calculatedOperatingExpenses": 7134000, "calculatedNetInterest": 0, "calculatedOtherIncome": -13912000, "calculatedIncomeNonControlling": 0, "calculatedEbitda": 274050000}, {"date": "2018-12-31", "symbol": "VNOM", "reportedCurrency": "USD", "cik": "0001602065", "fillingDate": "2019-02-15", "acceptedDate": "2019-02-15 17:29:44", "calendarYear": "2018", "period": "FY", "revenue": 288690000, "costOfRevenue": 77878000, "grossProfit": 210812000, "grossProfitRatio": 0.730236586, "researchAndDevelopmentExpenses": 0, "generalAndAdministrativeExpenses": 7955000, "sellingAndMarketingExpenses": 0, "sellingGeneralAndAdministrativeExpenses": 7955000, "otherExpenses": 1924000, "operatingExpenses": 7825000, "costAndExpenses": 85703000, "interestIncome": 0, "interestExpense": 13849000, "depreciationAndAmortization": 58830000, "ebitda": 204911000, "ebitdaratio": 0.7097959749, "operatingIncome": 202987000, "operatingIncomeRatio": 0.7031313866, "totalOtherIncomeExpensesNet": 1374000, "incomeBeforeTax": 190512000, "incomeBeforeTaxRatio": 0.6599189442, "incomeTaxExpense": -72365000, "netIncome": 143958000, "netIncomeRatio": 0.4986594617, "eps": 2.01, "epsdiluted": 2.01, "weightedAverageShsOut": 71546000, "weightedAverageShsOutDil": 71626000, "link": "https://www.sec.gov/Archives/edgar/data/1602065/000160206519000007/0001602065-19-000007-index.htm", "finalLink": "https://www.sec.gov/Archives/edgar/data/1602065/000160206519000007/viper201810-k.htm", "calculatedOtherExpenses": -130000, "calculatedOperatingExpenses": 7825000, "calculatedNetInterest": -13849000, "calculatedOtherIncome": 1374000, "calculatedIncomeNonControlling": 118919000, "calculatedEbitda": 261817000}, {"date": "2017-12-31", "symbol": "VNOM", "reportedCurrency": "USD", "cik": "0001602065", "fillingDate": "2018-02-07", "acceptedDate": "2018-02-07 17:25:31", "calendarYear": "2017", "period": "FY", "revenue": 172033000, "costOfRevenue": 51127000, "grossProfit": 120906000, "grossProfitRatio": 0.7028070196, "researchAndDevelopmentExpenses": 0, "generalAndAdministrativeExpenses": 6296000, "sellingAndMarketingExpenses": 789000, "sellingGeneralAndAdministrativeExpenses": 7085000, "otherExpenses": 821000, "operatingExpenses": 7085000, "costAndExpenses": 58212000, "interestIncome": 0, "interestExpense": 3164000, "depreciationAndAmortization": 40519000, "ebitda": 114642000, "ebitdaratio": 0.6663954009, "operatingIncome": 113821000, "operatingIncomeRatio": 0.6616230607, "totalOtherIncomeExpensesNet": 821000, "incomeBeforeTax": 111478000, "incomeBeforeTaxRatio": 0.6480035807, "incomeTaxExpense": -36534000, "netIncome": 111478000, "netIncomeRatio": 0.6480035807, "eps": 1.07, "epsdiluted": 1.07, "weightedAverageShsOut": 104318000, "weightedAverageShsOutDil": 104383000, "link": "https://www.sec.gov/Archives/edgar/data/1602065/000160206518000006/0001602065-18-000006-index.htm", "finalLink": "https://www.sec.gov/Archives/edgar/data/1602065/000160206518000006/viper201710-k.htm", "calculatedOtherExpenses": 0, "calculatedOperatingExpenses": 7085000, "calculatedNetInterest": -3164000, "calculatedOtherIncome": 821000, "calculatedIncomeNonControlling": 36534000, "calculatedEbitda": 154340000}, {"date": "2016-12-31", "symbol": "VNOM", "reportedCurrency": "USD", "cik": "0001602065", "fillingDate": "2017-02-15", "acceptedDate": "2017-02-15 17:28:27", "calendarYear": "2016", "period": "FY", "revenue": 79146000, "costOfRevenue": 35364000, "grossProfit": 43782000, "grossProfitRatio": 0.5531801986, "researchAndDevelopmentExpenses": 0, "generalAndAdministrativeExpenses": 5209000, "sellingAndMarketingExpenses": 415000, "sellingGeneralAndAdministrativeExpenses": 5624000, "otherExpenses": 867000, "operatingExpenses": 5624000, "costAndExpenses": 40988000, "interestIncome": 0, "interestExpense": 2455000, "depreciationAndAmortization": 29820000, "ebitda": 39025000, "ebitdaratio": 0.4930760872, "operatingIncome": -9311000, "operatingIncomeRatio": -0.1176433427, "totalOtherIncomeExpensesNet": -46602000, "incomeBeforeTax": -10899000, "incomeBeforeTaxRatio": -0.1377075279, "incomeTaxExpense": -26498000, "netIncome": -10899000, "netIncomeRatio": -0.1377075279, "eps": -0.13, "epsdiluted": -0.13, "weightedAverageShsOut": 83081000, "weightedAverageShsOutDil": 83081000, "link": "https://www.sec.gov/Archives/edgar/data/1602065/000160206517000008/0001602065-17-000008-index.htm", "finalLink": "https://www.sec.gov/Archives/edgar/data/1602065/000160206517000008/viper201610-k.htm", "calculatedOtherExpenses": 47469000, "calculatedOperatingExpenses": 53093000, "calculatedNetInterest": -2455000, "calculatedOtherIncome": 867000, "calculatedIncomeNonControlling": 26498000, "calculatedEbitda": 20509000}, {"date": "2015-12-31", "symbol": "VNOM", "reportedCurrency": "USD", "cik": "0001602065", "fillingDate": "2016-02-19", "acceptedDate": "2016-02-19 16:58:59", "calendarYear": "2015", "period": "FY", "revenue": 74859000, "costOfRevenue": 40967000, "grossProfit": 33892000, "grossProfitRatio": 0.452744493, "researchAndDevelopmentExpenses": 0, "generalAndAdministrativeExpenses": 5835000, "sellingAndMarketingExpenses": 259000, "sellingGeneralAndAdministrativeExpenses": 6094000, "otherExpenses": 1154000, "operatingExpenses": 6094000, "costAndExpenses": 47061000, "interestIncome": 0, "interestExpense": 1110000, "depreciationAndAmortization": 35436000, "ebitda": 28952000, "ebitdaratio": 0.3867537637, "operatingIncome": 24375000, "operatingIncomeRatio": 0.3256121508, "totalOtherIncomeExpensesNet": -2269000, "incomeBeforeTax": 24419000, "incomeBeforeTaxRatio": 0.3261999225, "incomeTaxExpense": -33172000, "netIncome": 24419000, "netIncomeRatio": 0.3261999225, "eps": 0.31, "epsdiluted": 0.31, "weightedAverageShsOut": 79717000, "weightedAverageShsOutDil": 79727000, "link": "https://www.sec.gov/Archives/edgar/data/1602065/000160206516000045/0001602065-16-000045-index.htm", "finalLink": "https://www.sec.gov/Archives/edgar/data/1602065/000160206516000045/viper201510-k.htm", "calculatedOtherExpenses": 3423000, "calculatedOperatingExpenses": 9517000, "calculatedNetInterest": -1110000, "calculatedOtherIncome": 1154000, "calculatedIncomeNonControlling": 33172000, "calculatedEbitda": 59811000}, {"date": "2014-12-31", "symbol": "VNOM", "reportedCurrency": "USD", "cik": "0001602065", "fillingDate": "2015-02-20", "acceptedDate": "2015-02-19 19:11:32", "calendarYear": "2014", "period": "FY", "revenue": 77767000, "costOfRevenue": 32978000, "grossProfit": 44789000, "grossProfitRatio": 0.57593838, "researchAndDevelopmentExpenses": 0, "generalAndAdministrativeExpenses": 4372000, "sellingAndMarketingExpenses": 0, "sellingGeneralAndAdministrativeExpenses": 4372000, "otherExpenses": 459000, "operatingExpenses": 4372000, "costAndExpenses": 37350000, "interestIncome": 0, "interestExpense": 11242000, "depreciationAndAmortization": 27601000, "ebitda": 40876000, "ebitdaratio": 0.5256214075, "operatingIncome": 40417000, "operatingIncomeRatio": 0.5197191611, "totalOtherIncomeExpensesNet": 459000, "incomeBeforeTax": 29634000, "incomeBeforeTaxRatio": 0.3810613756, "incomeTaxExpense": -8879000, "netIncome": 22613000, "netIncomeRatio": 0.2907788651, "eps": 0.29, "epsdiluted": 0.29, "weightedAverageShsOut": 78090000, "weightedAverageShsOutDil": 78102000, "link": "https://www.sec.gov/Archives/edgar/data/1602065/000160206515000005/0001602065-15-000005-index.htm", "finalLink": "https://www.sec.gov/Archives/edgar/data/1602065/000160206515000005/viper12311410-k.htm", "calculatedOtherExpenses": 0, "calculatedOperatingExpenses": 4372000, "calculatedNetInterest": -11242000, "calculatedOtherIncome": 459000, "calculatedIncomeNonControlling": 15900000, "calculatedEbitda": 68018000}, {"date": "2013-12-31", "symbol": "VNOM", "reportedCurrency": "USD", "cik": "0001602065", "fillingDate": "2013-12-31", "acceptedDate": "2013-12-30 19:00:00", "calendarYear": "2013", "period": "FY", "revenue": 0, "costOfRevenue": 0, "grossProfit": 0, "grossProfitRatio": 0, "researchAndDevelopmentExpenses": 0, "generalAndAdministrativeExpenses": 0, "sellingAndMarketingExpenses": 0, "sellingGeneralAndAdministrativeExpenses": 0, "otherExpenses": 0, "operatingExpenses": 0, "costAndExpenses": 0, "interestIncome": 0, "interestExpense": 0, "depreciationAndAmortization": 0, "ebitda": 0, "ebitdaratio": 0, "operatingIncome": 0, "operatingIncomeRatio": 0, "totalOtherIncomeExpensesNet": 0, "incomeBeforeTax": 0, "incomeBeforeTaxRatio": 0, "incomeTaxExpense": 0, "netIncome": 0, "netIncomeRatio": 0, "eps": 0, "epsdiluted": 0, "weightedAverageShsOut": 76200000, "weightedAverageShsOutDil": 76200000, "link": "", "finalLink": "", "calculatedOtherExpenses": 0, "calculatedOperatingExpenses": 0, "calculatedNetInterest": 0, "calculatedOtherIncome": 0, "calculatedIncomeNonControlling": 0, "calculatedEbitda": 0}, {"date": "2001-12-31", "symbol": "VNOM", "reportedCurrency": "USD", "cik": "0001602065", "fillingDate": "2023-02-21", "acceptedDate": "2023-02-21 16:06:55", "calendarYear": "2001", "period": "FY", "revenue": 0, "costOfRevenue": 56372000, "grossProfit": -56372000, "grossProfitRatio": 0, "researchAndDevelopmentExpenses": 0, "generalAndAdministrativeExpenses": 8542000, "sellingAndMarketingExpenses": 0, "sellingGeneralAndAdministrativeExpenses": 8542000, "otherExpenses": 121071000, "operatingExpenses": 129613000, "costAndExpenses": 185985000, "interestIncome": 0, "interestExpense": -40409000, "depreciationAndAmortization": 0, "ebitda": 700000, "ebitdaratio": 0, "operatingIncome": 700000, "operatingIncomeRatio": 0, "totalOtherIncomeExpensesNet": 621651000, "incomeBeforeTax": 622351000, "incomeBeforeTaxRatio": 0, "incomeTaxExpense": -32653000, "netIncome": 655004000, "netIncomeRatio": 0, "eps": 0, "epsdiluted": 0, "weightedAverageShsOut": 0, "weightedAverageShsOutDil": 0, "link": "https://www.sec.gov/Archives/edgar/data/1602065/000160206523000004/0001602065-23-000004-index.htm", "finalLink": "https://www.sec.gov/Archives/edgar/data/1602065/000160206523000004/viperex991-2x21x23.htm", "calculatedOtherExpenses": -65614000, "calculatedOperatingExpenses": -57072000, "calculatedNetInterest": 40409000, "calculatedOtherIncome": 581242000, "calculatedIncomeNonControlling": 0, "calculatedEbitda": 700000}]}