{"originalCurrency": "USD", "convertedCurrency": "USD", "report": [{"date": "2023-12-31", "symbol": "VOYA", "reportedCurrency": "USD", "cik": "0001535929", "fillingDate": "2024-02-23", "acceptedDate": "2024-02-23 16:13:42", "calendarYear": "2023", "period": "FY", "revenue": 7348000000, "costOfRevenue": 0, "grossProfit": 7348000000, "grossProfitRatio": 1, "researchAndDevelopmentExpenses": 0, "generalAndAdministrativeExpenses": 0, "sellingAndMarketingExpenses": 0, "sellingGeneralAndAdministrativeExpenses": 2944000000, "otherExpenses": -3254000000, "operatingExpenses": 3254000000, "costAndExpenses": -6290000000, "interestIncome": 0, "interestExpense": 293000000, "depreciationAndAmortization": 20000000, "ebitda": 729000000, "ebitdaratio": 0.0992106696, "operatingIncome": 729000000, "operatingIncomeRatio": 0.0992106696, "totalOtherIncomeExpensesNet": 678000000, "incomeBeforeTax": 678000000, "incomeBeforeTaxRatio": 0.0922700054, "incomeTaxExpense": -51000000, "netIncome": 625000000, "netIncomeRatio": 0.0850571584, "eps": 5.74, "epsdiluted": 5.41, "weightedAverageShsOut": 102700000, "weightedAverageShsOutDil": 108800000, "link": "https://www.sec.gov/Archives/edgar/data/1535929/000153592924000035/0001535929-24-000035-index.htm", "finalLink": "https://www.sec.gov/Archives/edgar/data/1535929/000153592924000035/voya-20231231.htm", "calculatedOtherExpenses": 3675000000, "calculatedOperatingExpenses": 6619000000, "calculatedNetInterest": -293000000, "calculatedOtherIncome": 242000000, "calculatedIncomeNonControlling": 104000000, "calculatedEbitda": 749000000}, {"date": "2022-12-31", "symbol": "VOYA", "reportedCurrency": "USD", "cik": "0001535929", "fillingDate": "2023-02-24", "acceptedDate": "2023-02-24 16:07:53", "calendarYear": "2022", "period": "FY", "revenue": 5900000000, "costOfRevenue": 0, "grossProfit": 5900000000, "grossProfitRatio": 1, "researchAndDevelopmentExpenses": 0, "generalAndAdministrativeExpenses": 0, "sellingAndMarketingExpenses": 0, "sellingGeneralAndAdministrativeExpenses": 2537000000, "otherExpenses": 2542000000, "operatingExpenses": 2542000000, "costAndExpenses": 5472000000, "interestIncome": 183000000, "interestExpense": 134000000, "depreciationAndAmortization": -77000000, "ebitda": 639000000, "ebitdaratio": 0.1083050847, "operatingIncome": 716000000, "operatingIncomeRatio": 0.1213559322, "totalOtherIncomeExpensesNet": -288000000, "incomeBeforeTax": 428000000, "incomeBeforeTaxRatio": 0.0725423729, "incomeTaxExpense": -5000000, "netIncome": 510000000, "netIncomeRatio": 0.086440678, "eps": 4.71, "epsdiluted": 4.3, "weightedAverageShsOut": 100700000, "weightedAverageShsOutDil": 110200000, "link": "https://www.sec.gov/Archives/edgar/data/1535929/000153592923000019/0001535929-23-000019-index.htm", "finalLink": "https://www.sec.gov/Archives/edgar/data/1535929/000153592923000019/voya-20221231.htm", "calculatedOtherExpenses": 2647000000, "calculatedOperatingExpenses": 5184000000, "calculatedNetInterest": 49000000, "calculatedOtherIncome": -337000000, "calculatedIncomeNonControlling": -77000000, "calculatedEbitda": 639000000}, {"date": "2021-12-31", "symbol": "VOYA", "reportedCurrency": "USD", "cik": "0001535929", "fillingDate": "2022-02-22", "acceptedDate": "2022-02-22 16:20:38", "calendarYear": "2021", "period": "FY", "revenue": 3249000000, "costOfRevenue": 0, "grossProfit": 3249000000, "grossProfitRatio": 1, "researchAndDevelopmentExpenses": 0, "generalAndAdministrativeExpenses": 0, "sellingAndMarketingExpenses": 0, "sellingGeneralAndAdministrativeExpenses": 2569000000, "otherExpenses": -1800000000, "operatingExpenses": -1800000000, "costAndExpenses": 472000000, "interestIncome": 224000000, "interestExpense": 186000000, "depreciationAndAmortization": 46000000, "ebitda": 1449000000, "ebitdaratio": 0.4459833795, "operatingIncome": 1449000000, "operatingIncomeRatio": 0.4459833795, "totalOtherIncomeExpensesNet": 1328000000, "incomeBeforeTax": 2777000000, "incomeBeforeTaxRatio": 0.8547245306, "incomeTaxExpense": -98000000, "netIncome": 2370000000, "netIncomeRatio": 0.729455217, "eps": 17.81, "epsdiluted": 16.52, "weightedAverageShsOut": 116700000, "weightedAverageShsOutDil": 125800000, "link": "https://www.sec.gov/Archives/edgar/data/1535929/000153592922000018/0001535929-22-000018-index.htm", "finalLink": "https://www.sec.gov/Archives/edgar/data/1535929/000153592922000018/voya-20211231.htm", "calculatedOtherExpenses": -769000000, "calculatedOperatingExpenses": 1800000000, "calculatedNetInterest": 38000000, "calculatedOtherIncome": 1290000000, "calculatedIncomeNonControlling": 505000000, "calculatedEbitda": 1495000000}, {"date": "2020-12-31", "symbol": "VOYA", "reportedCurrency": "USD", "cik": "0001535929", "fillingDate": "2021-03-01", "acceptedDate": "2021-03-01 16:35:35", "calendarYear": "2020", "period": "FY", "revenue": 7395000000, "costOfRevenue": 0, "grossProfit": 7395000000, "grossProfitRatio": 1, "researchAndDevelopmentExpenses": 0, "generalAndAdministrativeExpenses": 0, "sellingAndMarketingExpenses": 0, "sellingGeneralAndAdministrativeExpenses": 2654000000, "otherExpenses": -7944000000, "operatingExpenses": -7944000000, "costAndExpenses": 7043000000, "interestIncome": 186000000, "interestExpense": 159000000, "depreciationAndAmortization": 55000000, "ebitda": -549000000, "ebitdaratio": -0.0742393509, "operatingIncome": -549000000, "operatingIncomeRatio": -0.0742393509, "totalOtherIncomeExpensesNet": 901000000, "incomeBeforeTax": 352000000, "incomeBeforeTaxRatio": 0.0475997295, "incomeTaxExpense": -18000000, "netIncome": 370000000, "netIncomeRatio": 0.0500338066, "eps": 2.9, "epsdiluted": 2.9, "weightedAverageShsOut": 127400000, "weightedAverageShsOutDil": 127400000, "link": "https://www.sec.gov/Archives/edgar/data/1535929/000153592921000025/0001535929-21-000025-index.htm", "finalLink": "https://www.sec.gov/Archives/edgar/data/1535929/000153592921000025/voya-20201231.htm", "calculatedOtherExpenses": 5290000000, "calculatedOperatingExpenses": 7944000000, "calculatedNetInterest": 27000000, "calculatedOtherIncome": 874000000, "calculatedIncomeNonControlling": 0, "calculatedEbitda": -494000000}, {"date": "2019-12-31", "symbol": "VOYA", "reportedCurrency": "USD", "cik": "0001535929", "fillingDate": "2020-02-21", "acceptedDate": "2020-02-21 16:25:51", "calendarYear": "2019", "period": "FY", "revenue": 7333000000, "costOfRevenue": 0, "grossProfit": 7333000000, "grossProfitRatio": 1, "researchAndDevelopmentExpenses": 0, "generalAndAdministrativeExpenses": 1974000000, "sellingAndMarketingExpenses": 772000000, "sellingGeneralAndAdministrativeExpenses": 2746000000, "otherExpenses": -11100000000, "operatingExpenses": -8354000000, "costAndExpenses": 6773000000, "interestIncome": 212000000, "interestExpense": 176000000, "depreciationAndAmortization": 60000000, "ebitda": -1021000000, "ebitdaratio": -0.1392336015, "operatingIncome": -1021000000, "operatingIncomeRatio": -0.1392336015, "totalOtherIncomeExpensesNet": 1581000000, "incomeBeforeTax": 560000000, "incomeBeforeTaxRatio": 0.0763671076, "incomeTaxExpense": -205000000, "netIncome": 765000000, "netIncomeRatio": 0.1043229238, "eps": 5.43, "epsdiluted": 5.43, "weightedAverageShsOut": 141000000, "weightedAverageShsOutDil": 141000000, "link": "https://www.sec.gov/Archives/edgar/data/1535929/000153592920000012/0001535929-20-000012-index.htm", "finalLink": "https://www.sec.gov/Archives/edgar/data/1535929/000153592920000012/voyafinancialinc2019q4.htm", "calculatedOtherExpenses": 5608000000, "calculatedOperatingExpenses": 8354000000, "calculatedNetInterest": 36000000, "calculatedOtherIncome": 1545000000, "calculatedIncomeNonControlling": 0, "calculatedEbitda": -961000000}, {"date": "2018-12-31", "symbol": "VOYA", "reportedCurrency": "USD", "cik": "0001535929", "fillingDate": "2019-02-22", "acceptedDate": "2019-02-22 16:33:47", "calendarYear": "2018", "period": "FY", "revenue": 8222000000, "costOfRevenue": 0, "grossProfit": 8222000000, "grossProfitRatio": 1, "researchAndDevelopmentExpenses": 0, "generalAndAdministrativeExpenses": 2151000000, "sellingAndMarketingExpenses": 540000000, "sellingGeneralAndAdministrativeExpenses": 2691000000, "otherExpenses": 4489000000, "operatingExpenses": 6640000000, "costAndExpenses": 7612000000, "interestIncome": 0, "interestExpense": 221000000, "depreciationAndAmortization": 61000000, "ebitda": 1192000000, "ebitdaratio": 0.1449768913, "operatingIncome": 1192000000, "operatingIncomeRatio": 0.1449768913, "totalOtherIncomeExpensesNet": 447000000, "incomeBeforeTax": 610000000, "incomeBeforeTaxRatio": 0.0741911944, "incomeTaxExpense": 55000000, "netIncome": 875000000, "netIncomeRatio": 0.1064217952, "eps": 5.36, "epsdiluted": 5.2, "weightedAverageShsOut": 163200000, "weightedAverageShsOutDil": 168200000, "link": "https://www.sec.gov/Archives/edgar/data/1535929/000153592919000018/0001535929-19-000018-index.htm", "finalLink": "https://www.sec.gov/Archives/edgar/data/1535929/000153592919000018/q42018voyafinancialinc.htm", "calculatedOtherExpenses": 4339000000, "calculatedOperatingExpenses": 7030000000, "calculatedNetInterest": -221000000, "calculatedOtherIncome": -361000000, "calculatedIncomeNonControlling": -320000000, "calculatedEbitda": 1253000000}, {"date": "2017-12-31", "symbol": "VOYA", "reportedCurrency": "USD", "cik": "0001535929", "fillingDate": "2018-02-23", "acceptedDate": "2018-02-23 16:13:32", "calendarYear": "2017", "period": "FY", "revenue": 8618000000, "costOfRevenue": 0, "grossProfit": 8618000000, "grossProfitRatio": 1, "researchAndDevelopmentExpenses": 0, "generalAndAdministrativeExpenses": 2039000000, "sellingAndMarketingExpenses": 0, "sellingGeneralAndAdministrativeExpenses": 2039000000, "otherExpenses": 4805000000, "operatingExpenses": 6844000000, "costAndExpenses": 8090000000, "interestIncome": 0, "interestExpense": 264000000, "depreciationAndAmortization": -1776000000, "ebitda": -1988000000, "ebitdaratio": -0.2306799722, "operatingIncome": -212000000, "operatingIncomeRatio": -0.0245996751, "totalOtherIncomeExpensesNet": 371000000, "incomeBeforeTax": 528000000, "incomeBeforeTaxRatio": 0.0612671153, "incomeTaxExpense": 740000000, "netIncome": -2992000000, "netIncomeRatio": -0.3471803203, "eps": -16.26, "epsdiluted": -16.25, "weightedAverageShsOut": 184042553, "weightedAverageShsOutDil": 184100000, "link": "https://www.sec.gov/Archives/edgar/data/1535929/000153592918000006/0001535929-18-000006-index.htm", "finalLink": "https://www.sec.gov/Archives/edgar/data/1535929/000153592918000006/voyafinancialinc201710-kre.htm", "calculatedOtherExpenses": 6791000000, "calculatedOperatingExpenses": 8830000000, "calculatedNetInterest": -264000000, "calculatedOtherIncome": 1004000000, "calculatedIncomeNonControlling": 2780000000, "calculatedEbitda": -1988000000}, {"date": "2016-12-31", "symbol": "VOYA", "reportedCurrency": "USD", "cik": "0001535929", "fillingDate": "2017-02-23", "acceptedDate": "2017-02-23 16:41:24", "calendarYear": "2016", "period": "FY", "revenue": 10782200000, "costOfRevenue": 0, "grossProfit": 10782200000, "grossProfitRatio": 1, "researchAndDevelopmentExpenses": 0, "generalAndAdministrativeExpenses": 2178900000, "sellingAndMarketingExpenses": 0, "sellingGeneralAndAdministrativeExpenses": 2178900000, "otherExpenses": 6599100000, "operatingExpenses": 8778000000, "costAndExpenses": 11395600000, "interestIncome": 0, "interestExpense": 389900000, "depreciationAndAmortization": 98600000, "ebitda": -154200000, "ebitdaratio": -0.0143013485, "operatingIncome": -252800000, "operatingIncomeRatio": -0.02344605, "totalOtherIncomeExpensesNet": 361100000, "incomeBeforeTax": -613400000, "incomeBeforeTaxRatio": -0.0568900595, "incomeTaxExpense": -214700000, "netIncome": -428000000, "netIncomeRatio": -0.039695053, "eps": -2.13, "epsdiluted": -2.11, "weightedAverageShsOut": 200800000, "weightedAverageShsOutDil": 202700000, "link": "https://www.sec.gov/Archives/edgar/data/1535929/000153592917000007/0001535929-17-000007-index.htm", "finalLink": "https://www.sec.gov/Archives/edgar/data/1535929/000153592917000007/voyafinancialinc201610-kre.htm", "calculatedOtherExpenses": 8856100000, "calculatedOperatingExpenses": 11035000000, "calculatedNetInterest": -389900000, "calculatedOtherIncome": 29300000, "calculatedIncomeNonControlling": 29300000, "calculatedEbitda": -154200000}, {"date": "2015-12-31", "symbol": "VOYA", "reportedCurrency": "USD", "cik": "0001535929", "fillingDate": "2016-02-25", "acceptedDate": "2016-02-25 16:59:32", "calendarYear": "2015", "period": "FY", "revenue": 11341200000, "costOfRevenue": 0, "grossProfit": 11341200000, "grossProfitRatio": 1, "researchAndDevelopmentExpenses": 0, "generalAndAdministrativeExpenses": 2198600000, "sellingAndMarketingExpenses": 0, "sellingGeneralAndAdministrativeExpenses": 2198600000, "otherExpenses": 6041400000, "operatingExpenses": 8240000000, "costAndExpenses": 10756700000, "interestIncome": 0, "interestExpense": 468700000, "depreciationAndAmortization": 92500000, "ebitda": 1015400000, "ebitdaratio": 0.0895319719, "operatingIncome": 922900000, "operatingIncomeRatio": 0.0813758685, "totalOtherIncomeExpensesNet": 406900000, "incomeBeforeTax": 584500000, "incomeBeforeTaxRatio": 0.0515377561, "incomeTaxExpense": 45900000, "netIncome": 408300000, "netIncomeRatio": 0.0360014813, "eps": 1.81, "epsdiluted": 1.8, "weightedAverageShsOut": 225400000, "weightedAverageShsOutDil": 227400000, "link": "https://www.sec.gov/Archives/edgar/data/1535929/000153592916000059/0001535929-16-000059-index.htm", "finalLink": "https://www.sec.gov/Archives/edgar/data/1535929/000153592916000059/voyafinancialinc201510-kre.htm", "calculatedOtherExpenses": 8219700000, "calculatedOperatingExpenses": 10418300000, "calculatedNetInterest": -468700000, "calculatedOtherIncome": 130300000, "calculatedIncomeNonControlling": 130300000, "calculatedEbitda": 1015400000}, {"date": "2014-12-31", "symbol": "VOYA", "reportedCurrency": "USD", "cik": "0001535929", "fillingDate": "2015-02-27", "acceptedDate": "2015-02-27 16:12:42", "calendarYear": "2014", "period": "FY", "revenue": 11070900000, "costOfRevenue": 0, "grossProfit": 11070900000, "grossProfitRatio": 1, "researchAndDevelopmentExpenses": 0, "generalAndAdministrativeExpenses": 0, "sellingAndMarketingExpenses": 0, "sellingGeneralAndAdministrativeExpenses": 3561700000, "otherExpenses": 6624300000, "operatingExpenses": 10186000000, "costAndExpenses": 10285700000, "interestIncome": 0, "interestExpense": 399200000, "depreciationAndAmortization": 90600000, "ebitda": 1037300000, "ebitdaratio": 0.0936960861, "operatingIncome": 946700000, "operatingIncomeRatio": 0.0855124696, "totalOtherIncomeExpensesNet": 432800000, "incomeBeforeTax": 785200000, "incomeBeforeTaxRatio": 0.0709246764, "incomeTaxExpense": -1752200000, "netIncome": 2299700000, "netIncomeRatio": 0.2077247559, "eps": 9.07, "epsdiluted": 9, "weightedAverageShsOut": 253100000, "weightedAverageShsOutDil": 255100000, "link": "https://www.sec.gov/Archives/edgar/data/1535929/000119312515069733/0001193125-15-069733-index.htm", "finalLink": "https://www.sec.gov/Archives/edgar/data/1535929/000119312515069733/d877740d10k.htm", "calculatedOtherExpenses": 6562500000, "calculatedOperatingExpenses": 10124200000, "calculatedNetInterest": -399200000, "calculatedOtherIncome": 237700000, "calculatedIncomeNonControlling": 237700000, "calculatedEbitda": 1037300000}, {"date": "2013-12-31", "symbol": "VOYA", "reportedCurrency": "USD", "cik": "0001535929", "fillingDate": "2014-03-10", "acceptedDate": "2014-03-10 16:40:17", "calendarYear": "2013", "period": "FY", "revenue": 8758500000, "costOfRevenue": 0, "grossProfit": 8758500000, "grossProfitRatio": 1, "researchAndDevelopmentExpenses": 0, "generalAndAdministrativeExpenses": 0, "sellingAndMarketingExpenses": 0, "sellingGeneralAndAdministrativeExpenses": 2686700000, "otherExpenses": 5313300000, "operatingExpenses": 8000000000, "costAndExpenses": 8000400000, "interestIncome": 0, "interestExpense": 365400000, "depreciationAndAmortization": 85400000, "ebitda": 1018800000, "ebitdaratio": 0.1163212879, "operatingIncome": 933400000, "operatingIncomeRatio": 0.1065707598, "totalOtherIncomeExpensesNet": 433000000, "incomeBeforeTax": 758100000, "incomeBeforeTaxRatio": 0.0865559171, "incomeTaxExpense": -32500000, "netIncome": 600500000, "netIncomeRatio": 0.0685619684, "eps": 2.39, "epsdiluted": 2.38, "weightedAverageShsOut": 250600000, "weightedAverageShsOutDil": 251800000, "link": "https://www.sec.gov/Archives/edgar/data/1535929/000119312514091656/0001193125-14-091656-index.htm", "finalLink": "https://www.sec.gov/Archives/edgar/data/1535929/000119312514091656/d684112d10k.htm", "calculatedOtherExpenses": 5138400000, "calculatedOperatingExpenses": 7825100000, "calculatedNetInterest": -365400000, "calculatedOtherIncome": 190100000, "calculatedIncomeNonControlling": 190100000, "calculatedEbitda": 1018800000}, {"date": "2012-12-31", "symbol": "VOYA", "reportedCurrency": "USD", "cik": "0001535929", "fillingDate": "2012-12-31", "acceptedDate": "2012-12-30 19:00:00", "calendarYear": "2012", "period": "FY", "revenue": 9615300000, "costOfRevenue": 0, "grossProfit": 9615300000, "grossProfitRatio": 1, "researchAndDevelopmentExpenses": 0, "generalAndAdministrativeExpenses": 0, "sellingAndMarketingExpenses": 0, "sellingGeneralAndAdministrativeExpenses": 3155000000, "otherExpenses": 5854000000, "operatingExpenses": 9009000000, "costAndExpenses": 9009300000, "interestIncome": 0, "interestExpense": 260100000, "depreciationAndAmortization": 90500000, "ebitda": 818400000, "ebitdaratio": 0.085114349, "operatingIncome": 727900000, "operatingIncomeRatio": 0.0757022662, "totalOtherIncomeExpensesNet": 378500000, "incomeBeforeTax": 606000000, "incomeBeforeTaxRatio": 0.0630245546, "incomeTaxExpense": -5200000, "netIncome": 473000000, "netIncomeRatio": 0.0491924329, "eps": 1.84, "epsdiluted": 1.84, "weightedAverageShsOut": 256666667, "weightedAverageShsOutDil": 256666667, "link": "", "finalLink": "", "calculatedOtherExpenses": 5732400000, "calculatedOperatingExpenses": 8887400000, "calculatedNetInterest": -260100000, "calculatedOtherIncome": 138200000, "calculatedIncomeNonControlling": 138200000, "calculatedEbitda": 818400000}, {"date": "2011-12-31", "symbol": "VOYA", "reportedCurrency": "USD", "cik": "0001535929", "fillingDate": "2011-12-31", "acceptedDate": "2011-12-30 19:00:00", "calendarYear": "2011", "period": "FY", "revenue": 9718800000, "costOfRevenue": 0, "grossProfit": 9718800000, "grossProfitRatio": 1, "researchAndDevelopmentExpenses": 0, "generalAndAdministrativeExpenses": 0, "sellingAndMarketingExpenses": 0, "sellingGeneralAndAdministrativeExpenses": 3030800000, "otherExpenses": -12455000000, "operatingExpenses": -9424200000, "costAndExpenses": 9441000000, "interestIncome": 0, "interestExpense": 207700000, "depreciationAndAmortization": 96000000, "ebitda": 390600000, "ebitdaratio": 0.0401901469, "operatingIncome": 294600000, "operatingIncomeRatio": 0.0303123842, "totalOtherIncomeExpensesNet": 428200000, "incomeBeforeTax": 277800000, "incomeBeforeTaxRatio": 0.0285837758, "incomeTaxExpense": 175000000, "netIncome": -88100000, "netIncomeRatio": -0.0090649051, "eps": -0.34, "epsdiluted": -0.34, "weightedAverageShsOut": 256666667, "weightedAverageShsOutDil": 256666667, "link": "", "finalLink": "", "calculatedOtherExpenses": 6393400000, "calculatedOperatingExpenses": 9424200000, "calculatedNetInterest": -207700000, "calculatedOtherIncome": 190900000, "calculatedIncomeNonControlling": 190900000, "calculatedEbitda": 390600000}, {"date": "2010-12-31", "symbol": "VOYA", "reportedCurrency": "USD", "cik": "0001535929", "fillingDate": "2010-12-31", "acceptedDate": "2010-12-30 19:00:00", "calendarYear": "2010", "period": "FY", "revenue": 9274200000, "costOfRevenue": 0, "grossProfit": 9274200000, "grossProfitRatio": 1, "researchAndDevelopmentExpenses": 0, "generalAndAdministrativeExpenses": 0, "sellingAndMarketingExpenses": 0, "sellingGeneralAndAdministrativeExpenses": 3033500000, "otherExpenses": -11877300000, "operatingExpenses": -8843800000, "costAndExpenses": 9236400000, "interestIncome": 0, "interestExpense": 382300000, "depreciationAndAmortization": 98700000, "ebitda": 529100000, "ebitdaratio": 0.0570507429, "operatingIncome": 430400000, "operatingIncomeRatio": 0.0464083155, "totalOtherIncomeExpensesNet": 547000000, "incomeBeforeTax": 37800000, "incomeBeforeTaxRatio": 0.0040758233, "incomeTaxExpense": 171000000, "netIncome": -122900000, "netIncomeRatio": -0.0132518169, "eps": -0.48, "epsdiluted": -0.48, "weightedAverageShsOut": 256666667, "weightedAverageShsOutDil": 256666667, "link": "", "finalLink": "", "calculatedOtherExpenses": 5810300000, "calculatedOperatingExpenses": 8843800000, "calculatedNetInterest": -382300000, "calculatedOtherIncome": -10300000, "calculatedIncomeNonControlling": -10300000, "calculatedEbitda": 529100000}, {"date": "2009-12-31", "symbol": "VOYA", "reportedCurrency": "USD", "cik": "0001535929", "fillingDate": "2009-12-31", "acceptedDate": "2009-12-30 19:00:00", "calendarYear": "2009", "period": "FY", "revenue": 9364200000, "costOfRevenue": 0, "grossProfit": 9364200000, "grossProfitRatio": 1, "researchAndDevelopmentExpenses": 0, "generalAndAdministrativeExpenses": 0, "sellingAndMarketingExpenses": 0, "sellingGeneralAndAdministrativeExpenses": 3352200000, "otherExpenses": -13232100000, "operatingExpenses": -9879900000, "costAndExpenses": 10472800000, "interestIncome": 0, "interestExpense": 385500000, "depreciationAndAmortization": 104000000, "ebitda": -411700000, "ebitdaratio": -0.0439653147, "operatingIncome": -515700000, "operatingIncomeRatio": -0.0550714423, "totalOtherIncomeExpensesNet": 947800000, "incomeBeforeTax": -1108600000, "incomeBeforeTaxRatio": -0.1183870485, "incomeTaxExpense": -298000000, "netIncome": -603200000, "netIncomeRatio": -0.06441554, "eps": -2.35, "epsdiluted": -2.35, "weightedAverageShsOut": 256666667, "weightedAverageShsOutDil": 256666667, "link": "", "finalLink": "", "calculatedOtherExpenses": 6527700000, "calculatedOperatingExpenses": 9879900000, "calculatedNetInterest": -385500000, "calculatedOtherIncome": -207400000, "calculatedIncomeNonControlling": -207400000, "calculatedEbitda": -411700000}]}