{"originalCurrency": "USD", "convertedCurrency": "USD", "report": [{"date": "2023-12-31", "symbol": "VRNS", "reportedCurrency": "USD", "cik": "0001361113", "fillingDate": "2024-02-06", "acceptedDate": "2024-02-06 16:20:52", "calendarYear": "2023", "period": "FY", "revenue": 499160000, "costOfRevenue": 71751000, "grossProfit": 427409000, "grossProfitRatio": 0.8562565109, "researchAndDevelopmentExpenses": 183838000, "generalAndAdministrativeExpenses": 82901000, "sellingAndMarketingExpenses": 277893000, "sellingGeneralAndAdministrativeExpenses": 360794000, "otherExpenses": 0, "operatingExpenses": 544632000, "costAndExpenses": 616383000, "interestIncome": 34561000, "interestExpense": 3197000, "depreciationAndAmortization": 11703000, "ebitda": -117223000, "ebitdaratio": -0.2348405321, "operatingIncome": -117223000, "operatingIncomeRatio": -0.2348405321, "totalOtherIncomeExpensesNet": 30305000, "incomeBeforeTax": -86918000, "incomeBeforeTaxRatio": -0.1741285359, "incomeTaxExpense": 13998000, "netIncome": -100916000, "netIncomeRatio": -0.2021716484, "eps": -0.92, "epsdiluted": -0.92, "weightedAverageShsOut": 109141894, "weightedAverageShsOutDil": 109141894, "link": "https://www.sec.gov/Archives/edgar/data/1361113/000162828024003498/0001628280-24-003498-index.htm", "finalLink": "https://www.sec.gov/Archives/edgar/data/1361113/000162828024003498/vrns-20231231.htm", "calculatedOtherExpenses": 0, "calculatedOperatingExpenses": 544632000, "calculatedNetInterest": 31364000, "calculatedOtherIncome": -1059000, "calculatedIncomeNonControlling": 0, "calculatedEbitda": -105520000}, {"date": "2022-12-31", "symbol": "VRNS", "reportedCurrency": "USD", "cik": "0001361113", "fillingDate": "2023-02-07", "acceptedDate": "2023-02-07 16:28:38", "calendarYear": "2022", "period": "FY", "revenue": 473634000, "costOfRevenue": 69836000, "grossProfit": 403798000, "grossProfitRatio": 0.852552815, "researchAndDevelopmentExpenses": 177881000, "generalAndAdministrativeExpenses": 72055000, "sellingAndMarketingExpenses": 275090000, "sellingGeneralAndAdministrativeExpenses": 347145000, "otherExpenses": 0, "operatingExpenses": 525026000, "costAndExpenses": 594862000, "interestIncome": 10414000, "interestExpense": 3167000, "depreciationAndAmortization": 12176000, "ebitda": -109052000, "ebitdaratio": -0.2302452949, "operatingIncome": -121228000, "operatingIncomeRatio": -0.2559529088, "totalOtherIncomeExpensesNet": 10413000, "incomeBeforeTax": -110815000, "incomeBeforeTaxRatio": -0.2339675783, "incomeTaxExpense": 13703000, "netIncome": -124518000, "netIncomeRatio": -0.2628992006, "eps": -1.14, "epsdiluted": -1.14, "weightedAverageShsOut": 109281368, "weightedAverageShsOutDil": 109281368, "link": "https://www.sec.gov/Archives/edgar/data/1361113/000162828023002580/0001628280-23-002580-index.htm", "finalLink": "https://www.sec.gov/Archives/edgar/data/1361113/000162828023002580/vrns-20221231.htm", "calculatedOtherExpenses": 0, "calculatedOperatingExpenses": 525026000, "calculatedNetInterest": 7247000, "calculatedOtherIncome": 3166000, "calculatedIncomeNonControlling": 0, "calculatedEbitda": -109052000}, {"date": "2021-12-31", "symbol": "VRNS", "reportedCurrency": "USD", "cik": "0001361113", "fillingDate": "2022-02-08", "acceptedDate": "2022-02-08 16:46:19", "calendarYear": "2021", "period": "FY", "revenue": 390134000, "costOfRevenue": 59399000, "grossProfit": 330735000, "grossProfitRatio": 0.8477471843, "researchAndDevelopmentExpenses": 137882000, "generalAndAdministrativeExpenses": 61233000, "sellingAndMarketingExpenses": 230314000, "sellingGeneralAndAdministrativeExpenses": 291547000, "otherExpenses": 0, "operatingExpenses": 429429000, "costAndExpenses": 488828000, "interestIncome": 164000, "interestExpense": 12145000, "depreciationAndAmortization": 10888000, "ebitda": -87806000, "ebitdaratio": -0.2250662593, "operatingIncome": -98694000, "operatingIncomeRatio": -0.252974619, "totalOtherIncomeExpensesNet": -12145000, "incomeBeforeTax": -110839000, "incomeBeforeTaxRatio": -0.2841049486, "incomeTaxExpense": 6022000, "netIncome": -116861000, "netIncomeRatio": -0.2995406706, "eps": -1.11, "epsdiluted": -1.11, "weightedAverageShsOut": 105305957, "weightedAverageShsOutDil": 105305957, "link": "https://www.sec.gov/Archives/edgar/data/1361113/000162828022002017/0001628280-22-002017-index.htm", "finalLink": "https://www.sec.gov/Archives/edgar/data/1361113/000162828022002017/vrns-20211231.htm", "calculatedOtherExpenses": 0, "calculatedOperatingExpenses": 429429000, "calculatedNetInterest": -11981000, "calculatedOtherIncome": -164000, "calculatedIncomeNonControlling": 0, "calculatedEbitda": -87806000}, {"date": "2020-12-31", "symbol": "VRNS", "reportedCurrency": "USD", "cik": "0001361113", "fillingDate": "2021-02-09", "acceptedDate": "2021-02-09 16:05:16", "calendarYear": "2020", "period": "FY", "revenue": 292689000, "costOfRevenue": 44261000, "grossProfit": 248428000, "grossProfitRatio": 0.8487780545, "researchAndDevelopmentExpenses": 99363000, "generalAndAdministrativeExpenses": 47578000, "sellingAndMarketingExpenses": 179902000, "sellingGeneralAndAdministrativeExpenses": 227480000, "otherExpenses": 0, "operatingExpenses": 326843000, "costAndExpenses": 371104000, "interestIncome": 674000, "interestExpense": 6113000, "depreciationAndAmortization": 9903000, "ebitda": -68512000, "ebitdaratio": -0.2340778096, "operatingIncome": -78415000, "operatingIncomeRatio": -0.2679123575, "totalOtherIncomeExpensesNet": -7483000, "incomeBeforeTax": -85898000, "incomeBeforeTaxRatio": -0.2934787436, "incomeTaxExpense": 8112000, "netIncome": -94010000, "netIncomeRatio": -0.3211941686, "eps": -1, "epsdiluted": -1, "weightedAverageShsOut": 94336891, "weightedAverageShsOutDil": 94336891, "link": "https://www.sec.gov/Archives/edgar/data/1361113/000162828021001677/0001628280-21-001677-index.htm", "finalLink": "https://www.sec.gov/Archives/edgar/data/1361113/000162828021001677/vrns-20201231.htm", "calculatedOtherExpenses": 0, "calculatedOperatingExpenses": 326843000, "calculatedNetInterest": -5439000, "calculatedOtherIncome": -2044000, "calculatedIncomeNonControlling": 0, "calculatedEbitda": -68512000}, {"date": "2019-12-31", "symbol": "VRNS", "reportedCurrency": "USD", "cik": "0001361113", "fillingDate": "2020-02-11", "acceptedDate": "2020-02-11 16:42:42", "calendarYear": "2019", "period": "FY", "revenue": 254190000, "costOfRevenue": 35144000, "grossProfit": 219046000, "grossProfitRatio": 0.8617412172, "researchAndDevelopmentExpenses": 80764000, "generalAndAdministrativeExpenses": 44371000, "sellingAndMarketingExpenses": 169898000, "sellingGeneralAndAdministrativeExpenses": 214269000, "otherExpenses": 0, "operatingExpenses": 295033000, "costAndExpenses": 330177000, "interestIncome": 2034000, "interestExpense": 205000, "depreciationAndAmortization": 15344000, "ebitda": -60643000, "ebitdaratio": -0.238573508, "operatingIncome": -75987000, "operatingIncomeRatio": -0.2989378024, "totalOtherIncomeExpensesNet": -389000, "incomeBeforeTax": -76376000, "incomeBeforeTaxRatio": -0.3004681537, "incomeTaxExpense": 2388000, "netIncome": -78764000, "netIncomeRatio": -0.3098627011, "eps": -0.87, "epsdiluted": -0.87, "weightedAverageShsOut": 90772228, "weightedAverageShsOutDil": 90772228, "link": "https://www.sec.gov/Archives/edgar/data/1361113/000162828020001362/0001628280-20-001362-index.htm", "finalLink": "https://www.sec.gov/Archives/edgar/data/1361113/000162828020001362/vrns-12312019x10k.htm", "calculatedOtherExpenses": 0, "calculatedOperatingExpenses": 295033000, "calculatedNetInterest": 1829000, "calculatedOtherIncome": -2218000, "calculatedIncomeNonControlling": 0, "calculatedEbitda": -60643000}, {"date": "2018-12-31", "symbol": "VRNS", "reportedCurrency": "USD", "cik": "0001361113", "fillingDate": "2019-02-12", "acceptedDate": "2019-02-12 17:00:30", "calendarYear": "2018", "period": "FY", "revenue": 270288000, "costOfRevenue": 27683000, "grossProfit": 242605000, "grossProfitRatio": 0.8975796188, "researchAndDevelopmentExpenses": 69971000, "generalAndAdministrativeExpenses": 33460000, "sellingAndMarketingExpenses": 168309000, "sellingGeneralAndAdministrativeExpenses": 201769000, "otherExpenses": 0, "operatingExpenses": 271740000, "costAndExpenses": 299423000, "interestIncome": 1741000, "interestExpense": 0, "depreciationAndAmortization": 4156000, "ebitda": -24979000, "ebitdaratio": -0.0924162375, "operatingIncome": -29135000, "operatingIncomeRatio": -0.1077924288, "totalOtherIncomeExpensesNet": -574000, "incomeBeforeTax": -28165000, "incomeBeforeTaxRatio": -0.1042036642, "incomeTaxExpense": 413000, "netIncome": -28578000, "netIncomeRatio": -0.105731664, "eps": -0.33, "epsdiluted": -0.33, "weightedAverageShsOut": 87061933, "weightedAverageShsOutDil": 87061935, "link": "https://www.sec.gov/Archives/edgar/data/1361113/000162828019001223/0001628280-19-001223-index.htm", "finalLink": "https://www.sec.gov/Archives/edgar/data/1361113/000162828019001223/vrns-12312018x10k.htm", "calculatedOtherExpenses": 0, "calculatedOperatingExpenses": 271740000, "calculatedNetInterest": 1741000, "calculatedOtherIncome": -771000, "calculatedIncomeNonControlling": 0, "calculatedEbitda": -24979000}, {"date": "2017-12-31", "symbol": "VRNS", "reportedCurrency": "USD", "cik": "0001361113", "fillingDate": "2018-02-13", "acceptedDate": "2018-02-13 17:06:27", "calendarYear": "2017", "period": "FY", "revenue": 217364000, "costOfRevenue": 20873000, "grossProfit": 196491000, "grossProfitRatio": 0.9039721389, "researchAndDevelopmentExpenses": 47369000, "generalAndAdministrativeExpenses": 26823000, "sellingAndMarketingExpenses": 135896000, "sellingGeneralAndAdministrativeExpenses": 162719000, "otherExpenses": 0, "operatingExpenses": 210088000, "costAndExpenses": 230961000, "interestIncome": 747000, "interestExpense": 0, "depreciationAndAmortization": 3328000, "ebitda": -10269000, "ebitdaratio": -0.0472433338, "operatingIncome": -13597000, "operatingIncomeRatio": -0.0625540568, "totalOtherIncomeExpensesNet": 1773000, "incomeBeforeTax": -11235000, "incomeBeforeTaxRatio": -0.0516874919, "incomeTaxExpense": 2459000, "netIncome": -13694000, "netIncomeRatio": -0.0630003128, "eps": -0.17, "epsdiluted": -0.17, "weightedAverageShsOut": 82402318, "weightedAverageShsOutDil": 82402320, "link": "https://www.sec.gov/Archives/edgar/data/1361113/000117184318001113/0001171843-18-001113-index.htm", "finalLink": "https://www.sec.gov/Archives/edgar/data/1361113/000117184318001113/f10k_021318p.htm", "calculatedOtherExpenses": 0, "calculatedOperatingExpenses": 210088000, "calculatedNetInterest": 747000, "calculatedOtherIncome": 1615000, "calculatedIncomeNonControlling": 0, "calculatedEbitda": -10269000}, {"date": "2016-12-31", "symbol": "VRNS", "reportedCurrency": "USD", "cik": "0001361113", "fillingDate": "2017-02-09", "acceptedDate": "2017-02-09 17:22:03", "calendarYear": "2016", "period": "FY", "revenue": 164456000, "costOfRevenue": 15843000, "grossProfit": 148613000, "grossProfitRatio": 0.903664202, "researchAndDevelopmentExpenses": 36660000, "generalAndAdministrativeExpenses": 19822000, "sellingAndMarketingExpenses": 107825000, "sellingGeneralAndAdministrativeExpenses": 127647000, "otherExpenses": 0, "operatingExpenses": 164307000, "costAndExpenses": 180150000, "interestIncome": 520000, "interestExpense": 0, "depreciationAndAmortization": 2180000, "ebitda": -13514000, "ebitdaratio": -0.0821739553, "operatingIncome": -15694000, "operatingIncomeRatio": -0.0954297806, "totalOtherIncomeExpensesNet": -1224000, "incomeBeforeTax": -16579000, "incomeBeforeTaxRatio": -0.1008111592, "incomeTaxExpense": 1131000, "netIncome": -17710000, "netIncomeRatio": -0.1076883787, "eps": -0.22, "epsdiluted": -0.22, "weightedAverageShsOut": 79218934, "weightedAverageShsOutDil": 79218936, "link": "https://www.sec.gov/Archives/edgar/data/1361113/000117184317000799/0001171843-17-000799-index.htm", "finalLink": "https://www.sec.gov/Archives/edgar/data/1361113/000117184317000799/f10k_020917p.htm", "calculatedOtherExpenses": 0, "calculatedOperatingExpenses": 164307000, "calculatedNetInterest": 520000, "calculatedOtherIncome": -1405000, "calculatedIncomeNonControlling": 0, "calculatedEbitda": -13514000}, {"date": "2015-12-31", "symbol": "VRNS", "reportedCurrency": "USD", "cik": "0001361113", "fillingDate": "2016-02-12", "acceptedDate": "2016-02-12 06:31:19", "calendarYear": "2015", "period": "FY", "revenue": 127210000, "costOfRevenue": 12019000, "grossProfit": 115191000, "grossProfitRatio": 0.9055184341, "researchAndDevelopmentExpenses": 31792000, "generalAndAdministrativeExpenses": 16106000, "sellingAndMarketingExpenses": 86367000, "sellingGeneralAndAdministrativeExpenses": 102473000, "otherExpenses": 0, "operatingExpenses": 134265000, "costAndExpenses": 146284000, "interestIncome": 330000, "interestExpense": 0, "depreciationAndAmortization": 1615000, "ebitda": -17459000, "ebitdaratio": -0.1372454996, "operatingIncome": -19074000, "operatingIncomeRatio": -0.1499410424, "totalOtherIncomeExpensesNet": -1711000, "incomeBeforeTax": -20597000, "incomeBeforeTaxRatio": -0.1619133716, "incomeTaxExpense": 686000, "netIncome": -21283000, "netIncomeRatio": -0.1673060294, "eps": -0.28, "epsdiluted": -0.28, "weightedAverageShsOut": 75595636.48808719, "weightedAverageShsOutDil": 75595638, "link": "https://www.sec.gov/Archives/edgar/data/1361113/000117184316007861/0001171843-16-007861-index.htm", "finalLink": "https://www.sec.gov/Archives/edgar/data/1361113/000117184316007861/f10k_021216.htm", "calculatedOtherExpenses": 0, "calculatedOperatingExpenses": 134265000, "calculatedNetInterest": 330000, "calculatedOtherIncome": -1853000, "calculatedIncomeNonControlling": 0, "calculatedEbitda": -17459000}, {"date": "2014-12-31", "symbol": "VRNS", "reportedCurrency": "USD", "cik": "0001361113", "fillingDate": "2015-02-19", "acceptedDate": "2015-02-19 16:35:44", "calendarYear": "2014", "period": "FY", "revenue": 101348000, "costOfRevenue": 9911000, "grossProfit": 91437000, "grossProfitRatio": 0.902208233, "researchAndDevelopmentExpenses": 28086000, "generalAndAdministrativeExpenses": 11872000, "sellingAndMarketingExpenses": 68787000, "sellingGeneralAndAdministrativeExpenses": 80659000, "otherExpenses": 0, "operatingExpenses": 108745000, "costAndExpenses": 118656000, "interestIncome": 188000, "interestExpense": 0, "depreciationAndAmortization": 1285000, "ebitda": -16023000, "ebitdaratio": -0.1580988278, "operatingIncome": -17308000, "operatingIncomeRatio": -0.1707779137, "totalOtherIncomeExpensesNet": -1591000, "incomeBeforeTax": -19022000, "incomeBeforeTaxRatio": -0.1876899396, "incomeTaxExpense": 376000, "netIncome": -19398000, "netIncomeRatio": -0.191399929, "eps": -0.3, "epsdiluted": -0.3, "weightedAverageShsOut": 63726939, "weightedAverageShsOutDil": 63726939, "link": "https://www.sec.gov/Archives/edgar/data/1361113/000119312515054287/0001193125-15-054287-index.htm", "finalLink": "https://www.sec.gov/Archives/edgar/data/1361113/000119312515054287/d846864d10k.htm", "calculatedOtherExpenses": 0, "calculatedOperatingExpenses": 108745000, "calculatedNetInterest": 188000, "calculatedOtherIncome": -1902000, "calculatedIncomeNonControlling": 0, "calculatedEbitda": -16023000}, {"date": "2013-12-31", "symbol": "VRNS", "reportedCurrency": "USD", "cik": "0001361113", "fillingDate": "2013-12-31", "acceptedDate": "2013-12-30 19:00:00", "calendarYear": "2013", "period": "FY", "revenue": 74616000, "costOfRevenue": 6476000, "grossProfit": 68140000, "grossProfitRatio": 0.9132089632, "researchAndDevelopmentExpenses": 20973000, "generalAndAdministrativeExpenses": 8881000, "sellingAndMarketingExpenses": 44131000, "sellingGeneralAndAdministrativeExpenses": 53012000, "otherExpenses": 0, "operatingExpenses": 73985000, "costAndExpenses": 80461000, "interestIncome": 36000, "interestExpense": 0, "depreciationAndAmortization": 796000, "ebitda": -5362000, "ebitdaratio": -0.071861263, "operatingIncome": -5845000, "operatingIncomeRatio": -0.0783344055, "totalOtherIncomeExpensesNet": -961000, "incomeBeforeTax": -7119000, "incomeBeforeTaxRatio": -0.0954084915, "incomeTaxExpense": 356000, "netIncome": -7475000, "netIncomeRatio": -0.1001795861, "eps": -0.1, "epsdiluted": -0.1, "weightedAverageShsOut": 71506365, "weightedAverageShsOutDil": 71506365, "link": "", "finalLink": "", "calculatedOtherExpenses": 0, "calculatedOperatingExpenses": 73985000, "calculatedNetInterest": 36000, "calculatedOtherIncome": -1310000, "calculatedIncomeNonControlling": 0, "calculatedEbitda": -5049000}, {"date": "2012-12-31", "symbol": "VRNS", "reportedCurrency": "USD", "cik": "0001361113", "fillingDate": "2012-12-31", "acceptedDate": "2012-12-30 19:00:00", "calendarYear": "2012", "period": "FY", "revenue": 53410000, "costOfRevenue": 4928000, "grossProfit": 48482000, "grossProfitRatio": 0.9077326343, "researchAndDevelopmentExpenses": 15034000, "generalAndAdministrativeExpenses": 4966000, "sellingAndMarketingExpenses": 30036000, "sellingGeneralAndAdministrativeExpenses": 35002000, "otherExpenses": 0, "operatingExpenses": 50036000, "costAndExpenses": 54964000, "interestIncome": 97000, "interestExpense": 86000, "depreciationAndAmortization": 465000, "ebitda": -1173000, "ebitdaratio": -0.0219621794, "operatingIncome": -1554000, "operatingIncomeRatio": -0.029095675, "totalOtherIncomeExpensesNet": -2875000, "incomeBeforeTax": -4599000, "incomeBeforeTaxRatio": -0.0861074705, "incomeTaxExpense": 247000, "netIncome": -4846000, "netIncomeRatio": -0.0907320726, "eps": -0.0852, "epsdiluted": -0.0852, "weightedAverageShsOut": 56893068, "weightedAverageShsOutDil": 56893068, "link": "", "finalLink": "", "calculatedOtherExpenses": 0, "calculatedOperatingExpenses": 50036000, "calculatedNetInterest": 11000, "calculatedOtherIncome": -3056000, "calculatedIncomeNonControlling": 0, "calculatedEbitda": -1089000}, {"date": "2011-12-31", "symbol": "VRNS", "reportedCurrency": "USD", "cik": "0001361113", "fillingDate": "2011-12-31", "acceptedDate": "2011-12-30 19:00:00", "calendarYear": "2011", "period": "FY", "revenue": 39779000, "costOfRevenue": 3524000, "grossProfit": 36255000, "grossProfitRatio": 0.9114105433, "researchAndDevelopmentExpenses": 13049000, "generalAndAdministrativeExpenses": 4514000, "sellingAndMarketingExpenses": 22095000, "sellingGeneralAndAdministrativeExpenses": 26609000, "otherExpenses": 0, "operatingExpenses": 39658000, "costAndExpenses": 43182000, "interestIncome": 62000, "interestExpense": 666000, "depreciationAndAmortization": 453000, "ebitda": -2916000, "ebitdaratio": -0.0733050102, "operatingIncome": -3403000, "operatingIncomeRatio": -0.0855476508, "totalOtherIncomeExpensesNet": 461000, "incomeBeforeTax": -3574000, "incomeBeforeTaxRatio": -0.0898464014, "incomeTaxExpense": 224000, "netIncome": -3798000, "netIncomeRatio": -0.0954775133, "eps": -0.0668, "epsdiluted": -0.0668, "weightedAverageShsOut": 56893068, "weightedAverageShsOutDil": 56893068, "link": "", "finalLink": "", "calculatedOtherExpenses": 0, "calculatedOperatingExpenses": 39658000, "calculatedNetInterest": -604000, "calculatedOtherIncome": 433000, "calculatedIncomeNonControlling": 0, "calculatedEbitda": -2950000}, {"date": "2010-12-31", "symbol": "VRNS", "reportedCurrency": "USD", "cik": "0001361113", "fillingDate": "2010-12-31", "acceptedDate": "2010-12-30 19:00:00", "calendarYear": "2010", "period": "FY", "revenue": 28865000, "costOfRevenue": 2396000, "grossProfit": 26469000, "grossProfitRatio": 0.916992898, "researchAndDevelopmentExpenses": 7735000, "generalAndAdministrativeExpenses": 3312000, "sellingAndMarketingExpenses": 16608000, "sellingGeneralAndAdministrativeExpenses": 19920000, "otherExpenses": 0, "operatingExpenses": 27655000, "costAndExpenses": 30051000, "interestIncome": 6000, "interestExpense": 270000, "depreciationAndAmortization": 291000, "ebitda": -905000, "ebitdaratio": -0.0313528495, "operatingIncome": -1186000, "operatingIncomeRatio": -0.0410878226, "totalOtherIncomeExpensesNet": -1169000, "incomeBeforeTax": -2635000, "incomeBeforeTaxRatio": -0.0912870258, "incomeTaxExpense": 126000, "netIncome": -2761000, "netIncomeRatio": -0.0956521739, "eps": -0.0485, "epsdiluted": -0.0485, "weightedAverageShsOut": 56893068, "weightedAverageShsOutDil": 56893068, "link": "", "finalLink": "", "calculatedOtherExpenses": 0, "calculatedOperatingExpenses": 27655000, "calculatedNetInterest": -264000, "calculatedOtherIncome": -1185000, "calculatedIncomeNonControlling": 0, "calculatedEbitda": -895000}, {"date": "2001-12-31", "symbol": "VRNS", "reportedCurrency": "USD", "cik": "0001361113", "fillingDate": "2023-02-06", "acceptedDate": "2023-02-06 16:10:43", "calendarYear": "2001", "period": "FY", "revenue": 473634000, "costOfRevenue": 69836000, "grossProfit": 403798000, "grossProfitRatio": 0.852552815, "researchAndDevelopmentExpenses": 177881000, "generalAndAdministrativeExpenses": 72055000, "sellingAndMarketingExpenses": 275090000, "sellingGeneralAndAdministrativeExpenses": 347145000, "otherExpenses": 0, "operatingExpenses": 525026000, "costAndExpenses": 594862000, "interestIncome": 0, "interestExpense": 0, "depreciationAndAmortization": 0, "ebitda": -121228000, "ebitdaratio": -0.2559529088, "operatingIncome": -121228000, "operatingIncomeRatio": -0.2559529088, "totalOtherIncomeExpensesNet": 10413000, "incomeBeforeTax": -110815000, "incomeBeforeTaxRatio": -0.2339675783, "incomeTaxExpense": 13703000, "netIncome": -124518000, "netIncomeRatio": -0.2628992006, "eps": -0.0011, "epsdiluted": -0.0011, "weightedAverageShsOut": 109281368000, "weightedAverageShsOutDil": 109281368000, "link": "https://www.sec.gov/Archives/edgar/data/1361113/000117184323000721/0001171843-23-000721-index.htm", "finalLink": "https://www.sec.gov/Archives/edgar/data/1361113/000117184323000721/exh_991.htm", "calculatedOtherExpenses": 0, "calculatedOperatingExpenses": 525026000, "calculatedNetInterest": 0, "calculatedOtherIncome": 10413000, "calculatedIncomeNonControlling": 0, "calculatedEbitda": -121228000}]}