{"originalCurrency": "USD", "convertedCurrency": "USD", "report": [{"date": "2024-01-31", "symbol": "VRNT", "reportedCurrency": "USD", "cik": "0001166388", "fillingDate": "2024-03-27", "acceptedDate": "2024-03-27 16:58:35", "calendarYear": "2024", "period": "FY", "revenue": 910387000, "costOfRevenue": 296254000, "grossProfit": 614133000, "grossProfitRatio": 0.6745845448, "researchAndDevelopmentExpenses": 133370000, "generalAndAdministrativeExpenses": 0, "sellingAndMarketingExpenses": 0, "sellingGeneralAndAdministrativeExpenses": 384818000, "otherExpenses": -3084000, "operatingExpenses": 518188000, "costAndExpenses": 814442000, "interestIncome": 6944000, "interestExpense": 10334000, "depreciationAndAmortization": 68970000, "ebitda": 164915000, "ebitdaratio": 0.181148237, "operatingIncome": 95945000, "operatingIncomeRatio": 0.1053892466, "totalOtherIncomeExpensesNet": -34673000, "incomeBeforeTax": 61272000, "incomeBeforeTaxRatio": 0.0673032458, "incomeTaxExpense": 21638000, "netIncome": 38610000, "netIncomeRatio": 0.0424105353, "eps": 0.6, "epsdiluted": 0.6, "weightedAverageShsOut": 63990000, "weightedAverageShsOutDil": 64318000, "link": "https://www.sec.gov/Archives/edgar/data/1166388/000116638824000015/0001166388-24-000015-index.htm", "finalLink": "https://www.sec.gov/Archives/edgar/data/1166388/000116638824000015/vrnt-20240131.htm", "calculatedOtherExpenses": 0, "calculatedOperatingExpenses": 518188000, "calculatedNetInterest": -3390000, "calculatedOtherIncome": -31283000, "calculatedIncomeNonControlling": 1024000, "calculatedEbitda": 164915000}, {"date": "2023-01-31", "symbol": "VRNT", "reportedCurrency": "USD", "cik": "0001166388", "fillingDate": "2023-03-29", "acceptedDate": "2023-03-29 17:03:25", "calendarYear": "2023", "period": "FY", "revenue": 902245000, "costOfRevenue": 295068000, "grossProfit": 607177000, "grossProfitRatio": 0.6729624437, "researchAndDevelopmentExpenses": 130644000, "generalAndAdministrativeExpenses": 0, "sellingAndMarketingExpenses": 0, "sellingGeneralAndAdministrativeExpenses": 392939000, "otherExpenses": 26238000, "operatingExpenses": 549821000, "costAndExpenses": 844889000, "interestIncome": 3301000, "interestExpense": 7877000, "depreciationAndAmortization": 73243000, "ebitda": 130599000, "ebitdaratio": 0.1447489318, "operatingIncome": 57356000, "operatingIncomeRatio": 0.0635703163, "totalOtherIncomeExpensesNet": -2594000, "incomeBeforeTax": 54762000, "incomeBeforeTaxRatio": 0.0606952657, "incomeTaxExpense": 39103000, "netIncome": 14898000, "netIncomeRatio": 0.0165121447, "eps": 0.23, "epsdiluted": 0.23, "weightedAverageShsOut": 65331999, "weightedAverageShsOutDil": 65331999, "link": "https://www.sec.gov/Archives/edgar/data/1166388/000116638823000012/0001166388-23-000012-index.htm", "finalLink": "https://www.sec.gov/Archives/edgar/data/1166388/000116638823000012/vrnt-20230131.htm", "calculatedOtherExpenses": 26238000, "calculatedOperatingExpenses": 549821000, "calculatedNetInterest": -4576000, "calculatedOtherIncome": 1982000, "calculatedIncomeNonControlling": 761000, "calculatedEbitda": 130599000}, {"date": "2022-01-31", "symbol": "VRNT", "reportedCurrency": "USD", "cik": "0001166388", "fillingDate": "2022-03-29", "acceptedDate": "2022-03-29 16:56:16", "calendarYear": "2022", "period": "FY", "revenue": 874509000, "costOfRevenue": 298572000, "grossProfit": 575937000, "grossProfitRatio": 0.6585832736, "researchAndDevelopmentExpenses": 123291000, "generalAndAdministrativeExpenses": 0, "sellingAndMarketingExpenses": 0, "sellingGeneralAndAdministrativeExpenses": 376808000, "otherExpenses": 28995000, "operatingExpenses": 529094000, "costAndExpenses": 827666000, "interestIncome": 233000, "interestExpense": 10325000, "depreciationAndAmortization": 80909000, "ebitda": 127752000, "ebitdaratio": 0.1460842599, "operatingIncome": 46843000, "operatingIncomeRatio": 0.0535649147, "totalOtherIncomeExpensesNet": -7339000, "incomeBeforeTax": 39504000, "incomeBeforeTaxRatio": 0.045172777, "incomeTaxExpense": 23853000, "netIncome": 14413000, "netIncomeRatio": 0.0164812483, "eps": 0.22, "epsdiluted": 0.22, "weightedAverageShsOut": 65590999, "weightedAverageShsOutDil": 65590999, "link": "https://www.sec.gov/Archives/edgar/data/1166388/000116638822000019/0001166388-22-000019-index.htm", "finalLink": "https://www.sec.gov/Archives/edgar/data/1166388/000116638822000019/vrnt-20220131.htm", "calculatedOtherExpenses": 28995000, "calculatedOperatingExpenses": 529094000, "calculatedNetInterest": -10092000, "calculatedOtherIncome": 2753000, "calculatedIncomeNonControlling": 1238000, "calculatedEbitda": 127752000}, {"date": "2021-01-31", "symbol": "VRNT", "reportedCurrency": "USD", "cik": "0001166388", "fillingDate": "2021-03-31", "acceptedDate": "2021-03-31 17:02:57", "calendarYear": "2021", "period": "FY", "revenue": 1273705000, "costOfRevenue": 415594000, "grossProfit": 858111000, "grossProfitRatio": 0.6737125158, "researchAndDevelopmentExpenses": 240169000, "generalAndAdministrativeExpenses": 0, "sellingAndMarketingExpenses": 0, "sellingGeneralAndAdministrativeExpenses": 478242000, "otherExpenses": 30995000, "operatingExpenses": 749406000, "costAndExpenses": 1165000000, "interestIncome": 2808000, "interestExpense": 39975000, "depreciationAndAmortization": 100408000, "ebitda": 156606000, "ebitdaratio": 0.1229531171, "operatingIncome": 56198000, "operatingIncomeRatio": 0.0441216765, "totalOtherIncomeExpensesNet": -39975000, "incomeBeforeTax": 16223000, "incomeBeforeTaxRatio": 0.0127368582, "incomeTaxExpense": 16330000, "netIncome": -107000, "netIncomeRatio": -8.40069e-05, "eps": -0.0016, "epsdiluted": -0.0016, "weightedAverageShsOut": 65173000, "weightedAverageShsOutDil": 65173000, "link": "https://www.sec.gov/Archives/edgar/data/1166388/000116638821000028/0001166388-21-000028-index.htm", "finalLink": "https://www.sec.gov/Archives/edgar/data/1166388/000116638821000028/vrnt-20210131.htm", "calculatedOtherExpenses": 83502000, "calculatedOperatingExpenses": 801913000, "calculatedNetInterest": -37167000, "calculatedOtherIncome": -2808000, "calculatedIncomeNonControlling": 0, "calculatedEbitda": 156606000}, {"date": "2020-01-31", "symbol": "VRNT", "reportedCurrency": "USD", "cik": "0001166388", "fillingDate": "2020-03-31", "acceptedDate": "2020-03-31 16:24:26", "calendarYear": "2020", "period": "FY", "revenue": 1303634000, "costOfRevenue": 463766000, "grossProfit": 839868000, "grossProfitRatio": 0.6442513773, "researchAndDevelopmentExpenses": 231683000, "generalAndAdministrativeExpenses": 0, "sellingAndMarketingExpenses": 0, "sellingGeneralAndAdministrativeExpenses": 488871000, "otherExpenses": 31458000, "operatingExpenses": 752012000, "costAndExpenses": 1215778000, "interestIncome": 5620000, "interestExpense": 40378000, "depreciationAndAmortization": 97357000, "ebitda": 185213000, "ebitdaratio": 0.1420743859, "operatingIncome": 87856000, "operatingIncomeRatio": 0.0673931487, "totalOtherIncomeExpensesNet": -34553000, "incomeBeforeTax": 53303000, "incomeBeforeTaxRatio": 0.04088801, "incomeTaxExpense": 17620000, "netIncome": 28684000, "netIncomeRatio": 0.0220031082, "eps": 0.43, "epsdiluted": 0.43, "weightedAverageShsOut": 66129000, "weightedAverageShsOutDil": 67355000, "link": "https://www.sec.gov/Archives/edgar/data/1166388/000116638820000014/0001166388-20-000014-index.htm", "finalLink": "https://www.sec.gov/Archives/edgar/data/1166388/000116638820000014/vrnt-20200131xform10xk.htm", "calculatedOtherExpenses": 31458000, "calculatedOperatingExpenses": 752012000, "calculatedNetInterest": -34758000, "calculatedOtherIncome": 205000, "calculatedIncomeNonControlling": 6999000, "calculatedEbitda": 185213000}, {"date": "2019-01-31", "symbol": "VRNT", "reportedCurrency": "USD", "cik": "0001166388", "fillingDate": "2019-03-28", "acceptedDate": "2019-03-27 18:09:43", "calendarYear": "2019", "period": "FY", "revenue": 1229747000, "costOfRevenue": 449213000, "grossProfit": 780534000, "grossProfitRatio": 0.6347110422, "researchAndDevelopmentExpenses": 209106000, "generalAndAdministrativeExpenses": 426183000, "sellingAndMarketingExpenses": 0, "sellingGeneralAndAdministrativeExpenses": 426183000, "otherExpenses": -3906000, "operatingExpenses": 666299000, "costAndExpenses": 1115512000, "interestIncome": 4777000, "interestExpense": 37344000, "depreciationAndAmortization": 88915000, "ebitda": 204021000, "ebitdaratio": 0.1659048569, "operatingIncome": 114235000, "operatingIncomeRatio": 0.092893091, "totalOtherIncomeExpensesNet": -3906000, "incomeBeforeTax": 77762000, "incomeBeforeTaxRatio": 0.0632341449, "incomeTaxExpense": 7542000, "netIncome": 65991000, "netIncomeRatio": 0.0536622574, "eps": 1.02, "epsdiluted": 1, "weightedAverageShsOut": 64913000, "weightedAverageShsOutDil": 66245000, "link": "https://www.sec.gov/Archives/edgar/data/1166388/000116638819000013/0001166388-19-000013-index.htm", "finalLink": "https://www.sec.gov/Archives/edgar/data/1166388/000116638819000013/vrnt-20190131xform10xk.htm", "calculatedOtherExpenses": 31010000, "calculatedOperatingExpenses": 666299000, "calculatedNetInterest": -32567000, "calculatedOtherIncome": -3906000, "calculatedIncomeNonControlling": 4229000, "calculatedEbitda": 203150000}, {"date": "2018-01-31", "symbol": "VRNT", "reportedCurrency": "USD", "cik": "0001166388", "fillingDate": "2018-03-29", "acceptedDate": "2018-03-28 17:51:27", "calendarYear": "2018", "period": "FY", "revenue": 1135229000, "costOfRevenue": 446787000, "grossProfit": 688442000, "grossProfitRatio": 0.6064344727, "researchAndDevelopmentExpenses": 190643000, "generalAndAdministrativeExpenses": 414960000, "sellingAndMarketingExpenses": 0, "sellingGeneralAndAdministrativeExpenses": 414960000, "otherExpenses": 5902000, "operatingExpenses": 639812000, "costAndExpenses": 1086599000, "interestIncome": 2477000, "interestExpense": 35959000, "depreciationAndAmortization": 105730000, "ebitda": 162739000, "ebitdaratio": 0.1433534556, "operatingIncome": 48630000, "operatingIncomeRatio": 0.0428371721, "totalOtherIncomeExpensesNet": 3752000, "incomeBeforeTax": 18900000, "incomeBeforeTaxRatio": 0.0166486233, "incomeTaxExpense": 22354000, "netIncome": -6627000, "netIncomeRatio": -0.0058375887, "eps": -0.1, "epsdiluted": -0.1, "weightedAverageShsOut": 63312000, "weightedAverageShsOutDil": 63312000, "link": "https://www.sec.gov/Archives/edgar/data/1166388/000116638818000013/0001166388-18-000013-index.htm", "finalLink": "https://www.sec.gov/Archives/edgar/data/1166388/000116638818000013/vrnt-20180131xform10xk.htm", "calculatedOtherExpenses": 34209000, "calculatedOperatingExpenses": 639812000, "calculatedNetInterest": -33482000, "calculatedOtherIncome": 3752000, "calculatedIncomeNonControlling": 3173000, "calculatedEbitda": 154360000}, {"date": "2017-01-31", "symbol": "VRNT", "reportedCurrency": "USD", "cik": "0001166388", "fillingDate": "2017-03-28", "acceptedDate": "2017-03-28 17:31:01", "calendarYear": "2017", "period": "FY", "revenue": 1062106000, "costOfRevenue": 422629000, "grossProfit": 639477000, "grossProfitRatio": 0.6020839728, "researchAndDevelopmentExpenses": 171070000, "generalAndAdministrativeExpenses": 406952000, "sellingAndMarketingExpenses": 0, "sellingGeneralAndAdministrativeExpenses": 406952000, "otherExpenses": -6926000, "operatingExpenses": 622111000, "costAndExpenses": 1044740000, "interestIncome": 1048000, "interestExpense": 34962000, "depreciationAndAmortization": 114257000, "ebitda": 125745000, "ebitdaratio": 0.1183921379, "operatingIncome": 17366000, "operatingIncomeRatio": 0.0163505338, "totalOtherIncomeExpensesNet": -6926000, "incomeBeforeTax": -23474000, "incomeBeforeTaxRatio": -0.0221013722, "incomeTaxExpense": 2772000, "netIncome": -29380000, "netIncomeRatio": -0.0276620224, "eps": -0.47, "epsdiluted": -0.47, "weightedAverageShsOut": 62510638, "weightedAverageShsOutDil": 62593000, "link": "https://www.sec.gov/Archives/edgar/data/1166388/000116638817000011/0001166388-17-000011-index.htm", "finalLink": "https://www.sec.gov/Archives/edgar/data/1166388/000116638817000011/vrnt-20170131xform10xk.htm", "calculatedOtherExpenses": 44089000, "calculatedOperatingExpenses": 622111000, "calculatedNetInterest": -33914000, "calculatedOtherIncome": -6926000, "calculatedIncomeNonControlling": 3134000, "calculatedEbitda": 131623000}, {"date": "2016-01-31", "symbol": "VRNT", "reportedCurrency": "USD", "cik": "0001166388", "fillingDate": "2016-03-30", "acceptedDate": "2016-03-29 17:41:23", "calendarYear": "2016", "period": "FY", "revenue": 1130266000, "costOfRevenue": 428906000, "grossProfit": 701360000, "grossProfitRatio": 0.6205264955, "researchAndDevelopmentExpenses": 177650000, "generalAndAdministrativeExpenses": 412728000, "sellingAndMarketingExpenses": 0, "sellingGeneralAndAdministrativeExpenses": 412728000, "otherExpenses": -12277000, "operatingExpenses": 633508000, "costAndExpenses": 1062414000, "interestIncome": 1490000, "interestExpense": 33885000, "depreciationAndAmortization": 106300000, "ebitda": 163365000, "ebitdaratio": 0.1445367728, "operatingIncome": 67852000, "operatingIncomeRatio": 0.0600318863, "totalOtherIncomeExpensesNet": -12277000, "incomeBeforeTax": 23180000, "incomeBeforeTaxRatio": 0.0205084467, "incomeTaxExpense": 952000, "netIncome": 17638000, "netIncomeRatio": 0.0156051761, "eps": 0.29, "epsdiluted": 0.28, "weightedAverageShsOut": 61813000, "weightedAverageShsOutDil": 62921000, "link": "https://www.sec.gov/Archives/edgar/data/1166388/000116638816000180/0001166388-16-000180-index.htm", "finalLink": "https://www.sec.gov/Archives/edgar/data/1166388/000116638816000180/vrnt-20160131xform10xk.htm", "calculatedOtherExpenses": 43130000, "calculatedOperatingExpenses": 633508000, "calculatedNetInterest": -32395000, "calculatedOtherIncome": -12277000, "calculatedIncomeNonControlling": 4590000, "calculatedEbitda": 174152000}, {"date": "2015-01-31", "symbol": "VRNT", "reportedCurrency": "USD", "cik": "0001166388", "fillingDate": "2015-03-27", "acceptedDate": "2015-03-27 07:36:27", "calendarYear": "2015", "period": "FY", "revenue": 1128436000, "costOfRevenue": 415148000, "grossProfit": 713288000, "grossProfitRatio": 0.6321031942, "researchAndDevelopmentExpenses": 173748000, "generalAndAdministrativeExpenses": 415266000, "sellingAndMarketingExpenses": 0, "sellingGeneralAndAdministrativeExpenses": 415266000, "otherExpenses": -9571000, "operatingExpenses": 634177000, "costAndExpenses": 1049325000, "interestIncome": 1070000, "interestExpense": 36661000, "depreciationAndAmortization": 99464000, "ebitda": 170074000, "ebitdaratio": 0.150716567, "operatingIncome": 79111000, "operatingIncomeRatio": 0.0701067672, "totalOtherIncomeExpensesNet": -22117000, "incomeBeforeTax": 21403000, "incomeBeforeTaxRatio": 0.0189669596, "incomeTaxExpense": -14999000, "netIncome": 30931000, "netIncomeRatio": 0.0274105045, "eps": 0.53, "epsdiluted": 0.52, "weightedAverageShsOut": 58096000, "weightedAverageShsOutDil": 59374000, "link": "https://www.sec.gov/Archives/edgar/data/1166388/000116638815000015/0001166388-15-000015-index.htm", "finalLink": "https://www.sec.gov/Archives/edgar/data/1166388/000116638815000015/vrnt-20150131xform10xk.htm", "calculatedOtherExpenses": 45163000, "calculatedOperatingExpenses": 634177000, "calculatedNetInterest": -35591000, "calculatedOtherIncome": -22117000, "calculatedIncomeNonControlling": 5471000, "calculatedEbitda": 178575000}, {"date": "2014-01-31", "symbol": "VRNT", "reportedCurrency": "USD", "cik": "0001166388", "fillingDate": "2014-03-31", "acceptedDate": "2014-03-31 16:36:41", "calendarYear": "2014", "period": "FY", "revenue": 907292000, "costOfRevenue": 306420000, "grossProfit": 600872000, "grossProfitRatio": 0.6622696993, "researchAndDevelopmentExpenses": 126539000, "generalAndAdministrativeExpenses": 327385000, "sellingAndMarketingExpenses": 0, "sellingGeneralAndAdministrativeExpenses": 327385000, "otherExpenses": -20275000, "operatingExpenses": 478586000, "costAndExpenses": 785006000, "interestIncome": 963000, "interestExpense": 29780000, "depreciationAndAmortization": 55968000, "ebitda": 158942000, "ebitdaratio": 0.1751828518, "operatingIncome": 122286000, "operatingIncomeRatio": 0.1347813052, "totalOtherIncomeExpensesNet": -30154000, "incomeBeforeTax": 63315000, "incomeBeforeTaxRatio": 0.0697845897, "incomeTaxExpense": 4539000, "netIncome": 53757000, "netIncomeRatio": 0.0592499438, "eps": 1.01, "epsdiluted": 0.99, "weightedAverageShsOut": 52967000, "weightedAverageShsOutDil": 53878000, "link": "https://www.sec.gov/Archives/edgar/data/1166388/000116638814000013/0001166388-14-000013-index.htm", "finalLink": "https://www.sec.gov/Archives/edgar/data/1166388/000116638814000013/vrnt-20140131xform10xk.htm", "calculatedOtherExpenses": 24662000, "calculatedOperatingExpenses": 478586000, "calculatedNetInterest": -28817000, "calculatedOtherIncome": -30154000, "calculatedIncomeNonControlling": 5019000, "calculatedEbitda": 178254000}, {"date": "2013-01-31", "symbol": "VRNT", "reportedCurrency": "USD", "cik": "0001166388", "fillingDate": "2013-03-28", "acceptedDate": "2013-03-27 18:12:39", "calendarYear": "2013", "period": "FY", "revenue": 839542000, "costOfRevenue": 282004000, "grossProfit": 557538000, "grossProfitRatio": 0.6640978057, "researchAndDevelopmentExpenses": 115906000, "generalAndAdministrativeExpenses": 317637000, "sellingAndMarketingExpenses": 0, "sellingGeneralAndAdministrativeExpenses": 317637000, "otherExpenses": -1286000, "operatingExpenses": 457985000, "costAndExpenses": 739989000, "interestIncome": 531000, "interestExpense": 31034000, "depreciationAndAmortization": 57097000, "ebitda": 155895000, "ebitdaratio": 0.1856905313, "operatingIncome": 99553000, "operatingIncomeRatio": 0.1185801306, "totalOtherIncomeExpensesNet": -1286000, "incomeBeforeTax": 67764000, "incomeBeforeTaxRatio": 0.0807154377, "incomeTaxExpense": 8960000, "netIncome": 54002000, "netIncomeRatio": 0.0643231667, "eps": 0.97, "epsdiluted": 0.96, "weightedAverageShsOut": 39748000, "weightedAverageShsOutDil": 40312000, "link": "https://www.sec.gov/Archives/edgar/data/1166388/000116638813000056/0001166388-13-000056-index.htm", "finalLink": "https://www.sec.gov/Archives/edgar/data/1166388/000116638813000056/vrnt-20130131xform10xk.htm", "calculatedOtherExpenses": 24442000, "calculatedOperatingExpenses": 457985000, "calculatedNetInterest": -30503000, "calculatedOtherIncome": -1286000, "calculatedIncomeNonControlling": 4802000, "calculatedEbitda": 156650000}, {"date": "2012-01-31", "symbol": "VRNT", "reportedCurrency": "USD", "cik": "0001166388", "fillingDate": "2012-04-02", "acceptedDate": "2012-04-02 15:07:20", "calendarYear": "2012", "period": "FY", "revenue": 782648000, "costOfRevenue": 268361000, "grossProfit": 514287000, "grossProfitRatio": 0.6571114984, "researchAndDevelopmentExpenses": 111001000, "generalAndAdministrativeExpenses": 293906000, "sellingAndMarketingExpenses": 0, "sellingGeneralAndAdministrativeExpenses": 293906000, "otherExpenses": -974000, "operatingExpenses": 427809000, "costAndExpenses": 696170000, "interestIncome": 661000, "interestExpense": 32358000, "depreciationAndAmortization": 53040000, "ebitda": 140179000, "ebitdaratio": 0.1791086159, "operatingIncome": 86478000, "operatingIncomeRatio": 0.1104941174, "totalOtherIncomeExpensesNet": -8624000, "incomeBeforeTax": 46157000, "incomeBeforeTaxRatio": 0.058975427, "incomeTaxExpense": 5532000, "netIncome": 36993000, "netIncomeRatio": 0.0472664595, "eps": 0.58, "epsdiluted": 0.56, "weightedAverageShsOut": 38419000, "weightedAverageShsOutDil": 39499000, "link": "https://www.sec.gov/Archives/edgar/data/1166388/000110465912023217/0001104659-12-023217-index.htm", "finalLink": "https://www.sec.gov/Archives/edgar/data/1166388/000110465912023217/a12-2869_110k.htm", "calculatedOtherExpenses": 22902000, "calculatedOperatingExpenses": 427809000, "calculatedNetInterest": -31697000, "calculatedOtherIncome": -8624000, "calculatedIncomeNonControlling": 3632000, "calculatedEbitda": 139518000}, {"date": "2011-01-31", "symbol": "VRNT", "reportedCurrency": "USD", "cik": "0001166388", "fillingDate": "2011-04-06", "acceptedDate": "2011-04-05 20:49:05", "calendarYear": "2011", "period": "FY", "revenue": 726799000, "costOfRevenue": 238344000, "grossProfit": 488455000, "grossProfitRatio": 0.6720633903, "researchAndDevelopmentExpenses": 96525000, "generalAndAdministrativeExpenses": 297365000, "sellingAndMarketingExpenses": 0, "sellingGeneralAndAdministrativeExpenses": 297365000, "otherExpenses": 21460000, "operatingExpenses": 415350000, "costAndExpenses": 653694000, "interestIncome": 454000, "interestExpense": 29896000, "depreciationAndAmortization": 48951000, "ebitda": 122510000, "ebitdaratio": 0.1685610465, "operatingIncome": 73105000, "operatingIncomeRatio": 0.1005848935, "totalOtherIncomeExpensesNet": -5138000, "incomeBeforeTax": 38525000, "incomeBeforeTaxRatio": 0.053006402, "incomeTaxExpense": 9940000, "netIncome": 25581000, "netIncomeRatio": 0.0351968013, "eps": 0.33, "epsdiluted": 0.31, "weightedAverageShsOut": 34544000, "weightedAverageShsOutDil": 37179000, "link": "https://www.sec.gov/Archives/edgar/data/1166388/000095012311033115/0000950123-11-033115-index.htm", "finalLink": "https://www.sec.gov/Archives/edgar/data/1166388/000095012311033115/c14986e10vk.htm", "calculatedOtherExpenses": 21460000, "calculatedOperatingExpenses": 415350000, "calculatedNetInterest": -29442000, "calculatedOtherIncome": -5138000, "calculatedIncomeNonControlling": 3004000, "calculatedEbitda": 122056000}, {"date": "2010-01-31", "symbol": "VRNT", "reportedCurrency": "USD", "cik": "0001166388", "fillingDate": "2010-05-19", "acceptedDate": "2010-05-18 20:52:14", "calendarYear": "2010", "period": "FY", "revenue": 703633000, "costOfRevenue": 239935000, "grossProfit": 463698000, "grossProfitRatio": 0.6590054759, "researchAndDevelopmentExpenses": 83797000, "generalAndAdministrativeExpenses": 291813000, "sellingAndMarketingExpenses": 0, "sellingGeneralAndAdministrativeExpenses": 291813000, "otherExpenses": 22268000, "operatingExpenses": 397878000, "costAndExpenses": 637813000, "interestIncome": 616000, "interestExpense": 24964000, "depreciationAndAmortization": 49290000, "ebitda": 115726000, "ebitdaratio": 0.1644692617, "operatingIncome": 65679000, "operatingIncomeRatio": 0.0933426943, "totalOtherIncomeExpensesNet": -17264000, "incomeBeforeTax": 24208000, "incomeBeforeTaxRatio": 0.0344042988, "incomeTaxExpense": 7108000, "netIncome": 15617000, "netIncomeRatio": 0.0221948089, "eps": 0.06, "epsdiluted": 0.06, "weightedAverageShsOut": 32478000, "weightedAverageShsOutDil": 33127000, "link": "https://www.sec.gov/Archives/edgar/data/1166388/000095012310050997/0000950123-10-050997-index.htm", "finalLink": "https://www.sec.gov/Archives/edgar/data/1166388/000095012310050997/c00977e10vk.htm", "calculatedOtherExpenses": 22409000, "calculatedOperatingExpenses": 398019000, "calculatedNetInterest": -24348000, "calculatedOtherIncome": -17123000, "calculatedIncomeNonControlling": 1483000, "calculatedEbitda": 114969000}, {"date": "2009-01-31", "symbol": "VRNT", "reportedCurrency": "USD", "cik": "0001166388", "fillingDate": "2010-04-08", "acceptedDate": "2010-04-08 06:00:55", "calendarYear": "2009", "period": "FY", "revenue": 669544000, "costOfRevenue": 258250000, "grossProfit": 411294000, "grossProfitRatio": 0.6142897255, "researchAndDevelopmentExpenses": 88309000, "generalAndAdministrativeExpenses": 282147000, "sellingAndMarketingExpenses": 0, "sellingGeneralAndAdministrativeExpenses": 282147000, "otherExpenses": 25249000, "operatingExpenses": 395705000, "costAndExpenses": 653955000, "interestIncome": 1872000, "interestExpense": 37211000, "depreciationAndAmortization": 55142000, "ebitda": 72603000, "ebitdaratio": 0.1084364881, "operatingIncome": -15026000, "operatingIncomeRatio": -0.0224421397, "totalOtherIncomeExpensesNet": -39156000, "incomeBeforeTax": -58906000, "incomeBeforeTaxRatio": -0.0879792814, "incomeTaxExpense": 19671000, "netIncome": -80388000, "netIncomeRatio": -0.1200638046, "eps": -2.48, "epsdiluted": -2.48, "weightedAverageShsOut": 32394000, "weightedAverageShsOutDil": 32394000, "link": "https://www.sec.gov/Archives/edgar/data/1166388/000095012310032960/0000950123-10-032960-index.htm", "finalLink": "https://www.sec.gov/Archives/edgar/data/1166388/000095012310032960/c98509e10vk.htm", "calculatedOtherExpenses": 55864000, "calculatedOperatingExpenses": 426320000, "calculatedNetInterest": -35339000, "calculatedOtherIncome": -8541000, "calculatedIncomeNonControlling": 1811000, "calculatedEbitda": 40116000}, {"date": "2008-01-31", "symbol": "VRNT", "reportedCurrency": "USD", "cik": "0001166388", "fillingDate": "2010-03-17", "acceptedDate": "2010-03-16 19:25:41", "calendarYear": "2008", "period": "FY", "revenue": 534543000, "costOfRevenue": 230042000, "grossProfit": 304501000, "grossProfitRatio": 0.5696473436, "researchAndDevelopmentExpenses": 94350000, "generalAndAdministrativeExpenses": 259183000, "sellingAndMarketingExpenses": 0, "sellingGeneralAndAdministrativeExpenses": 259183000, "otherExpenses": 19668000, "operatingExpenses": 373201000, "costAndExpenses": 603243000, "interestIncome": 5443000, "interestExpense": 36862000, "depreciationAndAmortization": 46791000, "ebitda": -16466000, "ebitdaratio": -0.0308038829, "operatingIncome": -114630000, "operatingIncomeRatio": -0.2144448622, "totalOtherIncomeExpensesNet": -69697000, "incomeBeforeTax": -169816000, "incomeBeforeTaxRatio": -0.317684452, "incomeTaxExpense": 27729000, "netIncome": -198609000, "netIncomeRatio": -0.3715491551, "eps": -6.16, "epsdiluted": -6.16, "weightedAverageShsOut": 32222000, "weightedAverageShsOutDil": 32222000, "link": "https://www.sec.gov/Archives/edgar/data/1166388/000095012310025343/0000950123-10-025343-index.htm", "finalLink": "https://www.sec.gov/Archives/edgar/data/1166388/000095012310025343/c93011e10vk.htm", "calculatedOtherExpenses": 65598000, "calculatedOperatingExpenses": 419131000, "calculatedNetInterest": -31419000, "calculatedOtherIncome": -23767000, "calculatedIncomeNonControlling": 1064000, "calculatedEbitda": -67839000}, {"date": "2007-01-31", "symbol": "VRNT", "reportedCurrency": "USD", "cik": "0001166388", "fillingDate": "2007-01-31", "acceptedDate": "2007-01-31 00:00:00", "calendarYear": "2007", "period": "FY", "revenue": 368778000, "costOfRevenue": 191271000, "grossProfit": 177507000, "grossProfitRatio": 0.4813383662, "researchAndDevelopmentExpenses": 53029000, "generalAndAdministrativeExpenses": 148229000, "sellingAndMarketingExpenses": 0, "sellingGeneralAndAdministrativeExpenses": 148229000, "otherExpenses": 3164000, "operatingExpenses": 204422000, "costAndExpenses": 395693000, "interestIncome": 8835000, "interestExpense": 444000, "depreciationAndAmortization": 20873000, "ebitda": 2793000, "ebitdaratio": 0.0075736622, "operatingIncome": -47253000, "operatingIncomeRatio": -0.1281339993, "totalOtherIncomeExpensesNet": -20933000, "incomeBeforeTax": -39457000, "incomeBeforeTaxRatio": -0.1069939096, "incomeTaxExpense": 141000, "netIncome": -40519000, "netIncomeRatio": -0.1098736909, "eps": -1.26, "epsdiluted": -1.26, "weightedAverageShsOut": 32156000, "weightedAverageShsOutDil": 32156000, "link": null, "finalLink": null, "calculatedOtherExpenses": 23502000, "calculatedOperatingExpenses": 224760000, "calculatedNetInterest": 8391000, "calculatedOtherIncome": -595000, "calculatedIncomeNonControlling": 921000, "calculatedEbitda": -26380000}, {"date": "2005-01-31", "symbol": "VRNT", "reportedCurrency": "USD", "cik": "0001166388", "fillingDate": "2005-04-18", "acceptedDate": "2005-04-18 16:40:47", "calendarYear": "2005", "period": "FY", "revenue": 249824000, "costOfRevenue": 112774000, "grossProfit": 137050000, "grossProfitRatio": 0.5485862047, "researchAndDevelopmentExpenses": 31961000, "generalAndAdministrativeExpenses": 83070000, "sellingAndMarketingExpenses": 0, "sellingGeneralAndAdministrativeExpenses": 83070000, "otherExpenses": 1481000, "operatingExpenses": 116512000, "costAndExpenses": 229286000, "interestIncome": 0, "interestExpense": -3618000, "depreciationAndAmortization": 12903000, "ebitda": 37708000, "ebitdaratio": 0.1509382605, "operatingIncome": 17384000, "operatingIncomeRatio": 0.0695849878, "totalOtherIncomeExpensesNet": -4267000, "incomeBeforeTax": 21002000, "incomeBeforeTaxRatio": 0.0840671833, "incomeTaxExpense": 1930000, "netIncome": 19072000, "netIncomeRatio": 0.0763417446, "eps": 0.62, "epsdiluted": 0.58, "weightedAverageShsOut": 30894000, "weightedAverageShsOutDil": 32626000, "link": "https://www.sec.gov/Archives/edgar/data/1166388/000119312505078660/0001193125-05-078660-index.htm", "finalLink": "https://www.sec.gov/Archives/edgar/data/1166388/000119312505078660/d10k.htm", "calculatedOtherExpenses": 4635000, "calculatedOperatingExpenses": 119666000, "calculatedNetInterest": 3618000, "calculatedOtherIncome": 0, "calculatedIncomeNonControlling": 0, "calculatedEbitda": 30287000}, {"date": "2004-01-31", "symbol": "VRNT", "reportedCurrency": "USD", "cik": "0001166388", "fillingDate": "2004-04-15", "acceptedDate": "2004-04-15 08:01:06", "calendarYear": "2004", "period": "FY", "revenue": 192744000, "costOfRevenue": 89302000, "grossProfit": 103442000, "grossProfitRatio": 0.5366807786, "researchAndDevelopmentExpenses": 23233000, "generalAndAdministrativeExpenses": 63020000, "sellingAndMarketingExpenses": 0, "sellingGeneralAndAdministrativeExpenses": 63020000, "otherExpenses": 0, "operatingExpenses": 86253000, "costAndExpenses": 175555000, "interestIncome": 0, "interestExpense": -2670000, "depreciationAndAmortization": 10069000, "ebitda": 25889000, "ebitdaratio": 0.1343180592, "operatingIncome": 17189000, "operatingIncomeRatio": 0.0891804674, "totalOtherIncomeExpensesNet": 1369000, "incomeBeforeTax": 19859000, "incomeBeforeTaxRatio": 0.1030330386, "incomeTaxExpense": 1921000, "netIncome": 17938000, "netIncomeRatio": 0.0930664508, "eps": 0.65, "epsdiluted": 0.61, "weightedAverageShsOut": 27596923, "weightedAverageShsOutDil": 29406557, "link": "https://www.sec.gov/Archives/edgar/data/1166388/000115752304003237/0001157523-04-003237-index.htm", "finalLink": "https://www.sec.gov/Archives/edgar/data/1166388/000115752304003237/d59226_10-k.htm", "calculatedOtherExpenses": 0, "calculatedOperatingExpenses": 86253000, "calculatedNetInterest": 2670000, "calculatedOtherIncome": 0, "calculatedIncomeNonControlling": 0, "calculatedEbitda": 27258000}, {"date": "2003-01-31", "symbol": "VRNT", "reportedCurrency": "USD", "cik": "0001166388", "fillingDate": "2003-05-01", "acceptedDate": "2003-05-01 12:33:28", "calendarYear": "2003", "period": "FY", "revenue": 157775000, "costOfRevenue": 78053000, "grossProfit": 79722000, "grossProfitRatio": 0.5052891776, "researchAndDevelopmentExpenses": 17357000, "generalAndAdministrativeExpenses": 52314000, "sellingAndMarketingExpenses": 0, "sellingGeneralAndAdministrativeExpenses": 52314000, "otherExpenses": 0, "operatingExpenses": 69671000, "costAndExpenses": 147724000, "interestIncome": 0, "interestExpense": -2266000, "depreciationAndAmortization": 9407000, "ebitda": 17703000, "ebitdaratio": 0.1122040881, "operatingIncome": 10051000, "operatingIncomeRatio": 0.0637046427, "totalOtherIncomeExpensesNet": 1755000, "incomeBeforeTax": 12317000, "incomeBeforeTaxRatio": 0.0780668674, "incomeTaxExpense": 2170000, "netIncome": 10147000, "netIncomeRatio": 0.0643131041, "eps": 0.46, "epsdiluted": 0.43, "weightedAverageShsOut": 22058696, "weightedAverageShsOutDil": 23597674, "link": "https://www.sec.gov/Archives/edgar/data/1166388/000115752303001569/0001157523-03-001569-index.htm", "finalLink": "https://www.sec.gov/Archives/edgar/data/1166388/000115752303001569/a4383530.txt", "calculatedOtherExpenses": 0, "calculatedOperatingExpenses": 69671000, "calculatedNetInterest": 2266000, "calculatedOtherIncome": 0, "calculatedIncomeNonControlling": 0, "calculatedEbitda": 19458000}, {"date": "2002-01-31", "symbol": "VRNT", "reportedCurrency": "USD", "cik": "0001166388", "fillingDate": "2002-01-31", "acceptedDate": "2002-01-31 00:00:00", "calendarYear": "2002", "period": "FY", "revenue": 120612000, "costOfRevenue": 61898000, "grossProfit": 58714000, "grossProfitRatio": 0.48680065, "researchAndDevelopmentExpenses": 21307000, "generalAndAdministrativeExpenses": 46955000, "sellingAndMarketingExpenses": 0, "sellingGeneralAndAdministrativeExpenses": 46955000, "otherExpenses": 0, "operatingExpenses": 68262000, "costAndExpenses": 130160000, "interestIncome": 0, "interestExpense": 641000, "depreciationAndAmortization": 5671000, "ebitda": -3632000, "ebitdaratio": -0.0301130899, "operatingIncome": -9548000, "operatingIncomeRatio": -0.0791629357, "totalOtherIncomeExpensesNet": -245000, "incomeBeforeTax": -10189000, "incomeBeforeTaxRatio": -0.0844774981, "incomeTaxExpense": 355000, "netIncome": -10544000, "netIncomeRatio": -0.0874208205, "eps": -0.57, "epsdiluted": -0.57, "weightedAverageShsOut": 18596000, "weightedAverageShsOutDil": 18596000, "link": null, "finalLink": null, "calculatedOtherExpenses": 0, "calculatedOperatingExpenses": 68262000, "calculatedNetInterest": -641000, "calculatedOtherIncome": 0, "calculatedIncomeNonControlling": 0, "calculatedEbitda": -3877000}, {"date": "2001-01-31", "symbol": "VRNT", "reportedCurrency": "USD", "cik": "0001166388", "fillingDate": "2001-01-31", "acceptedDate": "2001-01-31 00:00:00", "calendarYear": "2001", "period": "FY", "revenue": 141677000, "costOfRevenue": 81793000, "grossProfit": 59884000, "grossProfitRatio": 0.4226797575, "researchAndDevelopmentExpenses": 14249000, "generalAndAdministrativeExpenses": 48162000, "sellingAndMarketingExpenses": 0, "sellingGeneralAndAdministrativeExpenses": 48162000, "otherExpenses": 5038000, "operatingExpenses": 67449000, "costAndExpenses": 149242000, "interestIncome": 0, "interestExpense": 497000, "depreciationAndAmortization": -994000, "ebitda": -7565000, "ebitdaratio": -0.0533961052, "operatingIncome": -7565000, "operatingIncomeRatio": -0.0533961052, "totalOtherIncomeExpensesNet": -497000, "incomeBeforeTax": -8062000, "incomeBeforeTaxRatio": -0.0569040846, "incomeTaxExpense": 497000, "netIncome": -8559000, "netIncomeRatio": -0.0604120641, "eps": -0.46, "epsdiluted": -0.46, "weightedAverageShsOut": 18606522, "weightedAverageShsOutDil": 18606522, "link": null, "finalLink": null, "calculatedOtherExpenses": 5038000, "calculatedOperatingExpenses": 67449000, "calculatedNetInterest": -497000, "calculatedOtherIncome": 0, "calculatedIncomeNonControlling": 0, "calculatedEbitda": -8559000}]}