{"originalCurrency": "USD", "convertedCurrency": "USD", "report": [{"date": "2023-12-31", "symbol": "VRRM", "reportedCurrency": "USD", "cik": "0001682745", "fillingDate": "2024-02-29", "acceptedDate": "2024-02-29 17:24:41", "calendarYear": "2023", "period": "FY", "revenue": 817310000, "costOfRevenue": 156530000, "grossProfit": 660780000, "grossProfitRatio": 0.8084814819, "researchAndDevelopmentExpenses": 0, "generalAndAdministrativeExpenses": 198550000, "sellingAndMarketingExpenses": 272659000, "sellingGeneralAndAdministrativeExpenses": 471209000, "otherExpenses": 14200000, "operatingExpenses": 471209000, "costAndExpenses": 627739000, "interestIncome": 0, "interestExpense": 86701000, "depreciationAndAmortization": 113827000, "ebitda": 303398000, "ebitdaratio": 0.3712153283, "operatingIncome": 189571000, "operatingIncomeRatio": 0.2319450392, "totalOtherIncomeExpensesNet": -102574000, "incomeBeforeTax": 86997000, "incomeBeforeTaxRatio": 0.1064430877, "incomeTaxExpense": 29982000, "netIncome": 57015000, "netIncomeRatio": 0.0697593324, "eps": 0.36, "epsdiluted": 0.36, "weightedAverageShsOut": 158777000, "weightedAverageShsOutDil": 160017000, "link": "https://www.sec.gov/Archives/edgar/data/1682745/000095017024023271/0000950170-24-023271-index.htm", "finalLink": "https://www.sec.gov/Archives/edgar/data/1682745/000095017024023271/vrrm-20231231.htm", "calculatedOtherExpenses": 0, "calculatedOperatingExpenses": 471209000, "calculatedNetInterest": -86701000, "calculatedOtherIncome": -15873000, "calculatedIncomeNonControlling": 0, "calculatedEbitda": 303398000}, {"date": "2022-12-31", "symbol": "VRRM", "reportedCurrency": "USD", "cik": "0001682745", "fillingDate": "2023-03-01", "acceptedDate": "2023-03-01 17:09:30", "calendarYear": "2022", "period": "FY", "revenue": 741598000, "costOfRevenue": 47262000, "grossProfit": 694336000, "grossProfitRatio": 0.9362700547, "researchAndDevelopmentExpenses": 3400000, "generalAndAdministrativeExpenses": 164263000, "sellingAndMarketingExpenses": -1130000, "sellingGeneralAndAdministrativeExpenses": 163133000, "otherExpenses": 366498000, "operatingExpenses": 529631000, "costAndExpenses": 576893000, "interestIncome": 68376000, "interestExpense": 69372000, "depreciationAndAmortization": 153548000, "ebitda": 318253000, "ebitdaratio": 0.4291449006, "operatingIncome": 164705000, "operatingIncomeRatio": 0.2220947198, "totalOtherIncomeExpensesNet": -37597000, "incomeBeforeTax": 127108000, "incomeBeforeTaxRatio": 0.1713974417, "incomeTaxExpense": 34633000, "netIncome": 92475000, "netIncomeRatio": 0.1246969382, "eps": 0.61, "epsdiluted": 0.58, "weightedAverageShsOut": 152848000, "weightedAverageShsOutDil": 159026000, "link": "https://www.sec.gov/Archives/edgar/data/1682745/000095017023005603/0000950170-23-005603-index.htm", "finalLink": "https://www.sec.gov/Archives/edgar/data/1682745/000095017023005603/vrrm-20221231.htm", "calculatedOtherExpenses": 363098000, "calculatedOperatingExpenses": 529631000, "calculatedNetInterest": -996000, "calculatedOtherIncome": -36601000, "calculatedIncomeNonControlling": 0, "calculatedEbitda": 318253000}, {"date": "2021-12-31", "symbol": "VRRM", "reportedCurrency": "USD", "cik": "0001682745", "fillingDate": "2022-04-22", "acceptedDate": "2022-04-22 06:05:48", "calendarYear": "2021", "period": "FY", "revenue": 550590000, "costOfRevenue": 35146000, "grossProfit": 515444000, "grossProfitRatio": 0.9361666576, "researchAndDevelopmentExpenses": 4400000, "generalAndAdministrativeExpenses": 124222000, "sellingAndMarketingExpenses": -815000, "sellingGeneralAndAdministrativeExpenses": 123407000, "otherExpenses": 280171000, "operatingExpenses": 403578000, "costAndExpenses": 438724000, "interestIncome": 44942000, "interestExpense": 44942000, "depreciationAndAmortization": 130712000, "ebitda": 242578000, "ebitdaratio": 0.4405782887, "operatingIncome": 111866000, "operatingIncomeRatio": 0.2031747761, "totalOtherIncomeExpensesNet": -43965000, "incomeBeforeTax": 67901000, "incomeBeforeTaxRatio": 0.1233240705, "incomeTaxExpense": 26452000, "netIncome": 41449000, "netIncomeRatio": 0.0752810621, "eps": 0.26, "epsdiluted": 0.25, "weightedAverageShsOut": 159983000, "weightedAverageShsOutDil": 163778000, "link": "https://www.sec.gov/Archives/edgar/data/1682745/000095017022005974/0000950170-22-005974-index.htm", "finalLink": "https://www.sec.gov/Archives/edgar/data/1682745/000095017022005974/vrrm-20211231.htm", "calculatedOtherExpenses": 275771000, "calculatedOperatingExpenses": 403578000, "calculatedNetInterest": 0, "calculatedOtherIncome": -43965000, "calculatedIncomeNonControlling": 0, "calculatedEbitda": 242578000}, {"date": "2020-12-31", "symbol": "VRRM", "reportedCurrency": "USD", "cik": "0001682745", "fillingDate": "2021-03-01", "acceptedDate": "2021-03-01 16:40:22", "calendarYear": "2020", "period": "FY", "revenue": 393593000, "costOfRevenue": 33540000, "grossProfit": 360053000, "grossProfitRatio": 0.9147850699, "researchAndDevelopmentExpenses": 4300000, "generalAndAdministrativeExpenses": 89664000, "sellingAndMarketingExpenses": 800000, "sellingGeneralAndAdministrativeExpenses": 89664000, "otherExpenses": 232573000, "operatingExpenses": 322237000, "costAndExpenses": 355777000, "interestIncome": 40865000, "interestExpense": 40865000, "depreciationAndAmortization": 121879000, "ebitda": 159695000, "ebitdaratio": 0.4057363825, "operatingIncome": 37816000, "operatingIncomeRatio": 0.0960789445, "totalOtherIncomeExpensesNet": -35830000, "incomeBeforeTax": 1986000, "incomeBeforeTaxRatio": 0.0050458214, "incomeTaxExpense": 5431000, "netIncome": -3445000, "netIncomeRatio": -0.0087526963, "eps": -0.0213, "epsdiluted": -0.0213, "weightedAverageShsOut": 161632000, "weightedAverageShsOutDil": 161632000, "link": "https://www.sec.gov/Archives/edgar/data/1682745/000156459021009903/0001564590-21-009903-index.htm", "finalLink": "https://www.sec.gov/Archives/edgar/data/1682745/000156459021009903/vrrm-10k_20201231.htm", "calculatedOtherExpenses": 228273000, "calculatedOperatingExpenses": 322237000, "calculatedNetInterest": 0, "calculatedOtherIncome": -35830000, "calculatedIncomeNonControlling": 0, "calculatedEbitda": 159695000}, {"date": "2019-12-31", "symbol": "VRRM", "reportedCurrency": "USD", "cik": "0001682745", "fillingDate": "2020-03-02", "acceptedDate": "2020-03-02 16:14:35", "calendarYear": "2019", "period": "FY", "revenue": 448737000, "costOfRevenue": 19480000, "grossProfit": 429257000, "grossProfitRatio": 0.9565892717, "researchAndDevelopmentExpenses": 3800000, "generalAndAdministrativeExpenses": 83193000, "sellingAndMarketingExpenses": 2300000, "sellingGeneralAndAdministrativeExpenses": 85493000, "otherExpenses": 241411000, "operatingExpenses": 326904000, "costAndExpenses": 346384000, "interestIncome": 60729000, "interestExpense": 60729000, "depreciationAndAmortization": 132867000, "ebitda": 229322000, "ebitdaratio": 0.5110387599, "operatingIncome": 96455000, "operatingIncomeRatio": 0.2149477311, "totalOtherIncomeExpensesNet": -49531000, "incomeBeforeTax": 46924000, "incomeBeforeTaxRatio": 0.104569046, "incomeTaxExpense": 13581000, "netIncome": 33343000, "netIncomeRatio": 0.0743041024, "eps": 0.21, "epsdiluted": 0.21, "weightedAverageShsOut": 157890000, "weightedAverageShsOutDil": 160080000, "link": "https://www.sec.gov/Archives/edgar/data/1682745/000156459020008153/0001564590-20-008153-index.htm", "finalLink": "https://www.sec.gov/Archives/edgar/data/1682745/000156459020008153/vrrm-10k_20191231.htm", "calculatedOtherExpenses": 243509000, "calculatedOperatingExpenses": 332802000, "calculatedNetInterest": 0, "calculatedOtherIncome": -49531000, "calculatedIncomeNonControlling": 0, "calculatedEbitda": 229322000}, {"date": "2018-12-31", "symbol": "VRRM", "reportedCurrency": "USD", "cik": "0001682745", "fillingDate": "2019-03-18", "acceptedDate": "2019-03-18 17:10:24", "calendarYear": "2018", "period": "FY", "revenue": 370145720, "costOfRevenue": 9234628, "grossProfit": 360911092, "grossProfitRatio": 0.9750513717, "researchAndDevelopmentExpenses": 0, "generalAndAdministrativeExpenses": 134668633, "sellingAndMarketingExpenses": 1400000, "sellingGeneralAndAdministrativeExpenses": 136068633, "otherExpenses": 8794596, "operatingExpenses": 348304923, "costAndExpenses": 357539551, "interestIncome": 0, "interestExpense": 69550214, "depreciationAndAmortization": 103346438, "ebitda": 124753433, "ebitdaratio": 0.3370387019, "operatingIncome": 12606169, "operatingIncomeRatio": 0.034057314, "totalOtherIncomeExpensesNet": -17691583, "incomeBeforeTax": -74635628, "incomeBeforeTaxRatio": -0.2016385006, "incomeTaxExpense": -16241112, "netIncome": -58394516, "netIncomeRatio": -0.157760884, "eps": -0.67, "epsdiluted": -0.67, "weightedAverageShsOut": 87155223, "weightedAverageShsOutDil": 87320000, "link": "https://www.sec.gov/Archives/edgar/data/1682745/000156459019008329/0001564590-19-008329-index.htm", "finalLink": "https://www.sec.gov/Archives/edgar/data/1682745/000156459019008329/vrrm-10k_20181231.htm", "calculatedOtherExpenses": 212236290, "calculatedOperatingExpenses": 348304923, "calculatedNetInterest": -69550214, "calculatedOtherIncome": -17691583, "calculatedIncomeNonControlling": 0, "calculatedEbitda": 115952607}, {"date": "2017-12-31", "symbol": "VRRM", "reportedCurrency": "USD", "cik": "0001682745", "fillingDate": "2018-03-14", "acceptedDate": "2018-03-14 16:55:15", "calendarYear": "2017", "period": "FY", "revenue": -780280, "costOfRevenue": 51584099, "grossProfit": -52364379, "grossProfitRatio": 67.109728559, "researchAndDevelopmentExpenses": 0, "generalAndAdministrativeExpenses": 580589, "sellingAndMarketingExpenses": 800000, "sellingGeneralAndAdministrativeExpenses": 580589, "otherExpenses": 199691, "operatingExpenses": 780280, "costAndExpenses": 780280, "interestIncome": 3015712, "interestExpense": 3015712, "depreciationAndAmortization": 45725069, "ebitda": -780280, "ebitdaratio": 1, "operatingIncome": -780280, "operatingIncomeRatio": 1, "totalOtherIncomeExpensesNet": 3015712, "incomeBeforeTax": 2235432, "incomeBeforeTaxRatio": -2.8649100323, "incomeTaxExpense": 810926, "netIncome": 1424506, "netIncomeRatio": -1.8256343877, "eps": 0.0296, "epsdiluted": 0.0296, "weightedAverageShsOut": 48150031, "weightedAverageShsOutDil": 48150031, "link": "https://www.sec.gov/Archives/edgar/data/1682745/000155837018002065/0001558370-18-002065-index.htm", "finalLink": "https://www.sec.gov/Archives/edgar/data/1682745/000155837018002065/gsht-20171231x10k.htm", "calculatedOtherExpenses": -52164688, "calculatedOperatingExpenses": -51584099, "calculatedNetInterest": 0, "calculatedOtherIncome": 3015712, "calculatedIncomeNonControlling": 0, "calculatedEbitda": 44944789}, {"date": "2016-12-31", "symbol": "VRRM", "reportedCurrency": "USD", "cik": "0001682745", "fillingDate": "2017-03-30", "acceptedDate": "2017-03-29 19:03:02", "calendarYear": "2016", "period": "FY", "revenue": 230749586, "costOfRevenue": 95905942, "grossProfit": 134843644, "grossProfitRatio": 0.5843722034, "researchAndDevelopmentExpenses": 0, "generalAndAdministrativeExpenses": 52033871, "sellingAndMarketingExpenses": 1000000, "sellingGeneralAndAdministrativeExpenses": 53033871, "otherExpenses": 2470776, "operatingExpenses": 170713206, "costAndExpenses": 182856749, "interestIncome": 0, "interestExpense": 2706499, "depreciationAndAmortization": 33916936, "ebitda": 84280549, "ebitdaratio": 0.3652468048, "operatingIncome": 47892837, "operatingIncomeRatio": 0.2075532955, "totalOtherIncomeExpensesNet": 2470776, "incomeBeforeTax": 47657114, "incomeBeforeTaxRatio": 0.2065317422, "incomeTaxExpense": 18661030, "netIncome": 28996084, "netIncomeRatio": 0.1256603945, "eps": 0.72, "epsdiluted": 0.72, "weightedAverageShsOut": 40000000, "weightedAverageShsOutDil": 40000000, "link": "https://www.sec.gov/Archives/edgar/data/1682745/000155837017002263/0001558370-17-002263-index.htm", "finalLink": "https://www.sec.gov/Archives/edgar/data/1682745/000155837017002263/gsht-20161231x10k.htm", "calculatedOtherExpenses": 33916936, "calculatedOperatingExpenses": 86950807, "calculatedNetInterest": -2706499, "calculatedOtherIncome": 2470776, "calculatedIncomeNonControlling": 0, "calculatedEbitda": 81809773}, {"date": "2015-12-31", "symbol": "VRRM", "reportedCurrency": "USD", "cik": "0001682745", "fillingDate": "2015-12-31", "acceptedDate": "2015-12-30 19:00:00", "calendarYear": "2015", "period": "FY", "revenue": 203594295, "costOfRevenue": 91628751, "grossProfit": 111965544, "grossProfitRatio": 0.5499444078, "researchAndDevelopmentExpenses": 0, "generalAndAdministrativeExpenses": 49612664, "sellingAndMarketingExpenses": 1000000, "sellingGeneralAndAdministrativeExpenses": 50612664, "otherExpenses": 0, "operatingExpenses": 94633073, "costAndExpenses": 186261824, "interestIncome": 2094790, "interestExpense": 0, "depreciationAndAmortization": 29892904, "ebitda": 51510244, "ebitdaratio": 0.2530043585, "operatingIncome": 21617340, "operatingIncomeRatio": 0.1061785155, "totalOtherIncomeExpensesNet": -6379660, "incomeBeforeTax": 15237680, "incomeBeforeTaxRatio": 0.0748433545, "incomeTaxExpense": 3826340, "netIncome": 11411340, "netIncomeRatio": 0.0560494094, "eps": 0, "epsdiluted": 0, "weightedAverageShsOut": 0, "weightedAverageShsOutDil": 0, "link": null, "finalLink": null, "calculatedOtherExpenses": 39735540, "calculatedOperatingExpenses": 90348204, "calculatedNetInterest": 2094790, "calculatedOtherIncome": -8474450, "calculatedIncomeNonControlling": 0, "calculatedEbitda": 51510244}]}