{"originalCurrency": "USD", "convertedCurrency": "USD", "report": [{"date": "2023-12-31", "symbol": "VRSK", "reportedCurrency": "USD", "cik": "0001442145", "fillingDate": "2024-02-21", "acceptedDate": "2024-02-21 07:19:22", "calendarYear": "2023", "period": "FY", "revenue": 2681400000, "costOfRevenue": 876500000, "grossProfit": 1804900000, "grossProfitRatio": 0.6731185202, "researchAndDevelopmentExpenses": 36800000, "generalAndAdministrativeExpenses": 0, "sellingAndMarketingExpenses": 0, "sellingGeneralAndAdministrativeExpenses": 391800000, "otherExpenses": 131100000, "operatingExpenses": 673200000, "costAndExpenses": 1549700000, "interestIncome": 0, "interestExpense": 115500000, "depreciationAndAmortization": 281400000, "ebitda": 1413100000, "ebitdaratio": 0.5270008205, "operatingIncome": 1131700000, "operatingIncomeRatio": 0.4220556426, "totalOtherIncomeExpensesNet": 11000000, "incomeBeforeTax": 1027200000, "incomeBeforeTaxRatio": 0.3830834639, "incomeTaxExpense": 258800000, "netIncome": 614400000, "netIncomeRatio": 0.2291340345, "eps": 4.19, "epsdiluted": 4.17, "weightedAverageShsOut": 146623989, "weightedAverageShsOutDil": 147336159, "link": "https://www.sec.gov/Archives/edgar/data/1442145/000143774924004939/0001437749-24-004939-index.htm", "finalLink": "https://www.sec.gov/Archives/edgar/data/1442145/000143774924004939/vrsk20231231c_10k.htm", "calculatedOtherExpenses": 244600000, "calculatedOperatingExpenses": 673200000, "calculatedNetInterest": -115500000, "calculatedOtherIncome": 11000000, "calculatedIncomeNonControlling": 154000000, "calculatedEbitda": 1413100000}, {"date": "2022-12-31", "symbol": "VRSK", "reportedCurrency": "USD", "cik": "0001442145", "fillingDate": "2023-02-28", "acceptedDate": "2023-02-28 17:14:35", "calendarYear": "2022", "period": "FY", "revenue": 2497000000, "costOfRevenue": 824600000, "grossProfit": 1672400000, "grossProfitRatio": 0.6697637165, "researchAndDevelopmentExpenses": 43100000, "generalAndAdministrativeExpenses": 0, "sellingAndMarketingExpenses": 0, "sellingGeneralAndAdministrativeExpenses": 381500000, "otherExpenses": -115600000, "operatingExpenses": 265900000, "costAndExpenses": 1090500000, "interestIncome": 138800000, "interestExpense": 138800000, "depreciationAndAmortization": 340000000, "ebitda": 1746500000, "ebitdaratio": 0.6994393272, "operatingIncome": 1406500000, "operatingIncomeRatio": 0.5632759311, "totalOtherIncomeExpensesNet": -144100000, "incomeBeforeTax": 1262400000, "incomeBeforeTaxRatio": 0.50556668, "incomeTaxExpense": 220300000, "netIncome": 954300000, "netIncomeRatio": 0.3821786143, "eps": 6.04, "epsdiluted": 6, "weightedAverageShsOut": 157905718, "weightedAverageShsOutDil": 158928942, "link": "https://www.sec.gov/Archives/edgar/data/1442145/000143774923004945/0001437749-23-004945-index.htm", "finalLink": "https://www.sec.gov/Archives/edgar/data/1442145/000143774923004945/vrsk20221231_10k.htm", "calculatedOtherExpenses": -158700000, "calculatedOperatingExpenses": 265900000, "calculatedNetInterest": 0, "calculatedOtherIncome": -144100000, "calculatedIncomeNonControlling": 87800000, "calculatedEbitda": 1746500000}, {"date": "2021-12-31", "symbol": "VRSK", "reportedCurrency": "USD", "cik": "0001442145", "fillingDate": "2022-02-22", "acceptedDate": "2022-02-22 16:56:55", "calendarYear": "2021", "period": "FY", "revenue": 2998600000, "costOfRevenue": 1057800000, "grossProfit": 1940800000, "grossProfitRatio": 0.6472353765, "researchAndDevelopmentExpenses": 47100000, "generalAndAdministrativeExpenses": 0, "sellingAndMarketingExpenses": 0, "sellingGeneralAndAdministrativeExpenses": 422700000, "otherExpenses": 517600000, "operatingExpenses": 940300000, "costAndExpenses": 1998100000, "interestIncome": 124900000, "interestExpense": 127000000, "depreciationAndAmortization": 383600000, "ebitda": 1384100000, "ebitdaratio": 0.4615820716, "operatingIncome": 1000500000, "operatingIncomeRatio": 0.333655706, "totalOtherIncomeExpensesNet": -125100000, "incomeBeforeTax": 875400000, "incomeBeforeTaxRatio": 0.2919362369, "incomeTaxExpense": 209100000, "netIncome": 666300000, "netIncomeRatio": 0.2222036951, "eps": 4.12, "epsdiluted": 4.08, "weightedAverageShsOut": 161841441, "weightedAverageShsOutDil": 163338909, "link": "https://www.sec.gov/Archives/edgar/data/1442145/000143774922004083/0001437749-22-004083-index.htm", "finalLink": "https://www.sec.gov/Archives/edgar/data/1442145/000143774922004083/vrsk20211231_10k.htm", "calculatedOtherExpenses": 470500000, "calculatedOperatingExpenses": 940300000, "calculatedNetInterest": -2100000, "calculatedOtherIncome": -123000000, "calculatedIncomeNonControlling": 0, "calculatedEbitda": 1384100000}, {"date": "2020-12-31", "symbol": "VRSK", "reportedCurrency": "USD", "cik": "0001442145", "fillingDate": "2021-02-23", "acceptedDate": "2021-02-23 16:20:20", "calendarYear": "2020", "period": "FY", "revenue": 2784600000, "costOfRevenue": 993900000, "grossProfit": 1790700000, "grossProfitRatio": 0.6430726137, "researchAndDevelopmentExpenses": 48900000, "generalAndAdministrativeExpenses": 0, "sellingAndMarketingExpenses": 0, "sellingGeneralAndAdministrativeExpenses": 413900000, "otherExpenses": 338700000, "operatingExpenses": 752600000, "costAndExpenses": 1746500000, "interestIncome": 137900000, "interestExpense": 138200000, "depreciationAndAmortization": 358100000, "ebitda": 1396200000, "ebitdaratio": 0.5014005602, "operatingIncome": 1038100000, "operatingIncomeRatio": 0.3728004022, "totalOtherIncomeExpensesNet": -140600000, "incomeBeforeTax": 897500000, "incomeBeforeTaxRatio": 0.3223084105, "incomeTaxExpense": 184800000, "netIncome": 712700000, "netIncomeRatio": 0.255943403, "eps": 4.38, "epsdiluted": 4.31, "weightedAverageShsOut": 162610586, "weightedAverageShsOutDil": 165320709, "link": "https://www.sec.gov/Archives/edgar/data/1442145/000143774921003789/0001437749-21-003789-index.htm", "finalLink": "https://www.sec.gov/Archives/edgar/data/1442145/000143774921003789/vrsk20201120_10k.htm", "calculatedOtherExpenses": 289800000, "calculatedOperatingExpenses": 752600000, "calculatedNetInterest": -300000, "calculatedOtherIncome": -140300000, "calculatedIncomeNonControlling": 0, "calculatedEbitda": 1396200000}, {"date": "2019-12-31", "symbol": "VRSK", "reportedCurrency": "USD", "cik": "0001442145", "fillingDate": "2020-02-18", "acceptedDate": "2020-02-18 16:37:32", "calendarYear": "2019", "period": "FY", "revenue": 2607100000, "costOfRevenue": 976800000, "grossProfit": 1630300000, "grossProfitRatio": 0.6253308274, "researchAndDevelopmentExpenses": 65599999, "generalAndAdministrativeExpenses": 0, "sellingAndMarketingExpenses": 0, "sellingGeneralAndAdministrativeExpenses": 603500000, "otherExpenses": 329900000, "operatingExpenses": 933400000, "costAndExpenses": 1910200000, "interestIncome": 126800000, "interestExpense": 126800000, "depreciationAndAmortization": 323700000, "ebitda": 1020600000, "ebitdaratio": 0.3914694488, "operatingIncome": 696900000, "operatingIncomeRatio": 0.2673085037, "totalOtherIncomeExpensesNet": -128500000, "incomeBeforeTax": 568400000, "incomeBeforeTaxRatio": 0.2180200222, "incomeTaxExpense": 118500000, "netIncome": 449900000, "netIncomeRatio": 0.1725672203, "eps": 2.75, "epsdiluted": 2.7, "weightedAverageShsOut": 163535438, "weightedAverageShsOutDil": 166560115, "link": "https://www.sec.gov/Archives/edgar/data/1442145/000144214520000012/0001442145-20-000012-index.htm", "finalLink": "https://www.sec.gov/Archives/edgar/data/1442145/000144214520000012/vrsk10k12312019.htm", "calculatedOtherExpenses": 264300001, "calculatedOperatingExpenses": 933400000, "calculatedNetInterest": 0, "calculatedOtherIncome": -128500000, "calculatedIncomeNonControlling": 0, "calculatedEbitda": 1020600000}, {"date": "2018-12-31", "symbol": "VRSK", "reportedCurrency": "USD", "cik": "0001442145", "fillingDate": "2019-02-19", "acceptedDate": "2019-02-19 16:36:10", "calendarYear": "2018", "period": "FY", "revenue": 2395100000, "costOfRevenue": 886200000, "grossProfit": 1508900000, "grossProfitRatio": 0.6299945723, "researchAndDevelopmentExpenses": 0, "generalAndAdministrativeExpenses": 0, "sellingAndMarketingExpenses": 0, "sellingGeneralAndAdministrativeExpenses": 378700000, "otherExpenses": 296100000, "operatingExpenses": 674800000, "costAndExpenses": 1561000000, "interestIncome": 0, "interestExpense": 129700000, "depreciationAndAmortization": 296100000, "ebitda": 1145500000, "ebitdaratio": 0.4782681308, "operatingIncome": 834100000, "operatingIncomeRatio": 0.3482526826, "totalOtherIncomeExpensesNet": -114400000, "incomeBeforeTax": 719700000, "incomeBeforeTaxRatio": 0.3004884973, "incomeTaxExpense": 121000000, "netIncome": 598700000, "netIncomeRatio": 0.2499686861, "eps": 3.63, "epsdiluted": 3.56, "weightedAverageShsOut": 164808113, "weightedAverageShsOutDil": 168297839, "link": "https://www.sec.gov/Archives/edgar/data/1442145/000144214519000012/0001442145-19-000012-index.htm", "finalLink": "https://www.sec.gov/Archives/edgar/data/1442145/000144214519000012/vrsk10k12312018.htm", "calculatedOtherExpenses": 296100000, "calculatedOperatingExpenses": 674800000, "calculatedNetInterest": -129700000, "calculatedOtherIncome": 15300000, "calculatedIncomeNonControlling": 0, "calculatedEbitda": 1130200000}, {"date": "2017-12-31", "symbol": "VRSK", "reportedCurrency": "USD", "cik": "0001442145", "fillingDate": "2018-02-20", "acceptedDate": "2018-02-20 16:21:59", "calendarYear": "2017", "period": "FY", "revenue": 2145200000, "costOfRevenue": 783800000, "grossProfit": 1361400000, "grossProfitRatio": 0.6346261421, "researchAndDevelopmentExpenses": 0, "generalAndAdministrativeExpenses": 0, "sellingAndMarketingExpenses": 0, "sellingGeneralAndAdministrativeExpenses": 322800000, "otherExpenses": 237400000, "operatingExpenses": 560200000, "costAndExpenses": 1344000000, "interestIncome": 0, "interestExpense": 119400000, "depreciationAndAmortization": 237400000, "ebitda": 1047800000, "ebitdaratio": 0.4884393064, "operatingIncome": 801200000, "operatingIncomeRatio": 0.3734849897, "totalOtherIncomeExpensesNet": -110200000, "incomeBeforeTax": 691000000, "incomeBeforeTaxRatio": 0.3221144882, "incomeTaxExpense": 135900000, "netIncome": 555100000, "netIncomeRatio": 0.2587637516, "eps": 3.36, "epsdiluted": 3.29, "weightedAverageShsOut": 165168227, "weightedAverageShsOutDil": 168688871, "link": "https://www.sec.gov/Archives/edgar/data/1442145/000144214518000008/0001442145-18-000008-index.htm", "finalLink": "https://www.sec.gov/Archives/edgar/data/1442145/000144214518000008/vrsk10k12312017.htm", "calculatedOtherExpenses": 237400000, "calculatedOperatingExpenses": 560200000, "calculatedNetInterest": -119400000, "calculatedOtherIncome": 9200000, "calculatedIncomeNonControlling": 0, "calculatedEbitda": 1038600000}, {"date": "2016-12-31", "symbol": "VRSK", "reportedCurrency": "USD", "cik": "0001442145", "fillingDate": "2017-02-21", "acceptedDate": "2017-02-21 16:58:15", "calendarYear": "2016", "period": "FY", "revenue": 1995200000, "costOfRevenue": 714400000, "grossProfit": 1280800000, "grossProfitRatio": 0.6419406576, "researchAndDevelopmentExpenses": 0, "generalAndAdministrativeExpenses": 0, "sellingAndMarketingExpenses": 0, "sellingGeneralAndAdministrativeExpenses": 301600000, "otherExpenses": 211600000, "operatingExpenses": 513200000, "costAndExpenses": 1227600000, "interestIncome": 0, "interestExpense": 120000000, "depreciationAndAmortization": 224600000, "ebitda": 1138000000, "ebitdaratio": 0.5703688853, "operatingIncome": 767600000, "operatingIncomeRatio": 0.384723336, "totalOtherIncomeExpensesNet": -113900000, "incomeBeforeTax": 653700000, "incomeBeforeTaxRatio": 0.3276363272, "incomeTaxExpense": 202200000, "netIncome": 591200000, "netIncomeRatio": 0.2963111468, "eps": 3.51, "epsdiluted": 3.45, "weightedAverageShsOut": 168248307, "weightedAverageShsOutDil": 171171575, "link": "https://www.sec.gov/Archives/edgar/data/1442145/000144214517000010/0001442145-17-000010-index.htm", "finalLink": "https://www.sec.gov/Archives/edgar/data/1442145/000144214517000010/vrsk10k12312016.htm", "calculatedOtherExpenses": 211600000, "calculatedOperatingExpenses": 513200000, "calculatedNetInterest": -120000000, "calculatedOtherIncome": 6100000, "calculatedIncomeNonControlling": -139700000, "calculatedEbitda": 992200000}, {"date": "2015-12-31", "symbol": "VRSK", "reportedCurrency": "USD", "cik": "0001442145", "fillingDate": "2016-02-24", "acceptedDate": "2016-02-23 18:18:35", "calendarYear": "2015", "period": "FY", "revenue": 2068010000, "costOfRevenue": 803274000, "grossProfit": 1264736000, "grossProfitRatio": 0.6115715108, "researchAndDevelopmentExpenses": 0, "generalAndAdministrativeExpenses": 0, "sellingAndMarketingExpenses": 0, "sellingGeneralAndAdministrativeExpenses": 312690000, "otherExpenses": 215484000, "operatingExpenses": 528174000, "costAndExpenses": 1331448000, "interestIncome": 0, "interestExpense": 121316000, "depreciationAndAmortization": 215484000, "ebitda": 1054236000, "ebitdaratio": 0.5097828347, "operatingIncome": 736562000, "operatingIncomeRatio": 0.3561694576, "totalOtherIncomeExpensesNet": -19126000, "incomeBeforeTax": 717436000, "incomeBeforeTaxRatio": 0.346920953, "incomeTaxExpense": 209859000, "netIncome": 507577000, "netIncomeRatio": 0.2454422367, "eps": 3.07, "epsdiluted": 3.01, "weightedAverageShsOut": 165090383, "weightedAverageShsOutDil": 168451346, "link": "https://www.sec.gov/Archives/edgar/data/1442145/000144214516000057/0001442145-16-000057-index.htm", "finalLink": "https://www.sec.gov/Archives/edgar/data/1442145/000144214516000057/vrsk10k12312015.htm", "calculatedOtherExpenses": 215484000, "calculatedOperatingExpenses": 528174000, "calculatedNetInterest": -121316000, "calculatedOtherIncome": 102190000, "calculatedIncomeNonControlling": 0, "calculatedEbitda": 952046000}, {"date": "2014-12-31", "symbol": "VRSK", "reportedCurrency": "USD", "cik": "0001442145", "fillingDate": "2015-02-24", "acceptedDate": "2015-02-24 16:18:00", "calendarYear": "2014", "period": "FY", "revenue": 1746726000, "costOfRevenue": 716598000, "grossProfit": 1030128000, "grossProfitRatio": 0.5897479055, "researchAndDevelopmentExpenses": 0, "generalAndAdministrativeExpenses": 0, "sellingAndMarketingExpenses": 0, "sellingGeneralAndAdministrativeExpenses": 227306000, "otherExpenses": 142376000, "operatingExpenses": 369682000, "costAndExpenses": 1086280000, "interestIncome": 0, "interestExpense": 69984000, "depreciationAndAmortization": 143483000, "ebitda": 833264000, "ebitdaratio": 0.4770433371, "operatingIncome": 660446000, "operatingIncomeRatio": 0.3781050949, "totalOtherIncomeExpensesNet": -69826000, "incomeBeforeTax": 590620000, "incomeBeforeTaxRatio": 0.3381297353, "incomeTaxExpense": 219755000, "netIncome": 400042000, "netIncomeRatio": 0.2290238996, "eps": 2.41, "epsdiluted": 2.37, "weightedAverageShsOut": 165823806, "weightedAverageShsOutDil": 169132426, "link": "https://www.sec.gov/Archives/edgar/data/1442145/000144214515000011/0001442145-15-000011-index.htm", "finalLink": "https://www.sec.gov/Archives/edgar/data/1442145/000144214515000011/vrsk10k12312014.htm", "calculatedOtherExpenses": 142376000, "calculatedOperatingExpenses": 369682000, "calculatedNetInterest": -69984000, "calculatedOtherIncome": 158000, "calculatedIncomeNonControlling": -29177000, "calculatedEbitda": 803929000}, {"date": "2013-12-31", "symbol": "VRSK", "reportedCurrency": "USD", "cik": "0001442145", "fillingDate": "2014-02-25", "acceptedDate": "2014-02-25 16:16:32", "calendarYear": "2013", "period": "FY", "revenue": 1595703000, "costOfRevenue": 622523000, "grossProfit": 973180000, "grossProfitRatio": 0.6098753966, "researchAndDevelopmentExpenses": 0, "generalAndAdministrativeExpenses": 0, "sellingAndMarketingExpenses": 0, "sellingGeneralAndAdministrativeExpenses": 228982000, "otherExpenses": 129931000, "operatingExpenses": 358913000, "costAndExpenses": 981436000, "interestIncome": 0, "interestExpense": 76136000, "depreciationAndAmortization": 134578000, "ebitda": 755520000, "ebitdaratio": 0.4734715671, "operatingIncome": 614267000, "operatingIncomeRatio": 0.3849507082, "totalOtherIncomeExpensesNet": -75527000, "incomeBeforeTax": 538740000, "incomeBeforeTaxRatio": 0.3376192186, "incomeTaxExpense": 196426000, "netIncome": 348380000, "netIncomeRatio": 0.218323836, "eps": 2.07, "epsdiluted": 2.02, "weightedAverageShsOut": 168031415, "weightedAverageShsOutDil": 172276363, "link": "https://www.sec.gov/Archives/edgar/data/1442145/000144214514000008/0001442145-14-000008-index.htm", "finalLink": "https://www.sec.gov/Archives/edgar/data/1442145/000144214514000008/vrsk10k12312013.htm", "calculatedOtherExpenses": 129931000, "calculatedOperatingExpenses": 358913000, "calculatedNetInterest": -76136000, "calculatedOtherIncome": 609000, "calculatedIncomeNonControlling": -6066000, "calculatedEbitda": 748845000}, {"date": "2012-12-31", "symbol": "VRSK", "reportedCurrency": "USD", "cik": "0001442145", "fillingDate": "2013-02-26", "acceptedDate": "2013-02-26 16:22:16", "calendarYear": "2012", "period": "FY", "revenue": 1534320000, "costOfRevenue": 607174000, "grossProfit": 927146000, "grossProfitRatio": 0.6042715991, "researchAndDevelopmentExpenses": 0, "generalAndAdministrativeExpenses": 0, "sellingAndMarketingExpenses": 0, "sellingGeneralAndAdministrativeExpenses": 231359000, "otherExpenses": 104199000, "operatingExpenses": 335558000, "costAndExpenses": 942732000, "interestIncome": 0, "interestExpense": 72508000, "depreciationAndAmortization": 104199000, "ebitda": 695915000, "ebitdaratio": 0.453565749, "operatingIncome": 591588000, "operatingIncomeRatio": 0.3855701549, "totalOtherIncomeExpensesNet": -72380000, "incomeBeforeTax": 519208000, "incomeBeforeTaxRatio": 0.3383961625, "incomeTaxExpense": 190066000, "netIncome": 329142000, "netIncomeRatio": 0.2145197873, "eps": 1.98, "epsdiluted": 1.92, "weightedAverageShsOut": 165890261, "weightedAverageShsOutDil": 171709521, "link": "https://www.sec.gov/Archives/edgar/data/1442145/000119312513076934/0001193125-13-076934-index.htm", "finalLink": "https://www.sec.gov/Archives/edgar/data/1442145/000119312513076934/d448659d10k.htm", "calculatedOtherExpenses": 104199000, "calculatedOperatingExpenses": 335558000, "calculatedNetInterest": -72508000, "calculatedOtherIncome": 128000, "calculatedIncomeNonControlling": 0, "calculatedEbitda": 695787000}, {"date": "2011-12-31", "symbol": "VRSK", "reportedCurrency": "USD", "cik": "0001442145", "fillingDate": "2012-02-28", "acceptedDate": "2012-02-28 16:21:57", "calendarYear": "2011", "period": "FY", "revenue": 1331840000, "costOfRevenue": 533735000, "grossProfit": 798105000, "grossProfitRatio": 0.5992499099, "researchAndDevelopmentExpenses": 0, "generalAndAdministrativeExpenses": 0, "sellingAndMarketingExpenses": 0, "sellingGeneralAndAdministrativeExpenses": 209469000, "otherExpenses": 78619000, "operatingExpenses": 288088000, "costAndExpenses": 821823000, "interestIncome": 201000, "interestExpense": 53847000, "depreciationAndAmortization": 78619000, "ebitda": 592887000, "ebitdaratio": 0.4451638335, "operatingIncome": 513381000, "operatingIncomeRatio": 0.3854674736, "totalOtherIncomeExpensesNet": -52960000, "incomeBeforeTax": 460421000, "incomeBeforeTaxRatio": 0.3457029373, "incomeTaxExpense": 177663000, "netIncome": 282758000, "netIncomeRatio": 0.212306283, "eps": 1.7, "epsdiluted": 1.63, "weightedAverageShsOut": 166015241, "weightedAverageShsOutDil": 173325113, "link": "https://www.sec.gov/Archives/edgar/data/1442145/000119312512085286/0001193125-12-085286-index.htm", "finalLink": "https://www.sec.gov/Archives/edgar/data/1442145/000119312512085286/d282185d10k.htm", "calculatedOtherExpenses": 75255000, "calculatedOperatingExpenses": 284724000, "calculatedNetInterest": -53646000, "calculatedOtherIncome": 686000, "calculatedIncomeNonControlling": 0, "calculatedEbitda": 592000000}, {"date": "2010-12-31", "symbol": "VRSK", "reportedCurrency": "USD", "cik": "0001442145", "fillingDate": "2011-02-28", "acceptedDate": "2011-02-28 16:39:38", "calendarYear": "2010", "period": "FY", "revenue": 1138343000, "costOfRevenue": 463473000, "grossProfit": 674870000, "grossProfitRatio": 0.592852945, "researchAndDevelopmentExpenses": 0, "generalAndAdministrativeExpenses": 0, "sellingAndMarketingExpenses": 0, "sellingGeneralAndAdministrativeExpenses": 166374000, "otherExpenses": 68126000, "operatingExpenses": 234500000, "costAndExpenses": 697973000, "interestIncome": 305000, "interestExpense": 34664000, "depreciationAndAmortization": 68126000, "ebitda": 509440000, "ebitdaratio": 0.4475276784, "operatingIncome": 440914000, "operatingIncomeRatio": 0.3873296537, "totalOtherIncomeExpensesNet": -34264000, "incomeBeforeTax": 406650000, "incomeBeforeTaxRatio": 0.3572297629, "incomeTaxExpense": 164098000, "netIncome": 242552000, "netIncomeRatio": 0.2130746181, "eps": 1.36, "epsdiluted": 1.3, "weightedAverageShsOut": 177733506, "weightedAverageShsOutDil": 186394965, "link": "https://www.sec.gov/Archives/edgar/data/1442145/000095012311019814/0000950123-11-019814-index.htm", "finalLink": "https://www.sec.gov/Archives/edgar/data/1442145/000095012311019814/y89886e10vk.htm", "calculatedOtherExpenses": 67582000, "calculatedOperatingExpenses": 233956000, "calculatedNetInterest": -34359000, "calculatedOtherIncome": 95000, "calculatedIncomeNonControlling": 0, "calculatedEbitda": 509040000}, {"date": "2009-12-31", "symbol": "VRSK", "reportedCurrency": "USD", "cik": "0001442145", "fillingDate": "2010-03-09", "acceptedDate": "2010-03-09 16:52:10", "calendarYear": "2009", "period": "FY", "revenue": 1027104000, "costOfRevenue": 491294000, "grossProfit": 535810000, "grossProfitRatio": 0.521670639, "researchAndDevelopmentExpenses": 0, "generalAndAdministrativeExpenses": 0, "sellingAndMarketingExpenses": 0, "sellingGeneralAndAdministrativeExpenses": 162604000, "otherExpenses": 71199000, "operatingExpenses": 233803000, "costAndExpenses": 725097000, "interestIncome": 127000, "interestExpense": 35265000, "depreciationAndAmortization": 71199000, "ebitda": 371069000, "ebitdaratio": 0.3612769496, "operatingIncome": 266869000, "operatingIncomeRatio": 0.2598266583, "totalOtherIncomeExpensesNet": -37402000, "incomeBeforeTax": 264605000, "incomeBeforeTaxRatio": 0.2576224024, "incomeTaxExpense": 137991000, "netIncome": 126614000, "netIncomeRatio": 0.1232728137, "eps": 0.72, "epsdiluted": 0.7, "weightedAverageShsOut": 174767798, "weightedAverageShsOutDil": 182165664, "link": "https://www.sec.gov/Archives/edgar/data/1442145/000095012310022607/0000950123-10-022607-index.htm", "finalLink": "https://www.sec.gov/Archives/edgar/data/1442145/000095012310022607/c96162e10vk.htm", "calculatedOtherExpenses": 106337000, "calculatedOperatingExpenses": 268941000, "calculatedNetInterest": -35138000, "calculatedOtherIncome": 32874000, "calculatedIncomeNonControlling": 0, "calculatedEbitda": 338068000}, {"date": "2008-12-31", "symbol": "VRSK", "reportedCurrency": "USD", "cik": "0001442145", "fillingDate": "2008-12-31", "acceptedDate": "2008-12-30 19:00:00", "calendarYear": "2008", "period": "FY", "revenue": 893550000, "costOfRevenue": 386897000, "grossProfit": 506653000, "grossProfitRatio": 0.5670113592, "researchAndDevelopmentExpenses": 0, "generalAndAdministrativeExpenses": 0, "sellingAndMarketingExpenses": 0, "sellingGeneralAndAdministrativeExpenses": 131239000, "otherExpenses": 64872000, "operatingExpenses": 196111000, "costAndExpenses": 583008000, "interestIncome": 0, "interestExpense": 31316000, "depreciationAndAmortization": 64872000, "ebitda": 375087000, "ebitdaratio": 0.4197716972, "operatingIncome": 310542000, "operatingIncomeRatio": 0.347537351, "totalOtherIncomeExpensesNet": -31643000, "incomeBeforeTax": 278899000, "incomeBeforeTaxRatio": 0.3121246713, "incomeTaxExpense": 120671000, "netIncome": 158228000, "netIncomeRatio": 0.1770779475, "eps": 0.87, "epsdiluted": 0.82, "weightedAverageShsOut": 182885703, "weightedAverageShsOutDil": 190231703, "link": "", "finalLink": "", "calculatedOtherExpenses": 64872000, "calculatedOperatingExpenses": 196111000, "calculatedNetInterest": -31316000, "calculatedOtherIncome": -327000, "calculatedIncomeNonControlling": 0, "calculatedEbitda": 375414000}, {"date": "2007-12-31", "symbol": "VRSK", "reportedCurrency": "USD", "cik": "0001442145", "fillingDate": "2007-12-31", "acceptedDate": "2007-12-30 19:00:00", "calendarYear": "2007", "period": "FY", "revenue": 802195000, "costOfRevenue": 357191000, "grossProfit": 445004000, "grossProfitRatio": 0.5547329515, "researchAndDevelopmentExpenses": 0, "generalAndAdministrativeExpenses": 0, "sellingAndMarketingExpenses": 0, "sellingGeneralAndAdministrativeExpenses": 107576000, "otherExpenses": 65661000, "operatingExpenses": 173237000, "costAndExpenses": 530428000, "interestIncome": 0, "interestExpense": 22928000, "depreciationAndAmortization": 65759000, "ebitda": 342245000, "ebitdaratio": 0.4266356684, "operatingIncome": 271767000, "operatingIncomeRatio": 0.3387792245, "totalOtherIncomeExpensesNet": -13620000, "incomeBeforeTax": 258147000, "incomeBeforeTaxRatio": 0.321800809, "incomeTaxExpense": 103184000, "netIncome": 150374000, "netIncomeRatio": 0.1874531754, "eps": 0.92, "epsdiluted": 0.83, "weightedAverageShsOut": 163535441, "weightedAverageShsOutDil": 166560118, "link": "", "finalLink": "", "calculatedOtherExpenses": 65661000, "calculatedOperatingExpenses": 173237000, "calculatedNetInterest": -22928000, "calculatedOtherIncome": 9308000, "calculatedIncomeNonControlling": 4589000, "calculatedEbitda": 337526000}]}