{"originalCurrency": "USD", "convertedCurrency": "USD", "report": [{"date": "2023-12-31", "symbol": "VRSN", "reportedCurrency": "USD", "cik": "0001014473", "fillingDate": "2024-02-15", "acceptedDate": "2024-02-15 16:05:23", "calendarYear": "2023", "period": "FY", "revenue": 1493100000, "costOfRevenue": 197300000, "grossProfit": 1295800000, "grossProfitRatio": 0.8678588172, "researchAndDevelopmentExpenses": 91000000, "generalAndAdministrativeExpenses": 0, "sellingAndMarketingExpenses": 0, "sellingGeneralAndAdministrativeExpenses": 204200000, "otherExpenses": 5100000, "operatingExpenses": 295200000, "costAndExpenses": 492500000, "interestIncome": 46100000, "interestExpense": 75300000, "depreciationAndAmortization": 44100000, "ebitda": 1044700000, "ebitdaratio": 0.6996852187, "operatingIncome": 1000600000, "operatingIncomeRatio": 0.6701493537, "totalOtherIncomeExpensesNet": -24100000, "incomeBeforeTax": 976500000, "incomeBeforeTaxRatio": 0.6540084388, "incomeTaxExpense": 158900000, "netIncome": 817600000, "netIncomeRatio": 0.5475855602, "eps": 7.91, "epsdiluted": 7.9, "weightedAverageShsOut": 103400000, "weightedAverageShsOutDil": 103500000, "link": "https://www.sec.gov/Archives/edgar/data/1014473/000101447324000006/0001014473-24-000006-index.htm", "finalLink": "https://www.sec.gov/Archives/edgar/data/1014473/000101447324000006/vrsn-20231231.htm", "calculatedOtherExpenses": 0, "calculatedOperatingExpenses": 295200000, "calculatedNetInterest": -29200000, "calculatedOtherIncome": 5100000, "calculatedIncomeNonControlling": 0, "calculatedEbitda": 1044700000}, {"date": "2022-12-31", "symbol": "VRSN", "reportedCurrency": "USD", "cik": "0001014473", "fillingDate": "2023-02-17", "acceptedDate": "2023-02-17 16:05:09", "calendarYear": "2022", "period": "FY", "revenue": 1424900000, "costOfRevenue": 200700000, "grossProfit": 1224200000, "grossProfitRatio": 0.8591480104, "researchAndDevelopmentExpenses": 85700000, "generalAndAdministrativeExpenses": 0, "sellingAndMarketingExpenses": 0, "sellingGeneralAndAdministrativeExpenses": 195400000, "otherExpenses": 12400000, "operatingExpenses": 281100000, "costAndExpenses": 481800000, "interestIncome": 14900000, "interestExpense": 75300000, "depreciationAndAmortization": 59300000, "ebitda": 1002400000, "ebitdaratio": 0.7034879641, "operatingIncome": 943100000, "operatingIncomeRatio": 0.6618710085, "totalOtherIncomeExpensesNet": -62900000, "incomeBeforeTax": 880200000, "incomeBeforeTaxRatio": 0.6177275598, "incomeTaxExpense": 206400000, "netIncome": 673800000, "netIncomeRatio": 0.4728752895, "eps": 6.24, "epsdiluted": 6.24, "weightedAverageShsOut": 107900000, "weightedAverageShsOutDil": 108000000, "link": "https://www.sec.gov/Archives/edgar/data/1014473/000101447323000005/0001014473-23-000005-index.htm", "finalLink": "https://www.sec.gov/Archives/edgar/data/1014473/000101447323000005/vrsn-20221231.htm", "calculatedOtherExpenses": 0, "calculatedOperatingExpenses": 281100000, "calculatedNetInterest": -60400000, "calculatedOtherIncome": -2500000, "calculatedIncomeNonControlling": 0, "calculatedEbitda": 1002400000}, {"date": "2021-12-31", "symbol": "VRSN", "reportedCurrency": "USD", "cik": "0001014473", "fillingDate": "2022-02-18", "acceptedDate": "2022-02-18 16:07:17", "calendarYear": "2021", "period": "FY", "revenue": 1327576000, "costOfRevenue": 191933000, "grossProfit": 1135643000, "grossProfitRatio": 0.8554259794, "researchAndDevelopmentExpenses": 80529000, "generalAndAdministrativeExpenses": 148434000, "sellingAndMarketingExpenses": 39877000, "sellingGeneralAndAdministrativeExpenses": 188311000, "otherExpenses": -1329000, "operatingExpenses": 268840000, "costAndExpenses": 460773000, "interestIncome": 582000, "interestExpense": 83255000, "depreciationAndAmortization": 46611000, "ebitda": 913414000, "ebitdaratio": 0.6880314197, "operatingIncome": 866803000, "operatingIncomeRatio": 0.6529215653, "totalOtherIncomeExpensesNet": -84584000, "incomeBeforeTax": 782219000, "incomeBeforeTaxRatio": 0.5892084521, "incomeTaxExpense": -2611000, "netIncome": 784800000, "netIncomeRatio": 0.5911525969, "eps": 7.01, "epsdiluted": 7, "weightedAverageShsOut": 112015000, "weightedAverageShsOutDil": 112166000, "link": "https://www.sec.gov/Archives/edgar/data/1014473/000101447322000007/0001014473-22-000007-index.htm", "finalLink": "https://www.sec.gov/Archives/edgar/data/1014473/000101447322000007/vrsn-20211231.htm", "calculatedOtherExpenses": 0, "calculatedOperatingExpenses": 268840000, "calculatedNetInterest": -82673000, "calculatedOtherIncome": -1911000, "calculatedIncomeNonControlling": 30000, "calculatedEbitda": 913414000}, {"date": "2020-12-31", "symbol": "VRSN", "reportedCurrency": "USD", "cik": "0001014473", "fillingDate": "2021-02-19", "acceptedDate": "2021-02-19 16:11:48", "calendarYear": "2020", "period": "FY", "revenue": 1265052000, "costOfRevenue": 180177000, "grossProfit": 1084875000, "grossProfitRatio": 0.8575734436, "researchAndDevelopmentExpenses": 74671000, "generalAndAdministrativeExpenses": 149213000, "sellingAndMarketingExpenses": 36790000, "sellingGeneralAndAdministrativeExpenses": 186003000, "otherExpenses": 16187000, "operatingExpenses": 260674000, "costAndExpenses": 440851000, "interestIncome": 7815000, "interestExpense": 90144000, "depreciationAndAmortization": 62539000, "ebitda": 886740000, "ebitdaratio": 0.7009514233, "operatingIncome": 824201000, "operatingIncomeRatio": 0.6515155108, "totalOtherIncomeExpensesNet": -73957000, "incomeBeforeTax": 750244000, "incomeBeforeTaxRatio": 0.5930538824, "incomeTaxExpense": -64644000, "netIncome": 814888000, "netIncomeRatio": 0.6441537581, "eps": 7.08, "epsdiluted": 7.07, "weightedAverageShsOut": 115058000, "weightedAverageShsOutDil": 115298000, "link": "https://www.sec.gov/Archives/edgar/data/1014473/000101447321000005/0001014473-21-000005-index.htm", "finalLink": "https://www.sec.gov/Archives/edgar/data/1014473/000101447321000005/vrsn-20201231.htm", "calculatedOtherExpenses": 0, "calculatedOperatingExpenses": 260674000, "calculatedNetInterest": -82329000, "calculatedOtherIncome": 8372000, "calculatedIncomeNonControlling": 0, "calculatedEbitda": 886740000}, {"date": "2019-12-31", "symbol": "VRSN", "reportedCurrency": "USD", "cik": "0001014473", "fillingDate": "2020-02-14", "acceptedDate": "2020-02-14 16:08:36", "calendarYear": "2019", "period": "FY", "revenue": 1231661000, "costOfRevenue": 180467000, "grossProfit": 1051194000, "grossProfitRatio": 0.8534767278, "researchAndDevelopmentExpenses": 60805000, "generalAndAdministrativeExpenses": 137625000, "sellingAndMarketingExpenses": 46637000, "sellingGeneralAndAdministrativeExpenses": 184262000, "otherExpenses": 43260000, "operatingExpenses": 245067000, "costAndExpenses": 425534000, "interestIncome": 26596000, "interestExpense": 90611000, "depreciationAndAmortization": 89590000, "ebitda": 895717000, "ebitdaratio": 0.7272431294, "operatingIncome": 806127000, "operatingIncomeRatio": 0.6545039585, "totalOtherIncomeExpensesNet": -47351000, "incomeBeforeTax": 758776000, "incomeBeforeTaxRatio": 0.6160591267, "incomeTaxExpense": 146477000, "netIncome": 612299000, "netIncomeRatio": 0.4971327338, "eps": 5.17, "epsdiluted": 5.15, "weightedAverageShsOut": 118513000, "weightedAverageShsOutDil": 118968000, "link": "https://www.sec.gov/Archives/edgar/data/1014473/000101447320000006/0001014473-20-000006-index.htm", "finalLink": "https://www.sec.gov/Archives/edgar/data/1014473/000101447320000006/vrsn-20191231x10k.htm", "calculatedOtherExpenses": 0, "calculatedOperatingExpenses": 245067000, "calculatedNetInterest": -64015000, "calculatedOtherIncome": 16664000, "calculatedIncomeNonControlling": 0, "calculatedEbitda": 895717000}, {"date": "2018-12-31", "symbol": "VRSN", "reportedCurrency": "USD", "cik": "0001014473", "fillingDate": "2019-02-15", "acceptedDate": "2019-02-15 16:05:59", "calendarYear": "2018", "period": "FY", "revenue": 1214969000, "costOfRevenue": 192134000, "grossProfit": 1022835000, "grossProfitRatio": 0.8418609858, "researchAndDevelopmentExpenses": 57884000, "generalAndAdministrativeExpenses": 132668000, "sellingAndMarketingExpenses": 64891000, "sellingGeneralAndAdministrativeExpenses": 197559000, "otherExpenses": 76969000, "operatingExpenses": 255443000, "costAndExpenses": 447577000, "interestIncome": 26490000, "interestExpense": 114845000, "depreciationAndAmortization": 48367000, "ebitda": 892728000, "ebitdaratio": 0.7347743029, "operatingIncome": 767392000, "operatingIncomeRatio": 0.6316144692, "totalOtherIncomeExpensesNet": 76969000, "incomeBeforeTax": 729516000, "incomeBeforeTaxRatio": 0.6004400112, "incomeTaxExpense": 147027000, "netIncome": 582489000, "netIncomeRatio": 0.4794270471, "eps": 4.75, "epsdiluted": 4.75, "weightedAverageShsOut": 122629263, "weightedAverageShsOutDil": 122661000, "link": "https://www.sec.gov/Archives/edgar/data/1014473/000101447319000005/0001014473-19-000005-index.htm", "finalLink": "https://www.sec.gov/Archives/edgar/data/1014473/000101447319000005/vrsn-20181231x10k.htm", "calculatedOtherExpenses": 0, "calculatedOperatingExpenses": 255443000, "calculatedNetInterest": -88355000, "calculatedOtherIncome": 50479000, "calculatedIncomeNonControlling": 0, "calculatedEbitda": 815759000}, {"date": "2017-12-31", "symbol": "VRSN", "reportedCurrency": "USD", "cik": "0001014473", "fillingDate": "2018-02-16", "acceptedDate": "2018-02-16 16:38:56", "calendarYear": "2017", "period": "FY", "revenue": 1165095000, "costOfRevenue": 193326000, "grossProfit": 971769000, "grossProfitRatio": 0.8340684665, "researchAndDevelopmentExpenses": 52342000, "generalAndAdministrativeExpenses": 129754000, "sellingAndMarketingExpenses": 81951000, "sellingGeneralAndAdministrativeExpenses": 211705000, "otherExpenses": 27626000, "operatingExpenses": 264047000, "costAndExpenses": 457373000, "interestIncome": 17944000, "interestExpense": 136336000, "depreciationAndAmortization": 49878000, "ebitda": 785226000, "ebitdaratio": 0.6739587759, "operatingIncome": 707722000, "operatingIncomeRatio": 0.6074371618, "totalOtherIncomeExpensesNet": 27626000, "incomeBeforeTax": 599012000, "incomeBeforeTaxRatio": 0.5141314657, "incomeTaxExpense": 141764000, "netIncome": 457248000, "netIncomeRatio": 0.3924555508, "eps": 4.56, "epsdiluted": 3.68, "weightedAverageShsOut": 100325000, "weightedAverageShsOutDil": 124180000, "link": "https://www.sec.gov/Archives/edgar/data/1014473/000101447318000018/0001014473-18-000018-index.htm", "finalLink": "https://www.sec.gov/Archives/edgar/data/1014473/000101447318000018/vrsn-20171231x10k.htm", "calculatedOtherExpenses": 0, "calculatedOperatingExpenses": 264047000, "calculatedNetInterest": -118392000, "calculatedOtherIncome": 9682000, "calculatedIncomeNonControlling": 0, "calculatedEbitda": 757600000}, {"date": "2016-12-31", "symbol": "VRSN", "reportedCurrency": "USD", "cik": "0001014473", "fillingDate": "2017-02-17", "acceptedDate": "2017-02-17 16:07:20", "calendarYear": "2016", "period": "FY", "revenue": 1142167000, "costOfRevenue": 198242000, "grossProfit": 943925000, "grossProfitRatio": 0.8264334375, "researchAndDevelopmentExpenses": 59100000, "generalAndAdministrativeExpenses": 118003000, "sellingAndMarketingExpenses": 80250000, "sellingGeneralAndAdministrativeExpenses": 198253000, "otherExpenses": 10165000, "operatingExpenses": 257353000, "costAndExpenses": 455595000, "interestIncome": 6191000, "interestExpense": 115564000, "depreciationAndAmortization": 58167000, "ebitda": 754904000, "ebitdaratio": 0.6609401252, "operatingIncome": 686572000, "operatingIncomeRatio": 0.6011134974, "totalOtherIncomeExpensesNet": 10165000, "incomeBeforeTax": 581173000, "incomeBeforeTaxRatio": 0.5088336469, "incomeTaxExpense": 140528000, "netIncome": 440645000, "netIncomeRatio": 0.3857973484, "eps": 4.12, "epsdiluted": 3.42, "weightedAverageShsOut": 107001000, "weightedAverageShsOutDil": 128833000, "link": "https://www.sec.gov/Archives/edgar/data/1014473/000101447317000004/0001014473-17-000004-index.htm", "finalLink": "https://www.sec.gov/Archives/edgar/data/1014473/000101447317000004/vrsn-20161231x10k.htm", "calculatedOtherExpenses": 0, "calculatedOperatingExpenses": 257353000, "calculatedNetInterest": -109373000, "calculatedOtherIncome": 3974000, "calculatedIncomeNonControlling": 0, "calculatedEbitda": 744739000}, {"date": "2015-12-31", "symbol": "VRSN", "reportedCurrency": "USD", "cik": "0001014473", "fillingDate": "2016-02-19", "acceptedDate": "2016-02-19 16:11:16", "calendarYear": "2015", "period": "FY", "revenue": 1059366000, "costOfRevenue": 192788000, "grossProfit": 866578000, "grossProfitRatio": 0.8180156811, "researchAndDevelopmentExpenses": 63718000, "generalAndAdministrativeExpenses": 106730000, "sellingAndMarketingExpenses": 90184000, "sellingGeneralAndAdministrativeExpenses": 196914000, "otherExpenses": -10665000, "operatingExpenses": 260632000, "costAndExpenses": 453420000, "interestIncome": 2128000, "interestExpense": 107631000, "depreciationAndAmortization": 61491000, "ebitda": 656772000, "ebitdaratio": 0.6199670369, "operatingIncome": 605946000, "operatingIncomeRatio": 0.5719892842, "totalOtherIncomeExpensesNet": -10665000, "incomeBeforeTax": 487650000, "incomeBeforeTaxRatio": 0.4603224948, "incomeTaxExpense": 112414000, "netIncome": 375236000, "netIncomeRatio": 0.3542080829, "eps": 3.29, "epsdiluted": 2.82, "weightedAverageShsOut": 114155000, "weightedAverageShsOutDil": 133031000, "link": "https://www.sec.gov/Archives/edgar/data/1014473/000101447316000086/0001014473-16-000086-index.htm", "finalLink": "https://www.sec.gov/Archives/edgar/data/1014473/000101447316000086/vrsn-20151231x10k.htm", "calculatedOtherExpenses": 0, "calculatedOperatingExpenses": 260632000, "calculatedNetInterest": -105503000, "calculatedOtherIncome": -12793000, "calculatedIncomeNonControlling": 0, "calculatedEbitda": 667437000}, {"date": "2014-12-31", "symbol": "VRSN", "reportedCurrency": "USD", "cik": "0001014473", "fillingDate": "2015-02-13", "acceptedDate": "2015-02-13 16:31:57", "calendarYear": "2014", "period": "FY", "revenue": 1010117000, "costOfRevenue": 188425000, "grossProfit": 821692000, "grossProfitRatio": 0.8134622029, "researchAndDevelopmentExpenses": 67777000, "generalAndAdministrativeExpenses": 97487000, "sellingAndMarketingExpenses": 92001000, "sellingGeneralAndAdministrativeExpenses": 189488000, "otherExpenses": 4878000, "operatingExpenses": 257265000, "costAndExpenses": 445690000, "interestIncome": 922000, "interestExpense": 85994000, "depreciationAndAmortization": 63690000, "ebitda": 632995000, "ebitdaratio": 0.62665513, "operatingIncome": 564427000, "operatingIncomeRatio": 0.5587738846, "totalOtherIncomeExpensesNet": 4878000, "incomeBeforeTax": 483311000, "incomeBeforeTaxRatio": 0.4784703158, "incomeTaxExpense": 128051000, "netIncome": 355260000, "netIncomeRatio": 0.3517018326, "eps": 2.8, "epsdiluted": 2.52, "weightedAverageShsOut": 126710000, "weightedAverageShsOutDil": 140895000, "link": "https://www.sec.gov/Archives/edgar/data/1014473/000101447315000011/0001014473-15-000011-index.htm", "finalLink": "https://www.sec.gov/Archives/edgar/data/1014473/000101447315000011/vrsn-20141231x10k.htm", "calculatedOtherExpenses": 0, "calculatedOperatingExpenses": 257265000, "calculatedNetInterest": -85072000, "calculatedOtherIncome": 3956000, "calculatedIncomeNonControlling": 0, "calculatedEbitda": 628117000}, {"date": "2013-12-31", "symbol": "VRSN", "reportedCurrency": "USD", "cik": "0001014473", "fillingDate": "2014-02-21", "acceptedDate": "2014-02-21 16:13:17", "calendarYear": "2013", "period": "FY", "revenue": 965087000, "costOfRevenue": 187013000, "grossProfit": 778074000, "grossProfitRatio": 0.8062216153, "researchAndDevelopmentExpenses": 70297000, "generalAndAdministrativeExpenses": 90208000, "sellingAndMarketingExpenses": 89337000, "sellingGeneralAndAdministrativeExpenses": 179545000, "otherExpenses": 3300000, "operatingExpenses": 249842000, "costAndExpenses": 436855000, "interestIncome": 1897000, "interestExpense": 74761000, "depreciationAndAmortization": 60655000, "ebitda": 592187000, "ebitdaratio": 0.6136099647, "operatingIncome": 528232000, "operatingIncomeRatio": 0.5473413278, "totalOtherIncomeExpensesNet": 3300000, "incomeBeforeTax": 456771000, "incomeBeforeTaxRatio": 0.4732951537, "incomeTaxExpense": -87679000, "netIncome": 544450000, "netIncomeRatio": 0.5641460304, "eps": 3.77, "epsdiluted": 3.49, "weightedAverageShsOut": 144591000, "weightedAverageShsOutDil": 155786000, "link": "https://www.sec.gov/Archives/edgar/data/1014473/000101447314000006/0001014473-14-000006-index.htm", "finalLink": "https://www.sec.gov/Archives/edgar/data/1014473/000101447314000006/vrsn-20131231x10k.htm", "calculatedOtherExpenses": 0, "calculatedOperatingExpenses": 249842000, "calculatedNetInterest": -72864000, "calculatedOtherIncome": 1403000, "calculatedIncomeNonControlling": 0, "calculatedEbitda": 588887000}, {"date": "2012-12-31", "symbol": "VRSN", "reportedCurrency": "USD", "cik": "0001014473", "fillingDate": "2013-02-28", "acceptedDate": "2013-02-28 17:01:41", "calendarYear": "2012", "period": "FY", "revenue": 873592000, "costOfRevenue": 167600000, "grossProfit": 705992000, "grossProfitRatio": 0.8081484263, "researchAndDevelopmentExpenses": 61694000, "generalAndAdministrativeExpenses": 89927000, "sellingAndMarketingExpenses": 97809000, "sellingGeneralAndAdministrativeExpenses": 187736000, "otherExpenses": 5564000, "operatingExpenses": 249430000, "costAndExpenses": 417030000, "interestIncome": 2957000, "interestExpense": 50196000, "depreciationAndAmortization": 54819000, "ebitda": 516945000, "ebitdaratio": 0.5917464904, "operatingIncome": 457327000, "operatingIncomeRatio": 0.5235018178, "totalOtherIncomeExpensesNet": 6329000, "incomeBeforeTax": 412695000, "incomeBeforeTaxRatio": 0.4724116063, "incomeTaxExpense": 100210000, "netIncome": 320032000, "netIncomeRatio": 0.3663403511, "eps": 2.04, "epsdiluted": 1.95, "weightedAverageShsOut": 156953000, "weightedAverageShsOutDil": 163909000, "link": "https://www.sec.gov/Archives/edgar/data/1014473/000101447313000006/0001014473-13-000006-index.htm", "finalLink": "https://www.sec.gov/Archives/edgar/data/1014473/000101447313000006/vrsn-20121231x10k.htm", "calculatedOtherExpenses": -765000, "calculatedOperatingExpenses": 248665000, "calculatedNetInterest": -47239000, "calculatedOtherIncome": 2607000, "calculatedIncomeNonControlling": -7547000, "calculatedEbitda": 512146000}, {"date": "2011-12-31", "symbol": "VRSN", "reportedCurrency": "USD", "cik": "0001014473", "fillingDate": "2012-02-24", "acceptedDate": "2012-02-24 13:45:04", "calendarYear": "2011", "period": "FY", "revenue": 771978000, "costOfRevenue": 165246000, "grossProfit": 606732000, "grossProfitRatio": 0.7859446772, "researchAndDevelopmentExpenses": 53277000, "generalAndAdministrativeExpenses": 111122000, "sellingAndMarketingExpenses": 97432000, "sellingGeneralAndAdministrativeExpenses": 208554000, "otherExpenses": 15512000, "operatingExpenses": 261831000, "costAndExpenses": 427077000, "interestIncome": 5017000, "interestExpense": 147332000, "depreciationAndAmortization": 55706000, "ebitda": 400607000, "ebitdaratio": 0.5189357728, "operatingIncome": 329389000, "operatingIncomeRatio": 0.4266818484, "totalOtherIncomeExpensesNet": -3982000, "incomeBeforeTax": 193587000, "incomeBeforeTaxRatio": 0.2507675089, "incomeTaxExpense": 55031000, "netIncome": 142891000, "netIncomeRatio": 0.1850972437, "eps": 0.87, "epsdiluted": 0.86, "weightedAverageShsOut": 165408000, "weightedAverageShsOutDil": 166887000, "link": "https://www.sec.gov/Archives/edgar/data/1014473/000119312512077600/0001193125-12-077600-index.htm", "finalLink": "https://www.sec.gov/Archives/edgar/data/1014473/000119312512077600/d296041d10k.htm", "calculatedOtherExpenses": 15512000, "calculatedOperatingExpenses": 277343000, "calculatedNetInterest": -142315000, "calculatedOtherIncome": 6513000, "calculatedIncomeNonControlling": -4335000, "calculatedEbitda": 385095000}, {"date": "2010-12-31", "symbol": "VRSN", "reportedCurrency": "USD", "cik": "0001014473", "fillingDate": "2011-02-24", "acceptedDate": "2011-02-24 15:23:27", "calendarYear": "2010", "period": "FY", "revenue": 680578000, "costOfRevenue": 156676000, "grossProfit": 523902000, "grossProfitRatio": 0.7697897963, "researchAndDevelopmentExpenses": 53664000, "generalAndAdministrativeExpenses": 137704000, "sellingAndMarketingExpenses": 83390000, "sellingGeneralAndAdministrativeExpenses": 221094000, "otherExpenses": 16861000, "operatingExpenses": 274758000, "costAndExpenses": 431434000, "interestIncome": 7652000, "interestExpense": 157667000, "depreciationAndAmortization": 67655000, "ebitda": 470589000, "ebitdaratio": 0.6914549104, "operatingIncome": 232283000, "operatingIncomeRatio": 0.3413025399, "totalOtherIncomeExpensesNet": -153790000, "incomeBeforeTax": 95354000, "incomeBeforeTaxRatio": 0.1401073793, "incomeTaxExpense": 25322000, "netIncome": 830967000, "netIncomeRatio": 1.2209724675, "eps": 4.68, "epsdiluted": 4.64, "weightedAverageShsOut": 177534000, "weightedAverageShsOutDil": 178965000, "link": "https://www.sec.gov/Archives/edgar/data/1014473/000119312511045196/0001193125-11-045196-index.htm", "finalLink": "https://www.sec.gov/Archives/edgar/data/1014473/000119312511045196/d10k.htm", "calculatedOtherExpenses": 16861000, "calculatedOperatingExpenses": 291619000, "calculatedNetInterest": -150015000, "calculatedOtherIncome": 13086000, "calculatedIncomeNonControlling": -760935000, "calculatedEbitda": 299938000}, {"date": "2009-12-31", "symbol": "VRSN", "reportedCurrency": "USD", "cik": "0001014473", "fillingDate": "2010-02-26", "acceptedDate": "2010-02-26 17:22:02", "calendarYear": "2009", "period": "FY", "revenue": 1030619000, "costOfRevenue": 233040000, "grossProfit": 797579000, "grossProfitRatio": 0.7738834623, "researchAndDevelopmentExpenses": 96416000, "generalAndAdministrativeExpenses": 181992000, "sellingAndMarketingExpenses": 177029000, "sellingGeneralAndAdministrativeExpenses": 359021000, "otherExpenses": 12199000, "operatingExpenses": 467636000, "costAndExpenses": 700676000, "interestIncome": 4371000, "interestExpense": 47351000, "depreciationAndAmortization": 86266000, "ebitda": 464862000, "ebitdaratio": 0.4510512614, "operatingIncome": 313727000, "operatingIncomeRatio": 0.304406381, "totalOtherIncomeExpensesNet": -48653000, "incomeBeforeTax": 281290000, "incomeBeforeTaxRatio": 0.2729330626, "incomeTaxExpense": 80105000, "netIncome": 245553000, "netIncomeRatio": 0.2382577849, "eps": 1.28, "epsdiluted": 1.28, "weightedAverageShsOut": 191821000, "weightedAverageShsOutDil": 192575000, "link": "https://www.sec.gov/Archives/edgar/data/1014473/000119312510043162/0001193125-10-043162-index.htm", "finalLink": "https://www.sec.gov/Archives/edgar/data/1014473/000119312510043162/d10k.htm", "calculatedOtherExpenses": 28415000, "calculatedOperatingExpenses": 483852000, "calculatedNetInterest": -42980000, "calculatedOtherIncome": 10543000, "calculatedIncomeNonControlling": -44368000, "calculatedEbitda": 399993000}, {"date": "2008-12-31", "symbol": "VRSN", "reportedCurrency": "USD", "cik": "0001014473", "fillingDate": "2009-03-03", "acceptedDate": "2009-03-03 16:43:04", "calendarYear": "2008", "period": "FY", "revenue": 961735000, "costOfRevenue": 227351000, "grossProfit": 734384000, "grossProfitRatio": 0.7636032795, "researchAndDevelopmentExpenses": 91508000, "generalAndAdministrativeExpenses": 373478000, "sellingAndMarketingExpenses": 376508000, "sellingGeneralAndAdministrativeExpenses": 373478000, "otherExpenses": 90652000, "operatingExpenses": 555638000, "costAndExpenses": 782989000, "interestIncome": 0, "interestExpense": 0, "depreciationAndAmortization": 128031000, "ebitda": 418169000, "ebitdaratio": 0.4348068855, "operatingIncome": 70778000, "operatingIncomeRatio": 0.0735940774, "totalOtherIncomeExpensesNet": -115260000, "incomeBeforeTax": 123251000, "incomeBeforeTaxRatio": 0.1281548451, "incomeTaxExpense": 42800000, "netIncome": -374692000, "netIncomeRatio": -0.3896000458, "eps": -1.9, "epsdiluted": -1.87, "weightedAverageShsOut": 197201000, "weightedAverageShsOutDil": 200602000, "link": "https://www.sec.gov/Archives/edgar/data/1014473/000119312509043713/0001193125-09-043713-index.htm", "finalLink": "https://www.sec.gov/Archives/edgar/data/1014473/000119312509043713/d10k.htm", "calculatedOtherExpenses": 198620000, "calculatedOperatingExpenses": 663606000, "calculatedNetInterest": 0, "calculatedOtherIncome": 52473000, "calculatedIncomeNonControlling": 455143000, "calculatedEbitda": 198809000}, {"date": "2007-12-31", "symbol": "VRSN", "reportedCurrency": "USD", "cik": "0001014473", "fillingDate": "2008-02-29", "acceptedDate": "2008-02-29 17:02:26", "calendarYear": "2007", "period": "FY", "revenue": 1496289000, "costOfRevenue": 596517000, "grossProfit": 899772000, "grossProfitRatio": 0.6013357045, "researchAndDevelopmentExpenses": 160186000, "generalAndAdministrativeExpenses": 552762000, "sellingAndMarketingExpenses": 276632000, "sellingGeneralAndAdministrativeExpenses": 552762000, "otherExpenses": 450101000, "operatingExpenses": 1163049000, "costAndExpenses": 1759566000, "interestIncome": 0, "interestExpense": 0, "depreciationAndAmortization": 231505000, "ebitda": 195812000, "ebitdaratio": 0.1308650936, "operatingIncome": -221501000, "operatingIncomeRatio": -0.1480335684, "totalOtherIncomeExpensesNet": -229602000, "incomeBeforeTax": -127742000, "incomeBeforeTaxRatio": -0.085372545, "incomeTaxExpense": 11080000, "netIncome": -139502000, "netIncomeRatio": -0.0932319893, "eps": -0.59, "epsdiluted": -0.59, "weightedAverageShsOut": 237707000, "weightedAverageShsOutDil": 237707000, "link": "https://www.sec.gov/Archives/edgar/data/1014473/000119312508043862/0001193125-08-043862-index.htm", "finalLink": "https://www.sec.gov/Archives/edgar/data/1014473/000119312508043862/d10k.htm", "calculatedOtherExpenses": 408325000, "calculatedOperatingExpenses": 1121273000, "calculatedNetInterest": 0, "calculatedOtherIncome": 93759000, "calculatedIncomeNonControlling": 680000, "calculatedEbitda": 10004000}, {"date": "2006-12-31", "symbol": "VRSN", "reportedCurrency": "USD", "cik": "0001014473", "fillingDate": "2007-07-12", "acceptedDate": "2007-07-12 17:11:32", "calendarYear": "2006", "period": "FY", "revenue": 1575249000, "costOfRevenue": 580739000, "grossProfit": 994510000, "grossProfitRatio": 0.6313351096, "researchAndDevelopmentExpenses": 129343000, "generalAndAdministrativeExpenses": 634351000, "sellingAndMarketingExpenses": 377550000, "sellingGeneralAndAdministrativeExpenses": 634351000, "otherExpenses": 122767000, "operatingExpenses": 886461000, "costAndExpenses": 1467200000, "interestIncome": 0, "interestExpense": 0, "depreciationAndAmortization": 231529000, "ebitda": 327766000, "ebitdaratio": 0.2080725016, "operatingIncome": 95820000, "operatingIncomeRatio": 0.0608284785, "totalOtherIncomeExpensesNet": 11812000, "incomeBeforeTax": 136685000, "incomeBeforeTaxRatio": 0.086770409, "incomeTaxExpense": -241285000, "netIncome": 379015000, "netIncomeRatio": 0.2406064057, "eps": 1.55, "epsdiluted": 1.53, "weightedAverageShsOut": 244421000, "weightedAverageShsOutDil": 247073000, "link": "https://www.sec.gov/Archives/edgar/data/1014473/000119312507154202/0001193125-07-154202-index.htm", "finalLink": "https://www.sec.gov/Archives/edgar/data/1014473/000119312507154202/d10k.htm", "calculatedOtherExpenses": 134996000, "calculatedOperatingExpenses": 898690000, "calculatedNetInterest": 0, "calculatedOtherIncome": 40865000, "calculatedIncomeNonControlling": -1045000, "calculatedEbitda": 327349000}, {"date": "2005-12-31", "symbol": "VRSN", "reportedCurrency": "USD", "cik": "0001014473", "fillingDate": "2006-03-13", "acceptedDate": "2006-03-10 19:24:42", "calendarYear": "2005", "period": "FY", "revenue": 1609494000, "costOfRevenue": 512225000, "grossProfit": 1097269000, "grossProfitRatio": 0.681747804, "researchAndDevelopmentExpenses": 95339000, "generalAndAdministrativeExpenses": 675140000, "sellingAndMarketingExpenses": 480543000, "sellingGeneralAndAdministrativeExpenses": 675140000, "otherExpenses": 101638000, "operatingExpenses": 872117000, "costAndExpenses": 1384342000, "interestIncome": 0, "interestExpense": 0, "depreciationAndAmortization": 197259000, "ebitda": 399628000, "ebitdaratio": 0.2482941844, "operatingIncome": 196429000, "operatingIncomeRatio": 0.1220439467, "totalOtherIncomeExpensesNet": 22783000, "incomeBeforeTax": 243233000, "incomeBeforeTaxRatio": 0.1511238936, "incomeTaxExpense": 104655000, "netIncome": 406461000, "netIncomeRatio": 0.252539618, "eps": 1.67, "epsdiluted": 1.63, "weightedAverageShsOut": 257368000, "weightedAverageShsOutDil": 263689000, "link": "https://www.sec.gov/Archives/edgar/data/1014473/000119312506051312/0001193125-06-051312-index.htm", "finalLink": "https://www.sec.gov/Archives/edgar/data/1014473/000119312506051312/d10k.htm", "calculatedOtherExpenses": 130361000, "calculatedOperatingExpenses": 900840000, "calculatedNetInterest": 0, "calculatedOtherIncome": 46804000, "calculatedIncomeNonControlling": -267883000, "calculatedEbitda": 393688000}, {"date": "2004-12-31", "symbol": "VRSN", "reportedCurrency": "USD", "cik": "0001014473", "fillingDate": "2005-03-16", "acceptedDate": "2005-03-16 13:43:08", "calendarYear": "2004", "period": "FY", "revenue": 1166455000, "costOfRevenue": 444759000, "grossProfit": 721696000, "grossProfitRatio": 0.6187088229, "researchAndDevelopmentExpenses": 67346000, "generalAndAdministrativeExpenses": 418402000, "sellingAndMarketingExpenses": 253480000, "sellingGeneralAndAdministrativeExpenses": 418402000, "otherExpenses": 79440000, "operatingExpenses": 565188000, "costAndExpenses": 1009947000, "interestIncome": 10151000, "interestExpense": 0, "depreciationAndAmortization": 168217000, "ebitda": 277579000, "ebitdaratio": 0.2379680313, "operatingIncome": 131728000, "operatingIncomeRatio": 0.1129302031, "totalOtherIncomeExpensesNet": 47146000, "incomeBeforeTax": 213805000, "incomeBeforeTaxRatio": 0.1832946835, "incomeTaxExpense": 27580000, "netIncome": 186225000, "netIncomeRatio": 0.1596503937, "eps": 0.61, "epsdiluted": 0.6, "weightedAverageShsOut": 250524590, "weightedAverageShsOutDil": 254700000, "link": "https://www.sec.gov/Archives/edgar/data/1014473/000119312505052424/0001193125-05-052424-index.htm", "finalLink": "https://www.sec.gov/Archives/edgar/data/1014473/000119312505052424/d10k.htm", "calculatedOtherExpenses": 104220000, "calculatedOperatingExpenses": 589968000, "calculatedNetInterest": 10151000, "calculatedOtherIncome": 71926000, "calculatedIncomeNonControlling": 0, "calculatedEbitda": 299945000}, {"date": "2003-12-31", "symbol": "VRSN", "reportedCurrency": "USD", "cik": "0001014473", "fillingDate": "2004-03-15", "acceptedDate": "2004-03-15 13:01:32", "calendarYear": "2003", "period": "FY", "revenue": 1054780000, "costOfRevenue": 446207000, "grossProfit": 608573000, "grossProfitRatio": 0.5769667608, "researchAndDevelopmentExpenses": 55806000, "generalAndAdministrativeExpenses": 363710000, "sellingAndMarketingExpenses": 195330000, "sellingGeneralAndAdministrativeExpenses": 363710000, "otherExpenses": 342674000, "operatingExpenses": 762190000, "costAndExpenses": 1208397000, "interestIncome": 0, "interestExpense": 0, "depreciationAndAmortization": 457370000, "ebitda": 385001000, "ebitdaratio": 0.3650059728, "operatingIncome": -228250000, "operatingIncomeRatio": -0.2163958361, "totalOtherIncomeExpensesNet": -81248000, "incomeBeforeTax": -236526000, "incomeBeforeTaxRatio": -0.224242022, "incomeTaxExpense": 23353000, "netIncome": -259879000, "netIncomeRatio": -0.246382184, "eps": -1.2, "epsdiluted": -1.2, "weightedAverageShsOut": 216565833, "weightedAverageShsOutDil": 216565833, "link": "https://www.sec.gov/Archives/edgar/data/1014473/000119312504041888/0001193125-04-041888-index.htm", "finalLink": "https://www.sec.gov/Archives/edgar/data/1014473/000119312504041888/d10k.htm", "calculatedOtherExpenses": 417307000, "calculatedOperatingExpenses": 836823000, "calculatedNetInterest": 0, "calculatedOtherIncome": -8276000, "calculatedIncomeNonControlling": 0, "calculatedEbitda": 229120000}, {"date": "2002-12-31", "symbol": "VRSN", "reportedCurrency": "USD", "cik": "0001014473", "fillingDate": "2003-03-31", "acceptedDate": "2003-03-31 08:16:52", "calendarYear": "2002", "period": "FY", "revenue": 1221668000, "costOfRevenue": 571367000, "grossProfit": 650301000, "grossProfitRatio": 0.532305831, "researchAndDevelopmentExpenses": 48353000, "generalAndAdministrativeExpenses": 420293000, "sellingAndMarketingExpenses": 248170000, "sellingGeneralAndAdministrativeExpenses": 420293000, "otherExpenses": 4894714000, "operatingExpenses": 5363360000, "costAndExpenses": 5934727000, "interestIncome": -148946000, "interestExpense": 0, "depreciationAndAmortization": 5019152000, "ebitda": 394594000, "ebitdaratio": 0.3229961004, "operatingIncome": -4801633000, "operatingIncomeRatio": -3.9303910719, "totalOtherIncomeExpensesNet": -88501000, "incomeBeforeTax": -4950506000, "incomeBeforeTaxRatio": -4.0522515119, "incomeTaxExpense": 10375000, "netIncome": -4961297000, "netIncomeRatio": -4.0610845172, "eps": -20.97, "epsdiluted": -20.97, "weightedAverageShsOut": 236552000, "weightedAverageShsOutDil": 236552000, "link": "https://www.sec.gov/Archives/edgar/data/1014473/000101287003001482/0001012870-03-001482-index.htm", "finalLink": "https://www.sec.gov/Archives/edgar/data/1014473/000101287003001482/d10k.htm", "calculatedOtherExpenses": 4983288000, "calculatedOperatingExpenses": 5451934000, "calculatedNetInterest": -148946000, "calculatedOtherIncome": 73000, "calculatedIncomeNonControlling": 416000, "calculatedEbitda": 217519000}, {"date": "2001-12-31", "symbol": "VRSN", "reportedCurrency": "USD", "cik": "0001014473", "fillingDate": "2002-03-19", "acceptedDate": "2002-03-19 00:00:00", "calendarYear": "2001", "period": "FY", "revenue": 983564000, "costOfRevenue": 343721000, "grossProfit": 639843000, "grossProfitRatio": 0.6505351965, "researchAndDevelopmentExpenses": 78134000, "generalAndAdministrativeExpenses": 402882000, "sellingAndMarketingExpenses": 0, "sellingGeneralAndAdministrativeExpenses": 402882000, "otherExpenses": 13569653000, "operatingExpenses": 14050669000, "costAndExpenses": 14394390000, "interestIncome": 0, "interestExpense": 0, "depreciationAndAmortization": 13636318000, "ebitda": 227280000, "ebitdaratio": 0.231077998, "operatingIncome": -13410826000, "operatingIncomeRatio": -13.6349297046, "totalOtherIncomeExpensesNet": -1788000, "incomeBeforeTax": -13433874000, "incomeBeforeTaxRatio": -13.6583628518, "incomeTaxExpense": -77922000, "netIncome": -13355952000, "netIncomeRatio": -13.5791387241, "eps": -65.64, "epsdiluted": -65.64, "weightedAverageShsOut": 203478000, "weightedAverageShsOutDil": 203478000, "link": "https://www.sec.gov/Archives/edgar/data/1014473/000101287002001292/0001012870-02-001292-index.htm", "finalLink": "https://www.sec.gov/Archives/edgar/data/1014473/000101287002001292/d10k.txt", "calculatedOtherExpenses": 13569653000, "calculatedOperatingExpenses": 14050669000, "calculatedNetInterest": 0, "calculatedOtherIncome": -23048000, "calculatedIncomeNonControlling": 0, "calculatedEbitda": 225492000}, {"date": "2000-12-31", "symbol": "VRSN", "reportedCurrency": "USD", "cik": "0001014473", "fillingDate": "2001-03-28", "acceptedDate": "2001-03-28 00:00:00", "calendarYear": "2000", "period": "FY", "revenue": 474766000, "costOfRevenue": 133472000, "grossProfit": 341294000, "grossProfitRatio": 0.7188678212, "researchAndDevelopmentExpenses": 41256000, "generalAndAdministrativeExpenses": 227820000, "sellingAndMarketingExpenses": 0, "sellingGeneralAndAdministrativeExpenses": 227820000, "otherExpenses": 3218527000, "operatingExpenses": 3487603000, "costAndExpenses": 3621075000, "interestIncome": 0, "interestExpense": 0, "depreciationAndAmortization": 3218527000, "ebitda": 92700000, "ebitdaratio": 0.1952540831, "operatingIncome": -3146309000, "operatingIncomeRatio": -6.6270731266, "totalOtherIncomeExpensesNet": -20482000, "incomeBeforeTax": -3166791000, "incomeBeforeTaxRatio": -6.6702143793, "incomeTaxExpense": -30835000, "netIncome": -3115474000, "netIncomeRatio": -6.5621253417, "eps": -19.57, "epsdiluted": -19.57, "weightedAverageShsOut": 159169000, "weightedAverageShsOutDil": 159169000, "link": "https://www.sec.gov/Archives/edgar/data/1014473/000101287001001360/0001012870-01-001360-index.htm", "finalLink": "https://www.sec.gov/Archives/edgar/data/1014473/000101287001001360/0001012870-01-001360-0001.txt", "calculatedOtherExpenses": 3218527000, "calculatedOperatingExpenses": 3487603000, "calculatedNetInterest": 0, "calculatedOtherIncome": -20482000, "calculatedIncomeNonControlling": -20482000, "calculatedEbitda": 72218000}, {"date": "1999-12-31", "symbol": "VRSN", "reportedCurrency": "USD", "cik": "0001014473", "fillingDate": "2000-03-22", "acceptedDate": "2000-03-22 00:00:00", "calendarYear": "1999", "period": "FY", "revenue": 84776000, "costOfRevenue": 26494000, "grossProfit": 58282000, "grossProfitRatio": 0.6874823063, "researchAndDevelopmentExpenses": 13303000, "generalAndAdministrativeExpenses": 42885000, "sellingAndMarketingExpenses": 34145000, "sellingGeneralAndAdministrativeExpenses": 42885000, "otherExpenses": 5404000, "operatingExpenses": 61592000, "costAndExpenses": 88086000, "interestIncome": 7365000, "interestExpense": 0, "depreciationAndAmortization": 5404000, "ebitda": 3030000, "ebitdaratio": 0.0357412475, "operatingIncome": -3310000, "operatingIncomeRatio": -0.0390440691, "totalOtherIncomeExpensesNet": -936000, "incomeBeforeTax": 3955000, "incomeBeforeTaxRatio": 0.0466523544, "incomeTaxExpense": -7265000, "netIncome": 3955000, "netIncomeRatio": 0.0466523544, "eps": 0.04, "epsdiluted": 0.03, "weightedAverageShsOut": 100531000, "weightedAverageShsOutDil": 114610000, "link": "https://www.sec.gov/Archives/edgar/data/1014473/000101287000001500/0001012870-00-001500-index.html", "finalLink": "https://www.sec.gov/Archives/edgar/data/1014473/000101287000001500/0001012870-00-001500-d1.html", "calculatedOtherExpenses": 5404000, "calculatedOperatingExpenses": 61592000, "calculatedNetInterest": 7365000, "calculatedOtherIncome": -100000, "calculatedIncomeNonControlling": 7265000, "calculatedEbitda": 2094000}, {"date": "1998-12-31", "symbol": "VRSN", "reportedCurrency": "USD", "cik": "0001014473", "fillingDate": "1999-02-22", "acceptedDate": "1999-02-22 00:00:00", "calendarYear": "1998", "period": "FY", "revenue": 38900000, "costOfRevenue": 15500000, "grossProfit": 23400000, "grossProfitRatio": 0.6015424165, "researchAndDevelopmentExpenses": 8400000, "generalAndAdministrativeExpenses": 30600000, "sellingAndMarketingExpenses": 0, "sellingGeneralAndAdministrativeExpenses": 30600000, "otherExpenses": 3900000, "operatingExpenses": 42900000, "costAndExpenses": 58400000, "interestIncome": 0, "interestExpense": 0, "depreciationAndAmortization": 3900000, "ebitda": -14100000, "ebitdaratio": -0.3624678663, "operatingIncome": -19500000, "operatingIncomeRatio": -0.501285347, "totalOtherIncomeExpensesNet": -1500000, "incomeBeforeTax": -21000000, "incomeBeforeTaxRatio": -0.5398457584, "incomeTaxExpense": 200000, "netIncome": -19700000, "netIncomeRatio": -0.5064267352, "eps": -0.24, "epsdiluted": -0.24, "weightedAverageShsOut": 83492000, "weightedAverageShsOutDil": 83492000, "link": "https://www.sec.gov/Archives/edgar/data/1014473/000101287099000609/0001012870-99-000609-index.html", "finalLink": "https://www.sec.gov/Archives/edgar/data/1014473/", "calculatedOtherExpenses": 3900000, "calculatedOperatingExpenses": 42900000, "calculatedNetInterest": 0, "calculatedOtherIncome": -1500000, "calculatedIncomeNonControlling": -1500000, "calculatedEbitda": -15600000}, {"date": "1997-12-31", "symbol": "VRSN", "reportedCurrency": "USD", "cik": "0001014473", "fillingDate": "1997-12-31", "acceptedDate": "1997-12-30 19:00:00", "calendarYear": "1997", "period": "FY", "revenue": 9400000, "costOfRevenue": 5200000, "grossProfit": 4200000, "grossProfitRatio": 0.4468085106, "researchAndDevelopmentExpenses": 5200000, "generalAndAdministrativeExpenses": 0, "sellingAndMarketingExpenses": 0, "sellingGeneralAndAdministrativeExpenses": 15400000, "otherExpenses": 18000000, "operatingExpenses": 23200000, "costAndExpenses": 28400000, "interestIncome": 0, "interestExpense": 0, "depreciationAndAmortization": 2600000, "ebitda": -14700000, "ebitdaratio": -1.5638297872, "operatingIncome": -19000000, "operatingIncomeRatio": -2.0212765957, "totalOtherIncomeExpensesNet": -1700000, "incomeBeforeTax": -20700000, "incomeBeforeTaxRatio": -2.2021276596, "incomeTaxExpense": 200000, "netIncome": -19200000, "netIncomeRatio": -2.0425531915, "eps": -0.23, "epsdiluted": -0.23, "weightedAverageShsOut": 82972000, "weightedAverageShsOutDil": 82972000, "link": "", "finalLink": "", "calculatedOtherExpenses": 2600000, "calculatedOperatingExpenses": 23200000, "calculatedNetInterest": 0, "calculatedOtherIncome": -1700000, "calculatedIncomeNonControlling": -1700000, "calculatedEbitda": -16400000}]}