{"originalCurrency": "USD", "convertedCurrency": "USD", "report": [{"date": "2023-12-31", "symbol": "VRTX", "reportedCurrency": "USD", "cik": "0000875320", "fillingDate": "2024-02-15", "acceptedDate": "2024-02-15 16:12:14", "calendarYear": "2023", "period": "FY", "revenue": 9839000000, "costOfRevenue": 1262200000, "grossProfit": 8576800000, "grossProfitRatio": 0.8717146051, "researchAndDevelopmentExpenses": 3690000000, "generalAndAdministrativeExpenses": 0, "sellingAndMarketingExpenses": 0, "sellingGeneralAndAdministrativeExpenses": 1136600000, "otherExpenses": -22800000, "operatingExpenses": 4826600000, "costAndExpenses": 6088800000, "interestIncome": 614700000, "interestExpense": 44100000, "depreciationAndAmortization": 181300000, "ebitda": 3931500000, "ebitdaratio": 0.399583291, "operatingIncome": 3750200000, "operatingIncomeRatio": 0.3811566216, "totalOtherIncomeExpensesNet": 629600000, "incomeBeforeTax": 4379800000, "incomeBeforeTaxRatio": 0.4451468645, "incomeTaxExpense": 760200000, "netIncome": 3619600000, "netIncomeRatio": 0.3678829149, "eps": 14.05, "epsdiluted": 13.89, "weightedAverageShsOut": 257700000, "weightedAverageShsOutDil": 260500000, "link": "https://www.sec.gov/Archives/edgar/data/875320/000087532024000062/0000875320-24-000062-index.htm", "finalLink": "https://www.sec.gov/Archives/edgar/data/875320/000087532024000062/vrtx-20231231.htm", "calculatedOtherExpenses": 0, "calculatedOperatingExpenses": 4826600000, "calculatedNetInterest": 570600000, "calculatedOtherIncome": 59000000, "calculatedIncomeNonControlling": 0, "calculatedEbitda": 3931500000}, {"date": "2022-12-31", "symbol": "VRTX", "reportedCurrency": "USD", "cik": "0000875320", "fillingDate": "2023-02-10", "acceptedDate": "2023-02-10 16:12:03", "calendarYear": "2022", "period": "FY", "revenue": 8930700000, "costOfRevenue": 1080300000, "grossProfit": 7850400000, "grossProfitRatio": 0.879035238, "researchAndDevelopmentExpenses": 2540300000, "generalAndAdministrativeExpenses": 0, "sellingAndMarketingExpenses": 0, "sellingGeneralAndAdministrativeExpenses": 944700000, "otherExpenses": -164800000, "operatingExpenses": 3485000000, "costAndExpenses": 4565300000, "interestIncome": 144600000, "interestExpense": 54800000, "depreciationAndAmortization": 37800000, "ebitda": 4345200000, "ebitdaratio": 0.4865464073, "operatingIncome": 4307400000, "operatingIncomeRatio": 0.4823138164, "totalOtherIncomeExpensesNet": -75000000, "incomeBeforeTax": 4232400000, "incomeBeforeTaxRatio": 0.4739158185, "incomeTaxExpense": 910400000, "netIncome": 3322000000, "netIncomeRatio": 0.3719753211, "eps": 12.97, "epsdiluted": 12.82, "weightedAverageShsOut": 256100000, "weightedAverageShsOutDil": 259100000, "link": "https://www.sec.gov/Archives/edgar/data/875320/000087532023000007/0000875320-23-000007-index.htm", "finalLink": "https://www.sec.gov/Archives/edgar/data/875320/000087532023000007/vrtx-20221231.htm", "calculatedOtherExpenses": 58000000, "calculatedOperatingExpenses": 3543000000, "calculatedNetInterest": 89800000, "calculatedOtherIncome": -164800000, "calculatedIncomeNonControlling": 0, "calculatedEbitda": 4345200000}, {"date": "2021-12-31", "symbol": "VRTX", "reportedCurrency": "USD", "cik": "0000875320", "fillingDate": "2022-02-09", "acceptedDate": "2022-02-09 16:37:44", "calendarYear": "2021", "period": "FY", "revenue": 7574400000, "costOfRevenue": 904200000, "grossProfit": 6670200000, "grossProfitRatio": 0.8806242079, "researchAndDevelopmentExpenses": 3051100000, "generalAndAdministrativeExpenses": 0, "sellingAndMarketingExpenses": 0, "sellingGeneralAndAdministrativeExpenses": 840100000, "otherExpenses": 4900000, "operatingExpenses": 3891200000, "costAndExpenses": 4795400000, "interestIncome": 4900000, "interestExpense": 61500000, "depreciationAndAmortization": 6700000, "ebitda": 2788800000, "ebitdaratio": 0.3681875792, "operatingIncome": 2782100000, "operatingIncomeRatio": 0.3673030207, "totalOtherIncomeExpensesNet": -51700000, "incomeBeforeTax": 2730400000, "incomeBeforeTaxRatio": 0.3604773975, "incomeTaxExpense": 388300000, "netIncome": 2342100000, "netIncomeRatio": 0.3092126109, "eps": 9.09, "epsdiluted": 9.01, "weightedAverageShsOut": 257700000, "weightedAverageShsOutDil": 259899999, "link": "https://www.sec.gov/Archives/edgar/data/875320/000087532022000007/0000875320-22-000007-index.htm", "finalLink": "https://www.sec.gov/Archives/edgar/data/875320/000087532022000007/vrtx-20211231.htm", "calculatedOtherExpenses": -3100000, "calculatedOperatingExpenses": 3888100000, "calculatedNetInterest": -56600000, "calculatedOtherIncome": 4900000, "calculatedIncomeNonControlling": 0, "calculatedEbitda": 2788800000}, {"date": "2020-12-31", "symbol": "VRTX", "reportedCurrency": "USD", "cik": "0000875320", "fillingDate": "2021-02-11", "acceptedDate": "2021-02-11 16:03:06", "calendarYear": "2020", "period": "FY", "revenue": 6205683000, "costOfRevenue": 736300000, "grossProfit": 5469383000, "grossProfitRatio": 0.881350691, "researchAndDevelopmentExpenses": 1829537000, "generalAndAdministrativeExpenses": 0, "sellingAndMarketingExpenses": 0, "sellingGeneralAndAdministrativeExpenses": 770456000, "otherExpenses": 296420000, "operatingExpenses": 2599993000, "costAndExpenses": 3336293000, "interestIncome": 22239000, "interestExpense": 58151000, "depreciationAndAmortization": 331759000, "ebitda": 3188049000, "ebitdaratio": 0.5137305596, "operatingIncome": 2856290000, "operatingIncomeRatio": 0.460270046, "totalOtherIncomeExpensesNet": 260508000, "incomeBeforeTax": 3116798000, "incomeBeforeTaxRatio": 0.5022489869, "incomeTaxExpense": 405151000, "netIncome": 2711700000, "netIncomeRatio": 0.436970435, "eps": 10.44, "epsdiluted": 10.29, "weightedAverageShsOut": 259841000, "weightedAverageShsOutDil": 263396000, "link": "https://www.sec.gov/Archives/edgar/data/875320/000087532021000006/0000875320-21-000006-index.htm", "finalLink": "https://www.sec.gov/Archives/edgar/data/875320/000087532021000006/vrtx-20201231.htm", "calculatedOtherExpenses": 13100000, "calculatedOperatingExpenses": 2613093000, "calculatedNetInterest": -35912000, "calculatedOtherIncome": 296420000, "calculatedIncomeNonControlling": -53000, "calculatedEbitda": 3188049000}, {"date": "2019-12-31", "symbol": "VRTX", "reportedCurrency": "USD", "cik": "0000875320", "fillingDate": "2020-02-13", "acceptedDate": "2020-02-13 16:48:57", "calendarYear": "2019", "period": "FY", "revenue": 4162821000, "costOfRevenue": 547758000, "grossProfit": 3615063000, "grossProfitRatio": 0.8684166338, "researchAndDevelopmentExpenses": 1754540000, "generalAndAdministrativeExpenses": 0, "sellingAndMarketingExpenses": 0, "sellingGeneralAndAdministrativeExpenses": 658498000, "otherExpenses": 192177000, "operatingExpenses": 2413038000, "costAndExpenses": 2960796000, "interestIncome": 63678000, "interestExpense": 58502000, "depreciationAndAmortization": 260314000, "ebitda": 1457880000, "ebitdaratio": 0.3502144339, "operatingIncome": 1197566000, "operatingIncomeRatio": 0.2876813584, "totalOtherIncomeExpensesNet": 197353000, "incomeBeforeTax": 1394919000, "incomeBeforeTaxRatio": 0.3350898345, "incomeTaxExpense": 218109000, "netIncome": 1176810000, "netIncomeRatio": 0.2826953165, "eps": 4.58, "epsdiluted": 4.51, "weightedAverageShsOut": 256728000, "weightedAverageShsOutDil": 260673000, "link": "https://www.sec.gov/Archives/edgar/data/875320/000087532020000007/0000875320-20-000007-index.htm", "finalLink": "https://www.sec.gov/Archives/edgar/data/875320/000087532020000007/a201910k-main.htm", "calculatedOtherExpenses": 4459000, "calculatedOperatingExpenses": 2417497000, "calculatedNetInterest": 5176000, "calculatedOtherIncome": 192177000, "calculatedIncomeNonControlling": 0, "calculatedEbitda": 1457880000}, {"date": "2018-12-31", "symbol": "VRTX", "reportedCurrency": "USD", "cik": "0000875320", "fillingDate": "2019-02-13", "acceptedDate": "2019-02-13 16:38:26", "calendarYear": "2018", "period": "FY", "revenue": 3047597000, "costOfRevenue": 409539000, "grossProfit": 2638058000, "grossProfitRatio": 0.8656190435, "researchAndDevelopmentExpenses": 1416476000, "generalAndAdministrativeExpenses": 0, "sellingAndMarketingExpenses": 0, "sellingGeneralAndAdministrativeExpenses": 557616000, "otherExpenses": -790000, "operatingExpenses": 1974092000, "costAndExpenses": 2383631000, "interestIncome": 0, "interestExpense": 34119000, "depreciationAndAmortization": 72420000, "ebitda": 663176000, "ebitdaratio": 0.2176061992, "operatingIncome": 635150000, "operatingIncomeRatio": 0.2084101015, "totalOtherIncomeExpensesNet": -29606000, "incomeBeforeTax": 600241000, "incomeBeforeTaxRatio": 0.196955503, "incomeTaxExpense": -1486862000, "netIncome": 2096896000, "netIncomeRatio": 0.6880489776, "eps": 8.25, "epsdiluted": 8.09, "weightedAverageShsOut": 254292000, "weightedAverageShsOutDil": 259185000, "link": "https://www.sec.gov/Archives/edgar/data/875320/000087532019000006/0000875320-19-000006-index.htm", "finalLink": "https://www.sec.gov/Archives/edgar/data/875320/000087532019000006/a201810k-main.htm", "calculatedOtherExpenses": 28816000, "calculatedOperatingExpenses": 2002908000, "calculatedNetInterest": -34119000, "calculatedOtherIncome": -790000, "calculatedIncomeNonControlling": -9793000, "calculatedEbitda": 707570000}, {"date": "2017-12-31", "symbol": "VRTX", "reportedCurrency": "USD", "cik": "0000875320", "fillingDate": "2018-02-15", "acceptedDate": "2018-02-14 18:01:38", "calendarYear": "2017", "period": "FY", "revenue": 2488652000, "costOfRevenue": 275119000, "grossProfit": 2213533000, "grossProfitRatio": 0.8894505941, "researchAndDevelopmentExpenses": 1324625000, "generalAndAdministrativeExpenses": 0, "sellingAndMarketingExpenses": 0, "sellingGeneralAndAdministrativeExpenses": 496079000, "otherExpenses": -81382000, "operatingExpenses": 1820704000, "costAndExpenses": 2095823000, "interestIncome": 0, "interestExpense": 57550000, "depreciationAndAmortization": 61397000, "ebitda": 311447000, "ebitdaratio": 0.1251468667, "operatingIncome": 123243000, "operatingIncomeRatio": 0.0495219902, "totalOtherIncomeExpensesNet": -350968000, "incomeBeforeTax": -15689000, "incomeBeforeTaxRatio": -0.0063042161, "incomeTaxExpense": -107324000, "netIncome": 263484000, "netIncomeRatio": 0.1058741841, "eps": 1.06, "epsdiluted": 1.04, "weightedAverageShsOut": 248858000, "weightedAverageShsOutDil": 253225000, "link": "https://www.sec.gov/Archives/edgar/data/875320/000087532018000009/0000875320-18-000009-index.htm", "finalLink": "https://www.sec.gov/Archives/edgar/data/875320/000087532018000009/a201710k-main.htm", "calculatedOtherExpenses": 269586000, "calculatedOperatingExpenses": 2090290000, "calculatedNetInterest": -57550000, "calculatedOtherIncome": -81382000, "calculatedIncomeNonControlling": -171849000, "calculatedEbitda": 184640000}, {"date": "2016-12-31", "symbol": "VRTX", "reportedCurrency": "USD", "cik": "0000875320", "fillingDate": "2017-02-23", "acceptedDate": "2017-02-23 15:18:18", "calendarYear": "2016", "period": "FY", "revenue": 1702177000, "costOfRevenue": 210460000, "grossProfit": 1491717000, "grossProfitRatio": 0.8763583341, "researchAndDevelopmentExpenses": 1047690000, "generalAndAdministrativeExpenses": 0, "sellingAndMarketingExpenses": 0, "sellingGeneralAndAdministrativeExpenses": 432829000, "otherExpenses": 4130000, "operatingExpenses": 1480519000, "costAndExpenses": 1690979000, "interestIncome": 0, "interestExpense": 81432000, "depreciationAndAmortization": 61398000, "ebitda": 15328000, "ebitdaratio": 0.009004939, "operatingIncome": 9936000, "operatingIncomeRatio": 0.0058372308, "totalOtherIncomeExpensesNet": 2868000, "incomeBeforeTax": -67366000, "incomeBeforeTaxRatio": -0.0395763778, "incomeTaxExpense": 16665000, "netIncome": -112052000, "netIncomeRatio": -0.0658286418, "eps": -0.46, "epsdiluted": -0.46, "weightedAverageShsOut": 243591304, "weightedAverageShsOutDil": 244685000, "link": "https://www.sec.gov/Archives/edgar/data/875320/000087532017000017/0000875320-17-000017-index.htm", "finalLink": "https://www.sec.gov/Archives/edgar/data/875320/000087532017000017/a201610k-main.htm", "calculatedOtherExpenses": 1262000, "calculatedOperatingExpenses": 1481781000, "calculatedNetInterest": -81432000, "calculatedOtherIncome": 4130000, "calculatedIncomeNonControlling": 28021000, "calculatedEbitda": 71334000}, {"date": "2015-12-31", "symbol": "VRTX", "reportedCurrency": "USD", "cik": "0000875320", "fillingDate": "2016-02-16", "acceptedDate": "2016-02-16 16:23:48", "calendarYear": "2015", "period": "FY", "revenue": 1032336000, "costOfRevenue": 125542000, "grossProfit": 906794000, "grossProfitRatio": 0.878390369, "researchAndDevelopmentExpenses": 996170000, "generalAndAdministrativeExpenses": 0, "sellingAndMarketingExpenses": 0, "sellingGeneralAndAdministrativeExpenses": 377080000, "otherExpenses": -6713000, "operatingExpenses": 1373250000, "costAndExpenses": 1498792000, "interestIncome": 0, "interestExpense": 84206000, "depreciationAndAmortization": 62343000, "ebitda": -473169000, "ebitdaratio": -0.4583478635, "operatingIncome": -468662000, "operatingIncomeRatio": -0.4539820369, "totalOtherIncomeExpensesNet": -8919000, "incomeBeforeTax": -559581000, "incomeBeforeTaxRatio": -0.5420531687, "incomeTaxExpense": 30381000, "netIncome": -558115000, "netIncomeRatio": -0.5406330885, "eps": -2.31, "epsdiluted": -2.31, "weightedAverageShsOut": 240837229, "weightedAverageShsOutDil": 241312000, "link": "https://www.sec.gov/Archives/edgar/data/875320/000087532016000067/0000875320-16-000067-index.htm", "finalLink": "https://www.sec.gov/Archives/edgar/data/875320/000087532016000067/a201510k-main.htm", "calculatedOtherExpenses": 2206000, "calculatedOperatingExpenses": 1375456000, "calculatedNetInterest": -84206000, "calculatedOtherIncome": -6713000, "calculatedIncomeNonControlling": -31847000, "calculatedEbitda": -406319000}, {"date": "2014-12-31", "symbol": "VRTX", "reportedCurrency": "USD", "cik": "0000875320", "fillingDate": "2015-02-13", "acceptedDate": "2015-02-13 16:23:20", "calendarYear": "2014", "period": "FY", "revenue": 580415000, "costOfRevenue": 60987000, "grossProfit": 519428000, "grossProfitRatio": 0.8949251828, "researchAndDevelopmentExpenses": 855506000, "generalAndAdministrativeExpenses": 0, "sellingAndMarketingExpenses": 0, "sellingGeneralAndAdministrativeExpenses": 305409000, "otherExpenses": 30400000, "operatingExpenses": 1160915000, "costAndExpenses": 1221902000, "interestIncome": 0, "interestExpense": 72863000, "depreciationAndAmortization": 63257000, "ebitda": -611087000, "ebitdaratio": -1.0528449471, "operatingIncome": -692412000, "operatingIncomeRatio": -1.1929602095, "totalOtherIncomeExpensesNet": -20525000, "incomeBeforeTax": -734875000, "incomeBeforeTaxRatio": -1.2661199314, "incomeTaxExpense": 6958000, "netIncome": -738555000, "netIncomeRatio": -1.2724602224, "eps": -3.14, "epsdiluted": -3.14, "weightedAverageShsOut": 234918152, "weightedAverageShsOutDil": 235307000, "link": "https://www.sec.gov/Archives/edgar/data/875320/000087532015000012/0000875320-15-000012-index.htm", "finalLink": "https://www.sec.gov/Archives/edgar/data/875320/000087532015000012/a201410k-main.htm", "calculatedOtherExpenses": 50925000, "calculatedOperatingExpenses": 1211840000, "calculatedNetInterest": -72863000, "calculatedOtherIncome": 30400000, "calculatedIncomeNonControlling": -3278000, "calculatedEbitda": -629155000}, {"date": "2013-12-31", "symbol": "VRTX", "reportedCurrency": "USD", "cik": "0000875320", "fillingDate": "2014-02-11", "acceptedDate": "2014-02-11 16:38:29", "calendarYear": "2013", "period": "FY", "revenue": 1211975000, "costOfRevenue": 130277000, "grossProfit": 1081698000, "grossProfitRatio": 0.8925085088, "researchAndDevelopmentExpenses": 918783000, "generalAndAdministrativeExpenses": 0, "sellingAndMarketingExpenses": 0, "sellingGeneralAndAdministrativeExpenses": 362342000, "otherExpenses": -72669000, "operatingExpenses": 1281125000, "costAndExpenses": 1411402000, "interestIncome": 0, "interestExpense": 22730000, "depreciationAndAmortization": 48365000, "ebitda": 504594000, "ebitdaratio": 0.416340271, "operatingIncome": -903448000, "operatingIncomeRatio": -0.745434518, "totalOtherIncomeExpensesNet": -776690000, "incomeBeforeTax": -976117000, "incomeBeforeTaxRatio": -0.8053936756, "incomeTaxExpense": -288567000, "netIncome": -445028000, "netIncomeRatio": -0.3671923926, "eps": -1.98, "epsdiluted": -1.98, "weightedAverageShsOut": 224831249, "weightedAverageShsOutDil": 224906000, "link": "https://www.sec.gov/Archives/edgar/data/875320/000087532014000015/0000875320-14-000015-index.htm", "finalLink": "https://www.sec.gov/Archives/edgar/data/875320/000087532014000015/a201310k.htm", "calculatedOtherExpenses": 704021000, "calculatedOperatingExpenses": 1985146000, "calculatedNetInterest": -22730000, "calculatedOtherIncome": -49939000, "calculatedIncomeNonControlling": -242522000, "calculatedEbitda": -855083000}, {"date": "2012-12-31", "symbol": "VRTX", "reportedCurrency": "USD", "cik": "0000875320", "fillingDate": "2013-03-01", "acceptedDate": "2013-03-01 16:01:47", "calendarYear": "2012", "period": "FY", "revenue": 1527042000, "costOfRevenue": 279885000, "grossProfit": 1247157000, "grossProfitRatio": 0.816714275, "researchAndDevelopmentExpenses": 806185000, "generalAndAdministrativeExpenses": 0, "sellingAndMarketingExpenses": 0, "sellingGeneralAndAdministrativeExpenses": 436796000, "otherExpenses": 44987000, "operatingExpenses": 1242981000, "costAndExpenses": 1522866000, "interestIncome": 1940000, "interestExpense": 14713000, "depreciationAndAmortization": 38191000, "ebitda": 4176000, "ebitdaratio": 0.0027346988, "operatingIncome": 2332000, "operatingIncomeRatio": 0.0015271355, "totalOtherIncomeExpensesNet": -1844000, "incomeBeforeTax": -12381000, "incomeBeforeTaxRatio": -0.008107832, "incomeTaxExpense": 38754000, "netIncome": -107032000, "netIncomeRatio": -0.0700910649, "eps": -0.5, "epsdiluted": -0.5, "weightedAverageShsOut": 211946000, "weightedAverageShsOutDil": 211946000, "link": "https://www.sec.gov/Archives/edgar/data/875320/000087532013000009/0000875320-13-000009-index.htm", "finalLink": "https://www.sec.gov/Archives/edgar/data/875320/000087532013000009/vrtx10k_12312012.htm", "calculatedOtherExpenses": 1844000, "calculatedOperatingExpenses": 1244825000, "calculatedNetInterest": -12773000, "calculatedOtherIncome": -1940000, "calculatedIncomeNonControlling": 55897000, "calculatedEbitda": 40523000}, {"date": "2011-12-31", "symbol": "VRTX", "reportedCurrency": "USD", "cik": "0000875320", "fillingDate": "2012-02-22", "acceptedDate": "2012-02-22 17:08:51", "calendarYear": "2011", "period": "FY", "revenue": 1410626000, "costOfRevenue": 80505000, "grossProfit": 1330121000, "grossProfitRatio": 0.942929593, "researchAndDevelopmentExpenses": 707706000, "generalAndAdministrativeExpenses": 0, "sellingAndMarketingExpenses": 0, "sellingGeneralAndAdministrativeExpenses": 400721000, "otherExpenses": 124754000, "operatingExpenses": 1108427000, "costAndExpenses": 1188932000, "interestIncome": 1878000, "interestExpense": 36574000, "depreciationAndAmortization": 35041000, "ebitda": 221694000, "ebitdaratio": 0.1571600126, "operatingIncome": 113820000, "operatingIncomeRatio": 0.0806875813, "totalOtherIncomeExpensesNet": -124675000, "incomeBeforeTax": 60445000, "incomeBeforeTaxRatio": 0.0428497702, "incomeTaxExpense": 19266000, "netIncome": 29574000, "netIncomeRatio": 0.0209651601, "eps": 0.14, "epsdiluted": 0.14, "weightedAverageShsOut": 204891000, "weightedAverageShsOutDil": 208807000, "link": "https://www.sec.gov/Archives/edgar/data/875320/000104746912001298/0001047469-12-001298-index.htm", "finalLink": "https://www.sec.gov/Archives/edgar/data/875320/000104746912001298/a2206536z10-k.htm", "calculatedOtherExpenses": 107874000, "calculatedOperatingExpenses": 1216301000, "calculatedNetInterest": -34696000, "calculatedOtherIncome": -18679000, "calculatedIncomeNonControlling": 11605000, "calculatedEbitda": 148861000}, {"date": "2010-12-31", "symbol": "VRTX", "reportedCurrency": "USD", "cik": "0000875320", "fillingDate": "2011-02-17", "acceptedDate": "2011-02-17 16:37:47", "calendarYear": "2010", "period": "FY", "revenue": 143370000, "costOfRevenue": 12730000, "grossProfit": 130640000, "grossProfitRatio": 0.9112087605, "researchAndDevelopmentExpenses": 637416000, "generalAndAdministrativeExpenses": 0, "sellingAndMarketingExpenses": 0, "sellingGeneralAndAdministrativeExpenses": 187800000, "otherExpenses": 0, "operatingExpenses": 825216000, "costAndExpenses": 837946000, "interestIncome": 1955000, "interestExpense": 19275000, "depreciationAndAmortization": 30459000, "ebitda": -662162000, "ebitdaratio": -4.6185533933, "operatingIncome": -696077000, "operatingIncomeRatio": -4.8551091581, "totalOtherIncomeExpensesNet": -42730000, "incomeBeforeTax": -754626000, "incomeBeforeTaxRatio": -5.263486085, "incomeTaxExpense": 19275000, "netIncome": -754626000, "netIncomeRatio": -5.263486085, "eps": -3.77, "epsdiluted": -3.77, "weightedAverageShsOut": 200402000, "weightedAverageShsOutDil": 200402000, "link": "https://www.sec.gov/Archives/edgar/data/875320/000104746911001025/0001047469-11-001025-index.htm", "finalLink": "https://www.sec.gov/Archives/edgar/data/875320/000104746911001025/a2201820z10-k.htm", "calculatedOtherExpenses": 1501000, "calculatedOperatingExpenses": 826717000, "calculatedNetInterest": -17320000, "calculatedOtherIncome": -41229000, "calculatedIncomeNonControlling": -19275000, "calculatedEbitda": -665618000}, {"date": "2009-12-31", "symbol": "VRTX", "reportedCurrency": "USD", "cik": "0000875320", "fillingDate": "2010-02-19", "acceptedDate": "2010-02-19 17:27:39", "calendarYear": "2009", "period": "FY", "revenue": 102049000, "costOfRevenue": 14202000, "grossProfit": 87847000, "grossProfitRatio": 0.8608315613, "researchAndDevelopmentExpenses": 550685000, "generalAndAdministrativeExpenses": 0, "sellingAndMarketingExpenses": 0, "sellingGeneralAndAdministrativeExpenses": 129297000, "otherExpenses": 0, "operatingExpenses": 679982000, "costAndExpenses": 694184000, "interestIncome": 5010000, "interestExpense": 13192000, "depreciationAndAmortization": 30107000, "ebitda": -542692000, "ebitdaratio": -5.3179551, "operatingIncome": -613412000, "operatingIncomeRatio": -6.0109555214, "totalOtherIncomeExpensesNet": -49443000, "incomeBeforeTax": -642178000, "incomeBeforeTaxRatio": -6.2928397143, "incomeTaxExpense": 19336000, "netIncome": -641578000, "netIncomeRatio": -6.2869601858, "eps": -3.7, "epsdiluted": -3.7, "weightedAverageShsOut": 173259000, "weightedAverageShsOutDil": 173259000, "link": "https://www.sec.gov/Archives/edgar/data/875320/000104746910001033/0001047469-10-001033-index.htm", "finalLink": "https://www.sec.gov/Archives/edgar/data/875320/000104746910001033/a2196377z10-k.htm", "calculatedOtherExpenses": 21277000, "calculatedOperatingExpenses": 701259000, "calculatedNetInterest": -8182000, "calculatedOtherIncome": -20584000, "calculatedIncomeNonControlling": -19936000, "calculatedEbitda": -583305000}, {"date": "2008-12-31", "symbol": "VRTX", "reportedCurrency": "USD", "cik": "0000875320", "fillingDate": "2009-02-17", "acceptedDate": "2009-02-13 17:58:57", "calendarYear": "2008", "period": "FY", "revenue": 175504000, "costOfRevenue": 15686000, "grossProfit": 159818000, "grossProfitRatio": 0.9106231197, "researchAndDevelopmentExpenses": 516292000, "generalAndAdministrativeExpenses": 0, "sellingAndMarketingExpenses": 0, "sellingGeneralAndAdministrativeExpenses": 101910000, "otherExpenses": 0, "operatingExpenses": 618202000, "costAndExpenses": 633888000, "interestIncome": 16328000, "interestExpense": 13471000, "depreciationAndAmortization": 32196000, "ebitda": -456917000, "ebitdaratio": -2.6034563315, "operatingIncome": -462708000, "operatingIncomeRatio": -2.6364527304, "totalOtherIncomeExpensesNet": -1467000, "incomeBeforeTax": -464175000, "incomeBeforeTaxRatio": -2.6448115143, "incomeTaxExpense": -30729000, "netIncome": -459851000, "netIncomeRatio": -2.6201738992, "eps": -3.27, "epsdiluted": -3.27, "weightedAverageShsOut": 140556000, "weightedAverageShsOutDil": 140556000, "link": "https://www.sec.gov/Archives/edgar/data/875320/000104746909001305/0001047469-09-001305-index.htm", "finalLink": "https://www.sec.gov/Archives/edgar/data/875320/000104746909001305/a2190245z10-k.htm", "calculatedOtherExpenses": 4324000, "calculatedOperatingExpenses": 622526000, "calculatedNetInterest": 2857000, "calculatedOtherIncome": -4324000, "calculatedIncomeNonControlling": 26405000, "calculatedEbitda": -430512000}, {"date": "2007-12-31", "symbol": "VRTX", "reportedCurrency": "USD", "cik": "0000875320", "fillingDate": "2008-02-11", "acceptedDate": "2008-02-11 16:26:52", "calendarYear": "2007", "period": "FY", "revenue": 199012000, "costOfRevenue": 13904000, "grossProfit": 185108000, "grossProfitRatio": 0.9301348662, "researchAndDevelopmentExpenses": 513054000, "generalAndAdministrativeExpenses": 0, "sellingAndMarketingExpenses": 0, "sellingGeneralAndAdministrativeExpenses": 84727000, "otherExpenses": 0, "operatingExpenses": 597781000, "costAndExpenses": 611685000, "interestIncome": 0, "interestExpense": 0, "depreciationAndAmortization": 27459000, "ebitda": -378095000, "ebitdaratio": -1.8998603099, "operatingIncome": -419792000, "operatingIncomeRatio": -2.1093803389, "totalOtherIncomeExpensesNet": -7119000, "incomeBeforeTax": -426911000, "incomeBeforeTaxRatio": -2.1451520511, "incomeTaxExpense": -21394000, "netIncome": -391279000, "netIncomeRatio": -1.9661075714, "eps": -3.03, "epsdiluted": -3.03, "weightedAverageShsOut": 128986000, "weightedAverageShsOutDil": 128986000, "link": "https://www.sec.gov/Archives/edgar/data/875320/000104746908001101/0001047469-08-001101-index.htm", "finalLink": "https://www.sec.gov/Archives/edgar/data/875320/000104746908001101/a2182258z10-k.htm", "calculatedOtherExpenses": 7119000, "calculatedOperatingExpenses": 604900000, "calculatedNetInterest": 0, "calculatedOtherIncome": -7119000, "calculatedIncomeNonControlling": -14238000, "calculatedEbitda": -392333000}, {"date": "2006-12-31", "symbol": "VRTX", "reportedCurrency": "USD", "cik": "0000875320", "fillingDate": "2007-03-01", "acceptedDate": "2007-03-01 16:20:58", "calendarYear": "2006", "period": "FY", "revenue": 216356000, "costOfRevenue": 12170000, "grossProfit": 204186000, "grossProfitRatio": 0.9437501156, "researchAndDevelopmentExpenses": 371713000, "generalAndAdministrativeExpenses": 0, "sellingAndMarketingExpenses": 0, "sellingGeneralAndAdministrativeExpenses": 57860000, "otherExpenses": 0, "operatingExpenses": 429573000, "costAndExpenses": 441743000, "interestIncome": 23024000, "interestExpense": -7955000, "depreciationAndAmortization": 25868000, "ebitda": -201900000, "ebitdaratio": -0.9331841964, "operatingIncome": -229038000, "operatingIncomeRatio": -1.0586163545, "totalOtherIncomeExpensesNet": 2381000, "incomeBeforeTax": -206891000, "incomeBeforeTaxRatio": -0.9562526577, "incomeTaxExpense": -18496000, "netIncome": -206891000, "netIncomeRatio": -0.9562526577, "eps": -1.83, "epsdiluted": -1.83, "weightedAverageShsOut": 113221000, "weightedAverageShsOutDil": 113221000, "link": "https://www.sec.gov/Archives/edgar/data/875320/000110465907015545/0001104659-07-015545-index.htm", "finalLink": "https://www.sec.gov/Archives/edgar/data/875320/000110465907015545/a07-3650_110k.htm", "calculatedOtherExpenses": 3651000, "calculatedOperatingExpenses": 433224000, "calculatedNetInterest": 30979000, "calculatedOtherIncome": -8832000, "calculatedIncomeNonControlling": 18496000, "calculatedEbitda": -203170000}, {"date": "2005-12-31", "symbol": "VRTX", "reportedCurrency": "USD", "cik": "0000875320", "fillingDate": "2006-03-16", "acceptedDate": "2006-03-16 16:51:23", "calendarYear": "2005", "period": "FY", "revenue": 160890000, "costOfRevenue": 10098000, "grossProfit": 150792000, "grossProfitRatio": 0.9372366213, "researchAndDevelopmentExpenses": 248540000, "generalAndAdministrativeExpenses": 0, "sellingAndMarketingExpenses": 0, "sellingGeneralAndAdministrativeExpenses": 43990000, "otherExpenses": 0, "operatingExpenses": 292530000, "costAndExpenses": 302628000, "interestIncome": 0, "interestExpense": 0, "depreciationAndAmortization": 27289000, "ebitda": -90931000, "ebitdaratio": -0.5651749643, "operatingIncome": -149872000, "operatingIncomeRatio": -0.9315184287, "totalOtherIncomeExpensesNet": -23518000, "incomeBeforeTax": -173390000, "incomeBeforeTaxRatio": -1.0776928336, "incomeTaxExpense": 61679000, "netIncome": -203417000, "netIncomeRatio": -1.2643234508, "eps": -2.28, "epsdiluted": -2.28, "weightedAverageShsOut": 89241000, "weightedAverageShsOutDil": 89241000, "link": "https://www.sec.gov/Archives/edgar/data/875320/000104746906003585/0001047469-06-003585-index.htm", "finalLink": "https://www.sec.gov/Archives/edgar/data/875320/000104746906003585/a2167642z10-k.htm", "calculatedOtherExpenses": 8134000, "calculatedOperatingExpenses": 300664000, "calculatedNetInterest": 0, "calculatedOtherIncome": -23518000, "calculatedIncomeNonControlling": -31652000, "calculatedEbitda": -122583000}, {"date": "2004-12-31", "symbol": "VRTX", "reportedCurrency": "USD", "cik": "0000875320", "fillingDate": "2005-03-16", "acceptedDate": "2005-03-16 14:42:31", "calendarYear": "2004", "period": "FY", "revenue": 102717000, "costOfRevenue": 5649000, "grossProfit": 97068000, "grossProfitRatio": 0.9450042349, "researchAndDevelopmentExpenses": 192162000, "generalAndAdministrativeExpenses": 0, "sellingAndMarketingExpenses": 0, "sellingGeneralAndAdministrativeExpenses": 42139000, "otherExpenses": 0, "operatingExpenses": 234301000, "costAndExpenses": 239950000, "interestIncome": 0, "interestExpense": 0, "depreciationAndAmortization": 29640000, "ebitda": -103895000, "ebitdaratio": -1.0114684035, "operatingIncome": -154807000, "operatingIncomeRatio": -1.5071215086, "totalOtherIncomeExpensesNet": -3698000, "incomeBeforeTax": -158505000, "incomeBeforeTaxRatio": -1.5431233389, "incomeTaxExpense": 29014000, "netIncome": -166247000, "netIncomeRatio": -1.6184954779, "eps": -2.12, "epsdiluted": -2.12, "weightedAverageShsOut": 78571000, "weightedAverageShsOutDil": 78571000, "link": "https://www.sec.gov/Archives/edgar/data/875320/000104746905006705/0001047469-05-006705-index.htm", "finalLink": "https://www.sec.gov/Archives/edgar/data/875320/000104746905006705/a2152583z10-k.htm", "calculatedOtherExpenses": 17574000, "calculatedOperatingExpenses": 251875000, "calculatedNetInterest": 0, "calculatedOtherIncome": -3698000, "calculatedIncomeNonControlling": -21272000, "calculatedEbitda": -125167000}, {"date": "2003-12-31", "symbol": "VRTX", "reportedCurrency": "USD", "cik": "0000875320", "fillingDate": "2004-03-15", "acceptedDate": "2004-03-15 16:14:56", "calendarYear": "2003", "period": "FY", "revenue": 69141000, "costOfRevenue": 3126000, "grossProfit": 66015000, "grossProfitRatio": 0.9547880418, "researchAndDevelopmentExpenses": 199636000, "generalAndAdministrativeExpenses": 0, "sellingAndMarketingExpenses": 0, "sellingGeneralAndAdministrativeExpenses": 39082000, "otherExpenses": 0, "operatingExpenses": 238718000, "costAndExpenses": 241844000, "interestIncome": 0, "interestExpense": 0, "depreciationAndAmortization": 23438000, "ebitda": -66443000, "ebitdaratio": -0.9609782907, "operatingIncome": -264527000, "operatingIncomeRatio": -3.825906481, "totalOtherIncomeExpensesNet": -82822000, "incomeBeforeTax": -347349000, "incomeBeforeTaxRatio": -5.0237774982, "incomeTaxExpense": 24064000, "netIncome": -196767000, "netIncomeRatio": -2.8458801579, "eps": -2.56, "epsdiluted": -2.56, "weightedAverageShsOut": 77004000, "weightedAverageShsOutDil": 77004000, "link": "https://www.sec.gov/Archives/edgar/data/875320/000104746904007993/0001047469-04-007993-index.htm", "finalLink": "https://www.sec.gov/Archives/edgar/data/875320/000104746904007993/a2129731z10-k.htm", "calculatedOtherExpenses": 91824000, "calculatedOperatingExpenses": 330542000, "calculatedNetInterest": 0, "calculatedOtherIncome": -82822000, "calculatedIncomeNonControlling": -174646000, "calculatedEbitda": -241089000}, {"date": "2002-12-31", "symbol": "VRTX", "reportedCurrency": "USD", "cik": "0000875320", "fillingDate": "2003-03-31", "acceptedDate": "2003-03-31 15:42:42", "calendarYear": "2002", "period": "FY", "revenue": 161085000, "costOfRevenue": 28281000, "grossProfit": 132804000, "grossProfitRatio": 0.8244343049, "researchAndDevelopmentExpenses": 203018000, "generalAndAdministrativeExpenses": 0, "sellingAndMarketingExpenses": 0, "sellingGeneralAndAdministrativeExpenses": 49390000, "otherExpenses": 0, "operatingExpenses": 252408000, "costAndExpenses": 280689000, "interestIncome": 0, "interestExpense": 0, "depreciationAndAmortization": 25432000, "ebitda": -94117000, "ebitdaratio": -0.5842691747, "operatingIncome": -119604000, "operatingIncomeRatio": -0.7424899898, "totalOtherIncomeExpensesNet": -55000, "incomeBeforeTax": -119659000, "incomeBeforeTaxRatio": -0.7428314244, "incomeTaxExpense": -10983000, "netIncome": -108621000, "netIncomeRatio": -0.6743085948, "eps": -1.43, "epsdiluted": -1.43, "weightedAverageShsOut": 75749000, "weightedAverageShsOutDil": 75749000, "link": "https://www.sec.gov/Archives/edgar/data/875320/000104746903011252/0001047469-03-011252-index.htm", "finalLink": "https://www.sec.gov/Archives/edgar/data/875320/000104746903011252/a2105571z10-k.htm", "calculatedOtherExpenses": 0, "calculatedOperatingExpenses": 252408000, "calculatedNetInterest": 0, "calculatedOtherIncome": -55000, "calculatedIncomeNonControlling": -55000, "calculatedEbitda": -94172000}, {"date": "2001-12-31", "symbol": "VRTX", "reportedCurrency": "USD", "cik": "0000875320", "fillingDate": "2002-04-01", "acceptedDate": "2002-04-01 00:00:00", "calendarYear": "2001", "period": "FY", "revenue": 167490000, "costOfRevenue": 39629000, "grossProfit": 127861000, "grossProfitRatio": 0.7633948295, "researchAndDevelopmentExpenses": 148673000, "generalAndAdministrativeExpenses": 0, "sellingAndMarketingExpenses": 0, "sellingGeneralAndAdministrativeExpenses": 47337000, "otherExpenses": 0, "operatingExpenses": 196010000, "costAndExpenses": 235639000, "interestIncome": 0, "interestExpense": 0, "depreciationAndAmortization": 17964000, "ebitda": -24098000, "ebitdaratio": -0.1438772464, "operatingIncome": -91803000, "operatingIncomeRatio": -0.5481103349, "totalOtherIncomeExpensesNet": -26087000, "incomeBeforeTax": -117890000, "incomeBeforeTaxRatio": -0.7038629172, "incomeTaxExpense": -1916000, "netIncome": -66233000, "netIncomeRatio": -0.3954445041, "eps": -0.89, "epsdiluted": -0.89, "weightedAverageShsOut": 74464000, "weightedAverageShsOutDil": 74464000, "link": "https://www.sec.gov/Archives/edgar/data/875320/000091205702012962/0000912057-02-012962-index.htm", "finalLink": "https://www.sec.gov/Archives/edgar/data/875320/000091205702012962/a2074399z10-k.txt", "calculatedOtherExpenses": 23654000, "calculatedOperatingExpenses": 219664000, "calculatedNetInterest": 0, "calculatedOtherIncome": -26087000, "calculatedIncomeNonControlling": -49741000, "calculatedEbitda": -73839000}, {"date": "2000-12-31", "symbol": "VRTX", "reportedCurrency": "USD", "cik": "0000875320", "fillingDate": "2001-03-26", "acceptedDate": "2001-03-26 00:00:00", "calendarYear": "2000", "period": "FY", "revenue": 78127000, "costOfRevenue": 4082000, "grossProfit": 74045000, "grossProfitRatio": 0.9477517376, "researchAndDevelopmentExpenses": 84921000, "generalAndAdministrativeExpenses": 0, "sellingAndMarketingExpenses": 0, "sellingGeneralAndAdministrativeExpenses": 27806000, "otherExpenses": 0, "operatingExpenses": 112727000, "costAndExpenses": 116809000, "interestIncome": 0, "interestExpense": 0, "depreciationAndAmortization": 9095000, "ebitda": -14662000, "ebitdaratio": -0.1876687957, "operatingIncome": -38682000, "operatingIncomeRatio": -0.495116925, "totalOtherIncomeExpensesNet": -14925000, "incomeBeforeTax": -53607000, "incomeBeforeTaxRatio": -0.6861520345, "incomeTaxExpense": 976000, "netIncome": -39658000, "netIncomeRatio": -0.5076094052, "eps": -0.59, "epsdiluted": -0.59, "weightedAverageShsOut": 67682000, "weightedAverageShsOutDil": 67682000, "link": "https://www.sec.gov/Archives/edgar/data/875320/000091205701008116/0000912057-01-008116-index.htm", "finalLink": "https://www.sec.gov/Archives/edgar/data/875320/000091205701008116/a2042395z10-k.txt", "calculatedOtherExpenses": 0, "calculatedOperatingExpenses": 112727000, "calculatedNetInterest": 0, "calculatedOtherIncome": -14925000, "calculatedIncomeNonControlling": -14925000, "calculatedEbitda": -29587000}, {"date": "1999-12-31", "symbol": "VRTX", "reportedCurrency": "USD", "cik": "0000875320", "fillingDate": "2000-03-03", "acceptedDate": "2000-03-03 00:00:00", "calendarYear": "1999", "period": "FY", "revenue": 61600000, "costOfRevenue": -3400000, "grossProfit": 65000000, "grossProfitRatio": 1.0551948052, "researchAndDevelopmentExpenses": 72200000, "generalAndAdministrativeExpenses": 0, "sellingAndMarketingExpenses": 0, "sellingGeneralAndAdministrativeExpenses": 26100000, "otherExpenses": 6300000, "operatingExpenses": 104600000, "costAndExpenses": 101200000, "interestIncome": 0, "interestExpense": 0, "depreciationAndAmortization": 6300000, "ebitda": -32600000, "ebitdaratio": -0.5292207792, "operatingIncome": -39600000, "operatingIncomeRatio": -0.6428571429, "totalOtherIncomeExpensesNet": -700000, "incomeBeforeTax": -40300000, "incomeBeforeTaxRatio": -0.6542207792, "incomeTaxExpense": 1400000, "netIncome": -41000000, "netIncomeRatio": -0.6655844156, "eps": -0.8, "epsdiluted": -0.8, "weightedAverageShsOut": 51036000, "weightedAverageShsOutDil": 51036000, "link": "https://www.sec.gov/Archives/edgar/data/875320/000091205700009765/0000912057-00-009765-index.html", "finalLink": "https://www.sec.gov/Archives/edgar/data/875320/000091205700009765/", "calculatedOtherExpenses": 6300000, "calculatedOperatingExpenses": 104600000, "calculatedNetInterest": 0, "calculatedOtherIncome": -700000, "calculatedIncomeNonControlling": -700000, "calculatedEbitda": -33300000}, {"date": "1998-12-31", "symbol": "VRTX", "reportedCurrency": "USD", "cik": "0000875320", "fillingDate": "1999-03-30", "acceptedDate": "1999-03-30 00:00:00", "calendarYear": "1998", "period": "FY", "revenue": 44400000, "costOfRevenue": -4500000, "grossProfit": 48900000, "grossProfitRatio": 1.1013513514, "researchAndDevelopmentExpenses": 58700000, "generalAndAdministrativeExpenses": 0, "sellingAndMarketingExpenses": 0, "sellingGeneralAndAdministrativeExpenses": 18100000, "otherExpenses": 4500000, "operatingExpenses": 81300000, "costAndExpenses": 76800000, "interestIncome": 0, "interestExpense": 0, "depreciationAndAmortization": 4500000, "ebitda": -27900000, "ebitdaratio": -0.6283783784, "operatingIncome": -32400000, "operatingIncomeRatio": -0.7297297297, "totalOtherIncomeExpensesNet": 0, "incomeBeforeTax": 0, "incomeBeforeTaxRatio": 0, "incomeTaxExpense": 700000, "netIncome": -33100000, "netIncomeRatio": -0.7454954955, "eps": -0.65, "epsdiluted": -0.65, "weightedAverageShsOut": 50598000, "weightedAverageShsOutDil": 50598000, "link": "https://www.sec.gov/Archives/edgar/data/875320/000104746999012425/0001047469-99-012425-index.html", "finalLink": "https://www.sec.gov/Archives/edgar/data/875320/", "calculatedOtherExpenses": 4500000, "calculatedOperatingExpenses": 81300000, "calculatedNetInterest": 0, "calculatedOtherIncome": 32400000, "calculatedIncomeNonControlling": 32400000, "calculatedEbitda": -27900000}, {"date": "1997-12-31", "symbol": "VRTX", "reportedCurrency": "USD", "cik": "0000875320", "fillingDate": "1998-03-26", "acceptedDate": "1998-03-26 00:00:00", "calendarYear": "1997", "period": "FY", "revenue": 43800000, "costOfRevenue": -3600000, "grossProfit": 47400000, "grossProfitRatio": 1.0821917808, "researchAndDevelopmentExpenses": 51600000, "generalAndAdministrativeExpenses": 0, "sellingAndMarketingExpenses": 0, "sellingGeneralAndAdministrativeExpenses": 11400000, "otherExpenses": 3600000, "operatingExpenses": 66600000, "costAndExpenses": 63000000, "interestIncome": 0, "interestExpense": 0, "depreciationAndAmortization": 3600000, "ebitda": -15600000, "ebitdaratio": -0.3561643836, "operatingIncome": -19200000, "operatingIncomeRatio": -0.4383561644, "totalOtherIncomeExpensesNet": 0, "incomeBeforeTax": 0, "incomeBeforeTaxRatio": 0, "incomeTaxExpense": 600000, "netIncome": -19800000, "netIncomeRatio": -0.4520547945, "eps": -0.41, "epsdiluted": -0.41, "weightedAverageShsOut": 48528000, "weightedAverageShsOutDil": 48528000, "link": "https://www.sec.gov/Archives/edgar/data/875320/000104746998011760/0001047469-98-011760-index.html", "finalLink": "https://www.sec.gov/Archives/edgar/data/875320/", "calculatedOtherExpenses": 3600000, "calculatedOperatingExpenses": 66600000, "calculatedNetInterest": 0, "calculatedOtherIncome": 19200000, "calculatedIncomeNonControlling": 19200000, "calculatedEbitda": -15600000}, {"date": "1996-12-31", "symbol": "VRTX", "reportedCurrency": "USD", "cik": "0000875320", "fillingDate": "1997-03-28", "acceptedDate": "1997-03-28 00:00:00", "calendarYear": "1996", "period": "FY", "revenue": 13300000, "costOfRevenue": -3200000, "grossProfit": 16500000, "grossProfitRatio": 1.2406015038, "researchAndDevelopmentExpenses": 35200000, "generalAndAdministrativeExpenses": 0, "sellingAndMarketingExpenses": 0, "sellingGeneralAndAdministrativeExpenses": 7900000, "otherExpenses": 3200000, "operatingExpenses": 46300000, "costAndExpenses": 43100000, "interestIncome": 0, "interestExpense": 0, "depreciationAndAmortization": 3200000, "ebitda": -16900000, "ebitdaratio": -1.2706766917, "operatingIncome": -29800000, "operatingIncomeRatio": -2.2406015038, "totalOtherIncomeExpensesNet": -9700000, "incomeBeforeTax": -39500000, "incomeBeforeTaxRatio": -2.969924812, "incomeTaxExpense": 10200000, "netIncome": -40000000, "netIncomeRatio": -3.007518797, "eps": -1.07, "epsdiluted": -1.07, "weightedAverageShsOut": 37383178, "weightedAverageShsOutDil": 37383178, "link": "https://www.sec.gov/Archives/edgar/data/875320/000095013597001385/0000950135-97-001385-index.html", "finalLink": "https://www.sec.gov/Archives/edgar/data/875320/", "calculatedOtherExpenses": 3200000, "calculatedOperatingExpenses": 46300000, "calculatedNetInterest": 0, "calculatedOtherIncome": -9700000, "calculatedIncomeNonControlling": -9700000, "calculatedEbitda": -26600000}, {"date": "1995-12-31", "symbol": "VRTX", "reportedCurrency": "USD", "cik": "0000875320", "fillingDate": "1995-12-31", "acceptedDate": "1995-12-30 19:00:00", "calendarYear": "1995", "period": "FY", "revenue": 22100000, "costOfRevenue": -3700000, "grossProfit": 25800000, "grossProfitRatio": 1.1674208145, "researchAndDevelopmentExpenses": 41500000, "generalAndAdministrativeExpenses": 0, "sellingAndMarketingExpenses": 0, "sellingGeneralAndAdministrativeExpenses": 7100000, "otherExpenses": 3700000, "operatingExpenses": 52300000, "costAndExpenses": 48600000, "interestIncome": 0, "interestExpense": 0, "depreciationAndAmortization": 3700000, "ebitda": -28300000, "ebitdaratio": -1.2805429864, "operatingIncome": -26500000, "operatingIncomeRatio": -1.1990950226, "totalOtherIncomeExpensesNet": 5500000, "incomeBeforeTax": -21000000, "incomeBeforeTaxRatio": -0.9502262443, "incomeTaxExpense": -5000000, "netIncome": -21500000, "netIncomeRatio": -0.9728506787, "eps": -0.63, "epsdiluted": -0.63, "weightedAverageShsOut": 34126984, "weightedAverageShsOutDil": 34126984, "link": "", "finalLink": "", "calculatedOtherExpenses": 3700000, "calculatedOperatingExpenses": 52300000, "calculatedNetInterest": 0, "calculatedOtherIncome": 5500000, "calculatedIncomeNonControlling": 5500000, "calculatedEbitda": -22800000}, {"date": "1994-12-31", "symbol": "VRTX", "reportedCurrency": "USD", "cik": "0000875320", "fillingDate": "1994-12-31", "acceptedDate": "1994-12-30 19:00:00", "calendarYear": "1994", "period": "FY", "revenue": 19600000, "costOfRevenue": -3500000, "grossProfit": 23100000, "grossProfitRatio": 1.1785714286, "researchAndDevelopmentExpenses": 0, "generalAndAdministrativeExpenses": 0, "sellingAndMarketingExpenses": 0, "sellingGeneralAndAdministrativeExpenses": 40300000, "otherExpenses": 3500000, "operatingExpenses": 43800000, "costAndExpenses": 40300000, "interestIncome": 0, "interestExpense": 0, "depreciationAndAmortization": 3500000, "ebitda": -20800000, "ebitdaratio": -1.0612244898, "operatingIncome": -20700000, "operatingIncomeRatio": -1.056122449, "totalOtherIncomeExpensesNet": 3600000, "incomeBeforeTax": -17100000, "incomeBeforeTaxRatio": -0.8724489796, "incomeTaxExpense": -3100000, "netIncome": -17600000, "netIncomeRatio": -0.8979591837, "eps": -0.56, "epsdiluted": -0.56, "weightedAverageShsOut": 31428571, "weightedAverageShsOutDil": 31428571, "link": "", "finalLink": "", "calculatedOtherExpenses": 3500000, "calculatedOperatingExpenses": 43800000, "calculatedNetInterest": 0, "calculatedOtherIncome": 3600000, "calculatedIncomeNonControlling": 3600000, "calculatedEbitda": -17200000}, {"date": "1993-12-31", "symbol": "VRTX", "reportedCurrency": "USD", "cik": "0000875320", "fillingDate": "1993-12-31", "acceptedDate": "1993-12-30 19:00:00", "calendarYear": "1993", "period": "FY", "revenue": 27900000, "costOfRevenue": -3900000, "grossProfit": 31800000, "grossProfitRatio": 1.1397849462, "researchAndDevelopmentExpenses": 0, "generalAndAdministrativeExpenses": 0, "sellingAndMarketingExpenses": 0, "sellingGeneralAndAdministrativeExpenses": 26700000, "otherExpenses": 3900000, "operatingExpenses": 30600000, "costAndExpenses": 26700000, "interestIncome": 0, "interestExpense": 0, "depreciationAndAmortization": 3900000, "ebitda": 3700000, "ebitdaratio": 0.1326164875, "operatingIncome": 1200000, "operatingIncomeRatio": 0.0430107527, "totalOtherIncomeExpensesNet": 1400000, "incomeBeforeTax": 2100000, "incomeBeforeTaxRatio": 0.0752688172, "incomeTaxExpense": 100000, "netIncome": 2000000, "netIncomeRatio": 0.0716845878, "eps": 0.08, "epsdiluted": 0.08, "weightedAverageShsOut": 25000000, "weightedAverageShsOutDil": 25000000, "link": "", "finalLink": "", "calculatedOtherExpenses": 3900000, "calculatedOperatingExpenses": 30600000, "calculatedNetInterest": 0, "calculatedOtherIncome": 900000, "calculatedIncomeNonControlling": 0, "calculatedEbitda": 5100000}, {"date": "1992-12-31", "symbol": "VRTX", "reportedCurrency": "USD", "cik": "0000875320", "fillingDate": "1992-12-31", "acceptedDate": "1992-12-30 19:00:00", "calendarYear": "1992", "period": "FY", "revenue": 3800000, "costOfRevenue": -2800000, "grossProfit": 6600000, "grossProfitRatio": 1.7368421053, "researchAndDevelopmentExpenses": 0, "generalAndAdministrativeExpenses": 0, "sellingAndMarketingExpenses": 0, "sellingGeneralAndAdministrativeExpenses": 13800000, "otherExpenses": 2800000, "operatingExpenses": 16600000, "costAndExpenses": 13800000, "interestIncome": 0, "interestExpense": 0, "depreciationAndAmortization": 2800000, "ebitda": -9200000, "ebitdaratio": -2.4210526316, "operatingIncome": -10000000, "operatingIncomeRatio": -2.6315789474, "totalOtherIncomeExpensesNet": 2000000, "incomeBeforeTax": -8000000, "incomeBeforeTaxRatio": -2.1052631579, "incomeTaxExpense": -1500000, "netIncome": -8500000, "netIncomeRatio": -2.2368421053, "eps": -0.35, "epsdiluted": -0.35, "weightedAverageShsOut": 24285714, "weightedAverageShsOutDil": 24285714, "link": "", "finalLink": "", "calculatedOtherExpenses": 2800000, "calculatedOperatingExpenses": 16600000, "calculatedNetInterest": 0, "calculatedOtherIncome": 2000000, "calculatedIncomeNonControlling": 2000000, "calculatedEbitda": -7200000}, {"date": "1991-12-31", "symbol": "VRTX", "reportedCurrency": "USD", "cik": "0000875320", "fillingDate": "1991-12-31", "acceptedDate": "1991-12-30 19:00:00", "calendarYear": "1991", "period": "FY", "revenue": 3200000, "costOfRevenue": -1800000, "grossProfit": 5000000, "grossProfitRatio": 1.5625, "researchAndDevelopmentExpenses": 0, "generalAndAdministrativeExpenses": 0, "sellingAndMarketingExpenses": 0, "sellingGeneralAndAdministrativeExpenses": 8800000, "otherExpenses": 1800000, "operatingExpenses": 10600000, "costAndExpenses": 8800000, "interestIncome": 0, "interestExpense": 0, "depreciationAndAmortization": 1800000, "ebitda": -4600000, "ebitdaratio": -1.4375, "operatingIncome": -5600000, "operatingIncomeRatio": -1.75, "totalOtherIncomeExpensesNet": 800000, "incomeBeforeTax": -4800000, "incomeBeforeTaxRatio": -1.5, "incomeTaxExpense": -500000, "netIncome": -5100000, "netIncomeRatio": -1.59375, "eps": -0.35, "epsdiluted": -0.35, "weightedAverageShsOut": 14615385, "weightedAverageShsOutDil": 14615385, "link": "", "finalLink": "", "calculatedOtherExpenses": 1800000, "calculatedOperatingExpenses": 10600000, "calculatedNetInterest": 0, "calculatedOtherIncome": 800000, "calculatedIncomeNonControlling": 800000, "calculatedEbitda": -3800000}, {"date": "1990-12-31", "symbol": "VRTX", "reportedCurrency": "USD", "cik": "0000875320", "fillingDate": "1990-12-31", "acceptedDate": "1990-12-30 19:00:00", "calendarYear": "1990", "period": "FY", "revenue": 2300000, "costOfRevenue": 0, "grossProfit": 2300000, "grossProfitRatio": 1, "researchAndDevelopmentExpenses": 0, "generalAndAdministrativeExpenses": 0, "sellingAndMarketingExpenses": 0, "sellingGeneralAndAdministrativeExpenses": 6400000, "otherExpenses": 0, "operatingExpenses": 6400000, "costAndExpenses": 6400000, "interestIncome": 0, "interestExpense": 0, "depreciationAndAmortization": 0, "ebitda": -4100000, "ebitdaratio": -1.7826086957, "operatingIncome": -4100000, "operatingIncomeRatio": -1.7826086957, "totalOtherIncomeExpensesNet": 0, "incomeBeforeTax": 0, "incomeBeforeTaxRatio": 0, "incomeTaxExpense": 4300000, "netIncome": -4300000, "netIncomeRatio": -1.8695652174, "eps": -0.33, "epsdiluted": -0.33, "weightedAverageShsOut": 13030303, "weightedAverageShsOutDil": 13030303, "link": "", "finalLink": "", "calculatedOtherExpenses": 0, "calculatedOperatingExpenses": 6400000, "calculatedNetInterest": 0, "calculatedOtherIncome": 4100000, "calculatedIncomeNonControlling": 0, "calculatedEbitda": -4100000}]}