{"originalCurrency": "USD", "convertedCurrency": "USD", "report": [{"date": "2023-03-31", "symbol": "VSAT", "reportedCurrency": "USD", "cik": "0000797721", "fillingDate": "2023-05-22", "acceptedDate": "2023-05-22 16:15:09", "calendarYear": "2022", "period": "FY", "revenue": 2556158000, "costOfRevenue": 1834754000, "grossProfit": 721404000, "grossProfitRatio": 0.282221991, "researchAndDevelopmentExpenses": 128923000, "generalAndAdministrativeExpenses": 695826000, "sellingAndMarketingExpenses": 22800000, "sellingGeneralAndAdministrativeExpenses": 718626000, "otherExpenses": 29811000, "operatingExpenses": 877360000, "costAndExpenses": 2712114000, "interestIncome": 19512000, "interestExpense": -26809000, "depreciationAndAmortization": 29811000, "ebitda": -126145000, "ebitdaratio": -0.0493494534, "operatingIncome": -155956000, "operatingIncomeRatio": -0.061011878, "totalOtherIncomeExpensesNet": -6199000, "incomeBeforeTax": -162155000, "incomeBeforeTaxRatio": -0.0634370019, "incomeTaxExpense": 49418000, "netIncome": -211573000, "netIncomeRatio": -0.0827699227, "eps": -2.79, "epsdiluted": -2.79, "weightedAverageShsOut": 75915000, "weightedAverageShsOutDil": 75915000, "link": "https://www.sec.gov/Archives/edgar/data/797721/000095017023023444/0000950170-23-023444-index.htm", "finalLink": "https://www.sec.gov/Archives/edgar/data/797721/000095017023023444/vsat-20230331.htm", "calculatedOtherExpenses": 29811000, "calculatedOperatingExpenses": 877360000, "calculatedNetInterest": 46321000, "calculatedOtherIncome": -52520000, "calculatedIncomeNonControlling": 0, "calculatedEbitda": -126145000}, {"date": "2022-03-31", "symbol": "VSAT", "reportedCurrency": "USD", "cik": "0000797721", "fillingDate": "2022-05-31", "acceptedDate": "2022-05-27 21:49:57", "calendarYear": "2021", "period": "FY", "revenue": 2787635000, "costOfRevenue": 1940122000, "grossProfit": 847513000, "grossProfitRatio": 0.304025814, "researchAndDevelopmentExpenses": 153203000, "generalAndAdministrativeExpenses": 634151000, "sellingAndMarketingExpenses": 23100000, "sellingGeneralAndAdministrativeExpenses": 657251000, "otherExpenses": 28729000, "operatingExpenses": 839183000, "costAndExpenses": 2779305000, "interestIncome": 504000, "interestExpense": 28887000, "depreciationAndAmortization": 28729000, "ebitda": 41177000, "ebitdaratio": 0.0147713026, "operatingIncome": 12448000, "operatingIncomeRatio": 0.004465434, "totalOtherIncomeExpensesNet": -28887000, "incomeBeforeTax": -16439000, "incomeBeforeTaxRatio": -0.0058971135, "incomeTaxExpense": -14237000, "netIncome": -2202000, "netIncomeRatio": -0.0007899169, "eps": -0.03, "epsdiluted": -0.03, "weightedAverageShsOut": 73397000, "weightedAverageShsOutDil": 73397000, "link": "https://www.sec.gov/Archives/edgar/data/797721/000095017022010881/0000950170-22-010881-index.htm", "finalLink": "https://www.sec.gov/Archives/edgar/data/797721/000095017022010881/vsat-20220331.htm", "calculatedOtherExpenses": 24611000, "calculatedOperatingExpenses": 835065000, "calculatedNetInterest": -28383000, "calculatedOtherIncome": -504000, "calculatedIncomeNonControlling": 0, "calculatedEbitda": 41177000}, {"date": "2021-03-31", "symbol": "VSAT", "reportedCurrency": "USD", "cik": "0000797721", "fillingDate": "2021-05-28", "acceptedDate": "2021-05-28 13:50:37", "calendarYear": "2020", "period": "FY", "revenue": 2256107000, "costOfRevenue": 1564284000, "grossProfit": 691823000, "grossProfitRatio": 0.3066445873, "researchAndDevelopmentExpenses": 115792000, "generalAndAdministrativeExpenses": 500316000, "sellingAndMarketingExpenses": 12000000, "sellingGeneralAndAdministrativeExpenses": 512316000, "otherExpenses": 5482000, "operatingExpenses": 633590000, "costAndExpenses": 2197874000, "interestIncome": 440000, "interestExpense": 32247000, "depreciationAndAmortization": 5482000, "ebitda": 63715000, "ebitdaratio": 0.0282411251, "operatingIncome": 58233000, "operatingIncomeRatio": 0.0258112758, "totalOtherIncomeExpensesNet": -32247000, "incomeBeforeTax": 25986000, "incomeBeforeTaxRatio": 0.0115180707, "incomeTaxExpense": 9441000, "netIncome": 16545000, "netIncomeRatio": 0.0073334288, "eps": 0.25, "epsdiluted": 0.25, "weightedAverageShsOut": 66444000, "weightedAverageShsOutDil": 67019999, "link": "https://www.sec.gov/Archives/edgar/data/797721/000156459021030718/0001564590-21-030718-index.htm", "finalLink": "https://www.sec.gov/Archives/edgar/data/797721/000156459021030718/vsat-10k_20210331.htm", "calculatedOtherExpenses": 5482000, "calculatedOperatingExpenses": 633590000, "calculatedNetInterest": -31807000, "calculatedOtherIncome": -440000, "calculatedIncomeNonControlling": 0, "calculatedEbitda": 63715000}, {"date": "2020-03-31", "symbol": "VSAT", "reportedCurrency": "USD", "cik": "0000797721", "fillingDate": "2020-05-29", "acceptedDate": "2020-05-28 20:47:38", "calendarYear": "2019", "period": "FY", "revenue": 2309238000, "costOfRevenue": 1609687000, "grossProfit": 699551000, "grossProfitRatio": 0.3029358602, "researchAndDevelopmentExpenses": 130434000, "generalAndAdministrativeExpenses": 497285000, "sellingAndMarketingExpenses": 25800000, "sellingGeneralAndAdministrativeExpenses": 523085000, "otherExpenses": 7611000, "operatingExpenses": 661130000, "costAndExpenses": 2270817000, "interestIncome": 1648000, "interestExpense": 36993000, "depreciationAndAmortization": 7611000, "ebitda": 46032000, "ebitdaratio": 0.0199338483, "operatingIncome": 38421000, "operatingIncomeRatio": 0.0166379559, "totalOtherIncomeExpensesNet": -36993000, "incomeBeforeTax": 1428000, "incomeBeforeTaxRatio": 0.0006183858, "incomeTaxExpense": -7915000, "netIncome": 9343000, "netIncomeRatio": 0.0040459234, "eps": 0.15, "epsdiluted": 0.15, "weightedAverageShsOut": 61632000, "weightedAverageShsOutDil": 61632000, "link": "https://www.sec.gov/Archives/edgar/data/797721/000156459020027420/0001564590-20-027420-index.htm", "finalLink": "https://www.sec.gov/Archives/edgar/data/797721/000156459020027420/vsat-10k_20200331.htm", "calculatedOtherExpenses": 7611000, "calculatedOperatingExpenses": 661130000, "calculatedNetInterest": -35345000, "calculatedOtherIncome": -1648000, "calculatedIncomeNonControlling": 0, "calculatedEbitda": 46032000}, {"date": "2019-03-31", "symbol": "VSAT", "reportedCurrency": "USD", "cik": "0000797721", "fillingDate": "2019-05-29", "acceptedDate": "2019-05-28 21:31:14", "calendarYear": "2018", "period": "FY", "revenue": 2068258000, "costOfRevenue": 1537721000, "grossProfit": 530537000, "grossProfitRatio": 0.2565139359, "researchAndDevelopmentExpenses": 123044000, "generalAndAdministrativeExpenses": 420658000, "sellingAndMarketingExpenses": 37800000, "sellingGeneralAndAdministrativeExpenses": 458458000, "otherExpenses": 9655000, "operatingExpenses": 591157000, "costAndExpenses": 2128878000, "interestIncome": 149000, "interestExpense": 50010000, "depreciationAndAmortization": 9655000, "ebitda": -50965000, "ebitdaratio": -0.0246415099, "operatingIncome": -60620000, "operatingIncomeRatio": -0.0293096896, "totalOtherIncomeExpensesNet": -50010000, "incomeBeforeTax": -110481000, "incomeBeforeTaxRatio": -0.053417417, "incomeTaxExpense": -41014000, "netIncome": -67623000, "netIncomeRatio": -0.0326956308, "eps": -1.13, "epsdiluted": -1.12, "weightedAverageShsOut": 59942000, "weightedAverageShsOutDil": 60550093, "link": "https://www.sec.gov/Archives/edgar/data/797721/000156459019020649/0001564590-19-020649-index.htm", "finalLink": "https://www.sec.gov/Archives/edgar/data/797721/000156459019020649/vsat-10k_20190331.htm", "calculatedOtherExpenses": 9655000, "calculatedOperatingExpenses": 591157000, "calculatedNetInterest": -49861000, "calculatedOtherIncome": 0, "calculatedIncomeNonControlling": -1844000, "calculatedEbitda": -50965000}, {"date": "2018-03-31", "symbol": "VSAT", "reportedCurrency": "USD", "cik": "0000797721", "fillingDate": "2018-05-30", "acceptedDate": "2018-05-30 15:05:15", "calendarYear": "2017", "period": "FY", "revenue": 1594625000, "costOfRevenue": 1120814000, "grossProfit": 473811000, "grossProfitRatio": 0.2971300462, "researchAndDevelopmentExpenses": 168347000, "generalAndAdministrativeExpenses": 371020000, "sellingAndMarketingExpenses": 14400000, "sellingGeneralAndAdministrativeExpenses": 385420000, "otherExpenses": 12231000, "operatingExpenses": 565998000, "costAndExpenses": 1686812000, "interestIncome": 960000, "interestExpense": 4026000, "depreciationAndAmortization": 12231000, "ebitda": -69739000, "ebitdaratio": -0.0437337932, "operatingIncome": -92187000, "operatingIncomeRatio": -0.0578110841, "totalOtherIncomeExpensesNet": -10217000, "incomeBeforeTax": -105470000, "incomeBeforeTaxRatio": -0.0661409422, "incomeTaxExpense": -35217000, "netIncome": -67305000, "netIncomeRatio": -0.0422074155, "eps": -1.15, "epsdiluted": -1.14, "weightedAverageShsOut": 58438000, "weightedAverageShsOutDil": 58905274, "link": "https://www.sec.gov/Archives/edgar/data/797721/000156459018014641/0001564590-18-014641-index.htm", "finalLink": "https://www.sec.gov/Archives/edgar/data/797721/000156459018014641/vsat-10k_20180331.htm", "calculatedOtherExpenses": 12231000, "calculatedOperatingExpenses": 565998000, "calculatedNetInterest": -3066000, "calculatedOtherIncome": -10217000, "calculatedIncomeNonControlling": -2948000, "calculatedEbitda": -79956000}, {"date": "2017-03-31", "symbol": "VSAT", "reportedCurrency": "USD", "cik": "0000797721", "fillingDate": "2017-05-25", "acceptedDate": "2017-05-24 21:46:53", "calendarYear": "2016", "period": "FY", "revenue": 1559337000, "costOfRevenue": 1048975000, "grossProfit": 510362000, "grossProfitRatio": 0.3272942283, "researchAndDevelopmentExpenses": 129647000, "generalAndAdministrativeExpenses": 328668000, "sellingAndMarketingExpenses": 4800000, "sellingGeneralAndAdministrativeExpenses": 333468000, "otherExpenses": 10788000, "operatingExpenses": 473903000, "costAndExpenses": 1522878000, "interestIncome": 1008000, "interestExpense": 12083000, "depreciationAndAmortization": 10788000, "ebitda": 47247000, "ebitdaratio": 0.0302994157, "operatingIncome": 36459000, "operatingIncomeRatio": 0.0233810908, "totalOtherIncomeExpensesNet": -11075000, "incomeBeforeTax": 25384000, "incomeBeforeTaxRatio": 0.0162787133, "incomeTaxExpense": 3617000, "netIncome": 23767000, "netIncomeRatio": 0.0152417341, "eps": 0.41, "epsdiluted": 0.41, "weightedAverageShsOut": 57600609, "weightedAverageShsOutDil": 57600609, "link": "https://www.sec.gov/Archives/edgar/data/797721/000119312517182146/0001193125-17-182146-index.htm", "finalLink": "https://www.sec.gov/Archives/edgar/data/797721/000119312517182146/d351569d10k.htm", "calculatedOtherExpenses": 10788000, "calculatedOperatingExpenses": 473903000, "calculatedNetInterest": -11075000, "calculatedOtherIncome": 0, "calculatedIncomeNonControlling": -2000000, "calculatedEbitda": 47247000}, {"date": "2016-03-31", "symbol": "VSAT", "reportedCurrency": "USD", "cik": "0000797721", "fillingDate": "2016-05-26", "acceptedDate": "2016-05-26 15:47:23", "calendarYear": "2015", "period": "FY", "revenue": 1417431000, "costOfRevenue": 984345000, "grossProfit": 433086000, "grossProfitRatio": 0.3055429153, "researchAndDevelopmentExpenses": 77184000, "generalAndAdministrativeExpenses": 286145000, "sellingAndMarketingExpenses": 12200000, "sellingGeneralAndAdministrativeExpenses": 298345000, "otherExpenses": 16438000, "operatingExpenses": 391967000, "costAndExpenses": 1376312000, "interestIncome": 2226000, "interestExpense": 25748000, "depreciationAndAmortization": 16438000, "ebitda": 57557000, "ebitdaratio": 0.0406065622, "operatingIncome": 41119000, "operatingIncomeRatio": 0.029009525, "totalOtherIncomeExpensesNet": -23522000, "incomeBeforeTax": 17597000, "incomeBeforeTaxRatio": 0.0124147137, "incomeTaxExpense": -4173000, "netIncome": 21741000, "netIncomeRatio": 0.0153383128, "eps": 0.44, "epsdiluted": 0.44, "weightedAverageShsOut": 48926417, "weightedAverageShsOutDil": 49445000, "link": "https://www.sec.gov/Archives/edgar/data/797721/000119312516604149/0001193125-16-604149-index.htm", "finalLink": "https://www.sec.gov/Archives/edgar/data/797721/000119312516604149/d119390d10k.htm", "calculatedOtherExpenses": 16438000, "calculatedOperatingExpenses": 391967000, "calculatedNetInterest": -23522000, "calculatedOtherIncome": 0, "calculatedIncomeNonControlling": 29000, "calculatedEbitda": 57557000}, {"date": "2015-04-03", "symbol": "VSAT", "reportedCurrency": "USD", "cik": "0000797721", "fillingDate": "2015-05-26", "acceptedDate": "2015-05-22 20:26:17", "calendarYear": "2014", "period": "FY", "revenue": 1382535000, "costOfRevenue": 963914000, "grossProfit": 418621000, "grossProfitRatio": 0.3027923344, "researchAndDevelopmentExpenses": 46670000, "generalAndAdministrativeExpenses": 253841000, "sellingAndMarketingExpenses": 17000000, "sellingGeneralAndAdministrativeExpenses": 270841000, "otherExpenses": 17966000, "operatingExpenses": 335477000, "costAndExpenses": 1299391000, "interestIncome": 2022000, "interestExpense": 31448000, "depreciationAndAmortization": 17966000, "ebitda": 101110000, "ebitdaratio": 0.0731337724, "operatingIncome": 83144000, "operatingIncomeRatio": 0.060138803, "totalOtherIncomeExpensesNet": -29426000, "incomeBeforeTax": 53718000, "incomeBeforeTaxRatio": 0.0388547125, "incomeTaxExpense": 13827000, "netIncome": 40363000, "netIncomeRatio": 0.0291949209, "eps": 0.85, "epsdiluted": 0.84, "weightedAverageShsOut": 47697413, "weightedAverageShsOutDil": 48285000, "link": "https://www.sec.gov/Archives/edgar/data/797721/000119312515199042/0001193125-15-199042-index.htm", "finalLink": "https://www.sec.gov/Archives/edgar/data/797721/000119312515199042/d875350d10k.htm", "calculatedOtherExpenses": 17966000, "calculatedOperatingExpenses": 335477000, "calculatedNetInterest": -29426000, "calculatedOtherIncome": 0, "calculatedIncomeNonControlling": -472000, "calculatedEbitda": 101110000}, {"date": "2014-04-04", "symbol": "VSAT", "reportedCurrency": "USD", "cik": "0000797721", "fillingDate": "2014-05-27", "acceptedDate": "2014-05-23 19:53:09", "calendarYear": "2013", "period": "FY", "revenue": 1351462000, "costOfRevenue": 991280000, "grossProfit": 360182000, "grossProfitRatio": 0.2665128579, "researchAndDevelopmentExpenses": 60736000, "generalAndAdministrativeExpenses": 262633000, "sellingAndMarketingExpenses": 18900000, "sellingGeneralAndAdministrativeExpenses": 281533000, "otherExpenses": 14614000, "operatingExpenses": 356883000, "costAndExpenses": 1348163000, "interestIncome": 35000, "interestExpense": 37938000, "depreciationAndAmortization": 14614000, "ebitda": 17913000, "ebitdaratio": 0.0132545347, "operatingIncome": 3299000, "operatingIncomeRatio": 0.0024410601, "totalOtherIncomeExpensesNet": -37903000, "incomeBeforeTax": -34604000, "incomeBeforeTaxRatio": -0.0256048635, "incomeTaxExpense": -25947000, "netIncome": -9446000, "netIncomeRatio": -0.0069894677, "eps": -0.21, "epsdiluted": -0.2, "weightedAverageShsOut": 44980952, "weightedAverageShsOutDil": 46229259, "link": "https://www.sec.gov/Archives/edgar/data/797721/000119312514211759/0001193125-14-211759-index.htm", "finalLink": "https://www.sec.gov/Archives/edgar/data/797721/000119312514211759/d685782d10k.htm", "calculatedOtherExpenses": 14614000, "calculatedOperatingExpenses": 356883000, "calculatedNetInterest": -37903000, "calculatedOtherIncome": 0, "calculatedIncomeNonControlling": 789000, "calculatedEbitda": 17913000}, {"date": "2013-03-29", "symbol": "VSAT", "reportedCurrency": "USD", "cik": "0000797721", "fillingDate": "2013-05-24", "acceptedDate": "2013-05-24 06:02:55", "calendarYear": "2012", "period": "FY", "revenue": 1119690000, "costOfRevenue": 848161000, "grossProfit": 271529000, "grossProfitRatio": 0.2425037287, "researchAndDevelopmentExpenses": 35448000, "generalAndAdministrativeExpenses": 219059000, "sellingAndMarketingExpenses": 21800000, "sellingGeneralAndAdministrativeExpenses": 240859000, "otherExpenses": 15584000, "operatingExpenses": 291891000, "costAndExpenses": 1140052000, "interestIncome": 173000, "interestExpense": 43993000, "depreciationAndAmortization": 15584000, "ebitda": 21723000, "ebitdaratio": 0.0194009056, "operatingIncome": -20362000, "operatingIncomeRatio": -0.0181853906, "totalOtherIncomeExpensesNet": -26501000, "incomeBeforeTax": -90683000, "incomeBeforeTaxRatio": -0.080989381, "incomeTaxExpense": -50054000, "netIncome": -41172000, "netIncomeRatio": -0.0367708919, "eps": -0.94, "epsdiluted": -0.92, "weightedAverageShsOut": 43800000, "weightedAverageShsOutDil": 44974186, "link": "https://www.sec.gov/Archives/edgar/data/797721/000119312513234043/0001193125-13-234043-index.htm", "finalLink": "https://www.sec.gov/Archives/edgar/data/797721/000119312513234043/d486214d10k.htm", "calculatedOtherExpenses": 15584000, "calculatedOperatingExpenses": 291891000, "calculatedNetInterest": -43820000, "calculatedOtherIncome": -26501000, "calculatedIncomeNonControlling": 543000, "calculatedEbitda": -4778000}, {"date": "2012-03-30", "symbol": "VSAT", "reportedCurrency": "USD", "cik": "0000797721", "fillingDate": "2012-05-25", "acceptedDate": "2012-05-25 16:09:13", "calendarYear": "2011", "period": "FY", "revenue": 863627000, "costOfRevenue": 635981000, "grossProfit": 227646000, "grossProfitRatio": 0.2635929632, "researchAndDevelopmentExpenses": 24992000, "generalAndAdministrativeExpenses": 0, "sellingAndMarketingExpenses": 0, "sellingGeneralAndAdministrativeExpenses": 181728000, "otherExpenses": 18732000, "operatingExpenses": 225452000, "costAndExpenses": 861433000, "interestIncome": 60000, "interestExpense": 8307000, "depreciationAndAmortization": 18732000, "ebitda": 20926000, "ebitdaratio": 0.024230368, "operatingIncome": 2194000, "operatingIncomeRatio": 0.0025404486, "totalOtherIncomeExpensesNet": -8247000, "incomeBeforeTax": -6053000, "incomeBeforeTaxRatio": -0.0070088128, "incomeTaxExpense": -13651000, "netIncome": 7496000, "netIncomeRatio": 0.0086796731, "eps": 0.17, "epsdiluted": 0.17, "weightedAverageShsOut": 44226000, "weightedAverageShsOutDil": 44226000, "link": "https://www.sec.gov/Archives/edgar/data/797721/000119312512249227/0001193125-12-249227-index.htm", "finalLink": "https://www.sec.gov/Archives/edgar/data/797721/000119312512249227/d260942d10k.htm", "calculatedOtherExpenses": 18732000, "calculatedOperatingExpenses": 225452000, "calculatedNetInterest": -8247000, "calculatedOtherIncome": 0, "calculatedIncomeNonControlling": 102000, "calculatedEbitda": 20926000}, {"date": "2011-04-01", "symbol": "VSAT", "reportedCurrency": "USD", "cik": "0000797721", "fillingDate": "2011-05-27", "acceptedDate": "2011-05-27 06:05:11", "calendarYear": "2010", "period": "FY", "revenue": 802206000, "costOfRevenue": 550568000, "grossProfit": 251638000, "grossProfitRatio": 0.3136825204, "researchAndDevelopmentExpenses": 28711000, "generalAndAdministrativeExpenses": 0, "sellingAndMarketingExpenses": 0, "sellingGeneralAndAdministrativeExpenses": 164265000, "otherExpenses": 19409000, "operatingExpenses": 212385000, "costAndExpenses": 762953000, "interestIncome": 323000, "interestExpense": 3154000, "depreciationAndAmortization": 19409000, "ebitda": 58662000, "ebitdaratio": 0.0731258555, "operatingIncome": 39253000, "operatingIncomeRatio": 0.0489313219, "totalOtherIncomeExpensesNet": -2831000, "incomeBeforeTax": 36422000, "incomeBeforeTaxRatio": 0.0454023031, "incomeTaxExpense": -2000, "netIncome": 36115000, "netIncomeRatio": 0.0450196084, "eps": 0.87, "epsdiluted": 0.84, "weightedAverageShsOut": 41664767, "weightedAverageShsOutDil": 43059000, "link": "https://www.sec.gov/Archives/edgar/data/797721/000095012311054646/0000950123-11-054646-index.htm", "finalLink": "https://www.sec.gov/Archives/edgar/data/797721/000095012311054646/a58662e10vk.htm", "calculatedOtherExpenses": 19409000, "calculatedOperatingExpenses": 212385000, "calculatedNetInterest": -2831000, "calculatedOtherIncome": 0, "calculatedIncomeNonControlling": 309000, "calculatedEbitda": 58662000}, {"date": "2010-04-02", "symbol": "VSAT", "reportedCurrency": "USD", "cik": "0000797721", "fillingDate": "2010-06-01", "acceptedDate": "2010-05-28 19:39:50", "calendarYear": "2009", "period": "FY", "revenue": 688080000, "costOfRevenue": 475356000, "grossProfit": 212724000, "grossProfitRatio": 0.3091559121, "researchAndDevelopmentExpenses": 27325000, "generalAndAdministrativeExpenses": 0, "sellingAndMarketingExpenses": 0, "sellingGeneralAndAdministrativeExpenses": 132895000, "otherExpenses": 9494000, "operatingExpenses": 169714000, "costAndExpenses": 645070000, "interestIncome": 621000, "interestExpense": 7354000, "depreciationAndAmortization": 9494000, "ebitda": 52504000, "ebitdaratio": 0.0763050808, "operatingIncome": 43010000, "operatingIncomeRatio": 0.0625072666, "totalOtherIncomeExpensesNet": -6733000, "incomeBeforeTax": 36277000, "incomeBeforeTaxRatio": 0.0527220672, "incomeTaxExpense": 5438000, "netIncome": 31136000, "netIncomeRatio": 0.0452505523, "eps": 0.86, "epsdiluted": 0.86, "weightedAverageShsOut": 31863000, "weightedAverageShsOutDil": 34839000, "link": "https://www.sec.gov/Archives/edgar/data/797721/000095012310054366/0000950123-10-054366-index.htm", "finalLink": "https://www.sec.gov/Archives/edgar/data/797721/000095012310054366/a55743e10vk.htm", "calculatedOtherExpenses": 9494000, "calculatedOperatingExpenses": 169714000, "calculatedNetInterest": -6733000, "calculatedOtherIncome": 0, "calculatedIncomeNonControlling": -297000, "calculatedEbitda": 52504000}, {"date": "2009-04-03", "symbol": "VSAT", "reportedCurrency": "USD", "cik": "0000797721", "fillingDate": "2009-05-28", "acceptedDate": "2009-05-27 21:36:50", "calendarYear": "2008", "period": "FY", "revenue": 628179000, "costOfRevenue": 446824000, "grossProfit": 181355000, "grossProfitRatio": 0.2886995586, "researchAndDevelopmentExpenses": 29622000, "generalAndAdministrativeExpenses": 0, "sellingAndMarketingExpenses": 0, "sellingGeneralAndAdministrativeExpenses": 98624000, "otherExpenses": 8822000, "operatingExpenses": 137068000, "costAndExpenses": 583892000, "interestIncome": 1463000, "interestExpense": 509000, "depreciationAndAmortization": 28610000, "ebitda": 74360000, "ebitdaratio": 0.118373903, "operatingIncome": 44287000, "operatingIncomeRatio": 0.0705006057, "totalOtherIncomeExpensesNet": 954000, "incomeBeforeTax": 45241000, "incomeBeforeTaxRatio": 0.0720192811, "incomeTaxExpense": 6794000, "netIncome": 38331000, "netIncomeRatio": 0.0610192318, "eps": 1.25, "epsdiluted": 1.2, "weightedAverageShsOut": 30772000, "weightedAverageShsOutDil": 31884000, "link": "https://www.sec.gov/Archives/edgar/data/797721/000093639209000293/0000936392-09-000293-index.htm", "finalLink": "https://www.sec.gov/Archives/edgar/data/797721/000093639209000293/a52695e10vk.htm", "calculatedOtherExpenses": 8822000, "calculatedOperatingExpenses": 137068000, "calculatedNetInterest": 954000, "calculatedOtherIncome": 0, "calculatedIncomeNonControlling": 116000, "calculatedEbitda": 72897000}, {"date": "2008-03-28", "symbol": "VSAT", "reportedCurrency": "USD", "cik": "0000797721", "fillingDate": "2008-05-27", "acceptedDate": "2008-05-23 20:29:17", "calendarYear": "2007", "period": "FY", "revenue": 574650000, "costOfRevenue": 413520000, "grossProfit": 161130000, "grossProfitRatio": 0.2803967632, "researchAndDevelopmentExpenses": 32273000, "generalAndAdministrativeExpenses": 0, "sellingAndMarketingExpenses": 0, "sellingGeneralAndAdministrativeExpenses": 76365000, "otherExpenses": 9562000, "operatingExpenses": 118200000, "costAndExpenses": 531720000, "interestIncome": 5712000, "interestExpense": -557000, "depreciationAndAmortization": 28041000, "ebitda": 70971000, "ebitdaratio": 0.1235030018, "operatingIncome": 42930000, "operatingIncomeRatio": 0.074706343, "totalOtherIncomeExpensesNet": 5155000, "incomeBeforeTax": 48085000, "incomeBeforeTaxRatio": 0.0836770208, "incomeTaxExpense": 13521000, "netIncome": 33513000, "netIncomeRatio": 0.0583189768, "eps": 1.11, "epsdiluted": 1.04, "weightedAverageShsOut": 30232000, "weightedAverageShsOutDil": 32224000, "link": "https://www.sec.gov/Archives/edgar/data/797721/000093639208000395/0000936392-08-000395-index.htm", "finalLink": "https://www.sec.gov/Archives/edgar/data/797721/000093639208000395/a40284e10vk.htm", "calculatedOtherExpenses": 9562000, "calculatedOperatingExpenses": 118200000, "calculatedNetInterest": 6269000, "calculatedOtherIncome": -1114000, "calculatedIncomeNonControlling": 1051000, "calculatedEbitda": 70971000}, {"date": "2007-03-30", "symbol": "VSAT", "reportedCurrency": "USD", "cik": "0000797721", "fillingDate": "2007-05-31", "acceptedDate": "2007-05-30 21:32:39", "calendarYear": "2006", "period": "FY", "revenue": 516566000, "costOfRevenue": 380092000, "grossProfit": 136474000, "grossProfitRatio": 0.2641947012, "researchAndDevelopmentExpenses": 21631000, "generalAndAdministrativeExpenses": 0, "sellingAndMarketingExpenses": 0, "sellingGeneralAndAdministrativeExpenses": 69896000, "otherExpenses": 9502000, "operatingExpenses": 101029000, "costAndExpenses": 481121000, "interestIncome": 2189000, "interestExpense": -448000, "depreciationAndAmortization": 26855000, "ebitda": 62300000, "ebitdaratio": 0.1206041435, "operatingIncome": 35445000, "operatingIncomeRatio": 0.068616595, "totalOtherIncomeExpensesNet": 1741000, "incomeBeforeTax": 37186000, "incomeBeforeTaxRatio": 0.0719869291, "incomeTaxExpense": 6755000, "netIncome": 30166000, "netIncomeRatio": 0.0583971845, "eps": 1.06, "epsdiluted": 0.98, "weightedAverageShsOut": 28589000, "weightedAverageShsOutDil": 30893000, "link": "https://www.sec.gov/Archives/edgar/data/797721/000093639207000476/0000936392-07-000476-index.htm", "finalLink": "https://www.sec.gov/Archives/edgar/data/797721/000093639207000476/a30686e10vk.htm", "calculatedOtherExpenses": 9502000, "calculatedOperatingExpenses": 101029000, "calculatedNetInterest": 2637000, "calculatedOtherIncome": -896000, "calculatedIncomeNonControlling": 265000, "calculatedEbitda": 62300000}, {"date": "2006-03-31", "symbol": "VSAT", "reportedCurrency": "USD", "cik": "0000797721", "fillingDate": "2006-06-06", "acceptedDate": "2006-06-05 19:04:49", "calendarYear": "2005", "period": "FY", "revenue": 433823000, "costOfRevenue": 325271000, "grossProfit": 108552000, "grossProfitRatio": 0.2502218647, "researchAndDevelopmentExpenses": 15757000, "generalAndAdministrativeExpenses": 0, "sellingAndMarketingExpenses": 0, "sellingGeneralAndAdministrativeExpenses": 57059000, "otherExpenses": 6806000, "operatingExpenses": 79622000, "costAndExpenses": 404893000, "interestIncome": 248000, "interestExpense": -448000, "depreciationAndAmortization": 21896000, "ebitda": 50826000, "ebitdaratio": 0.1171583803, "operatingIncome": 28930000, "operatingIncomeRatio": 0.0666861831, "totalOtherIncomeExpensesNet": -200000, "incomeBeforeTax": 28730000, "incomeBeforeTaxRatio": 0.0662251656, "incomeTaxExpense": 5105000, "netIncome": 23515000, "netIncomeRatio": 0.0542041339, "eps": 0.87, "epsdiluted": 0.81, "weightedAverageShsOut": 27028736, "weightedAverageShsOutDil": 29030864, "link": "https://www.sec.gov/Archives/edgar/data/797721/000093639206000591/0000936392-06-000591-index.htm", "finalLink": "https://www.sec.gov/Archives/edgar/data/797721/000093639206000591/a21044e10vk.htm", "calculatedOtherExpenses": 6806000, "calculatedOperatingExpenses": 79622000, "calculatedNetInterest": 696000, "calculatedOtherIncome": -896000, "calculatedIncomeNonControlling": 110000, "calculatedEbitda": 50826000}, {"date": "2005-04-01", "symbol": "VSAT", "reportedCurrency": "USD", "cik": "0000797721", "fillingDate": "2005-06-10", "acceptedDate": "2005-06-10 16:53:23", "calendarYear": "2004", "period": "FY", "revenue": 345939000, "costOfRevenue": 262260000, "grossProfit": 83679000, "grossProfitRatio": 0.2418894661, "researchAndDevelopmentExpenses": 8082000, "generalAndAdministrativeExpenses": 0, "sellingAndMarketingExpenses": 0, "sellingGeneralAndAdministrativeExpenses": 48631000, "otherExpenses": 6642000, "operatingExpenses": 63355000, "costAndExpenses": 325615000, "interestIncome": 445000, "interestExpense": -141000, "depreciationAndAmortization": 20125000, "ebitda": 40449000, "ebitdaratio": 0.1169252383, "operatingIncome": 20324000, "operatingIncomeRatio": 0.0587502421, "totalOtherIncomeExpensesNet": 304000, "incomeBeforeTax": 20628000, "incomeBeforeTaxRatio": 0.0596290097, "incomeTaxExpense": 1246000, "netIncome": 19267000, "netIncomeRatio": 0.0556947901, "eps": 0.72, "epsdiluted": 0.68, "weightedAverageShsOut": 26749000, "weightedAverageShsOutDil": 28147000, "link": "https://www.sec.gov/Archives/edgar/data/797721/000093639205000139/0000936392-05-000139-index.htm", "finalLink": "https://www.sec.gov/Archives/edgar/data/797721/000093639205000139/a09855e10vk.htm", "calculatedOtherExpenses": 6642000, "calculatedOperatingExpenses": 63355000, "calculatedNetInterest": 586000, "calculatedOtherIncome": -282000, "calculatedIncomeNonControlling": 115000, "calculatedEbitda": 40449000}, {"date": "2004-04-02", "symbol": "VSAT", "reportedCurrency": "USD", "cik": "0000797721", "fillingDate": "2004-06-16", "acceptedDate": "2004-06-16 17:22:04", "calendarYear": "2003", "period": "FY", "revenue": 278579000, "costOfRevenue": 206327000, "grossProfit": 72252000, "grossProfitRatio": 0.2593591046, "researchAndDevelopmentExpenses": 9960000, "generalAndAdministrativeExpenses": 0, "sellingAndMarketingExpenses": 0, "sellingGeneralAndAdministrativeExpenses": 38800000, "otherExpenses": 7841000, "operatingExpenses": 56601000, "costAndExpenses": 262928000, "interestIncome": 11000, "interestExpense": 552000, "depreciationAndAmortization": 20729000, "ebitda": 36380000, "ebitdaratio": 0.1305913224, "operatingIncome": 15651000, "operatingIncomeRatio": 0.0561815499, "totalOtherIncomeExpensesNet": -552000, "incomeBeforeTax": 15099000, "incomeBeforeTaxRatio": 0.0542000653, "incomeTaxExpense": 1931000, "netIncome": 13168000, "netIncomeRatio": 0.0472684589, "eps": 0.5, "epsdiluted": 0.48, "weightedAverageShsOut": 26257000, "weightedAverageShsOutDil": 27558000, "link": "https://www.sec.gov/Archives/edgar/data/797721/000093639204000647/0000936392-04-000647-index.htm", "finalLink": "https://www.sec.gov/Archives/edgar/data/797721/000093639204000647/a99740e10vk.htm", "calculatedOtherExpenses": 7841000, "calculatedOperatingExpenses": 56601000, "calculatedNetInterest": -541000, "calculatedOtherIncome": -11000, "calculatedIncomeNonControlling": 0, "calculatedEbitda": 36380000}, {"date": "2003-03-31", "symbol": "VSAT", "reportedCurrency": "USD", "cik": "0000797721", "fillingDate": "2003-06-30", "acceptedDate": "2003-06-30 17:13:01", "calendarYear": "2002", "period": "FY", "revenue": 185022000, "costOfRevenue": 141208000, "grossProfit": 43814000, "grossProfitRatio": 0.2368042719, "researchAndDevelopmentExpenses": 16048000, "generalAndAdministrativeExpenses": 0, "sellingAndMarketingExpenses": 0, "sellingGeneralAndAdministrativeExpenses": 37858000, "otherExpenses": 8448000, "operatingExpenses": 62354000, "costAndExpenses": 203562000, "interestIncome": 116000, "interestExpense": -856000, "depreciationAndAmortization": 19287000, "ebitda": 747000, "ebitdaratio": 0.0040373577, "operatingIncome": -18540000, "operatingIncomeRatio": -0.1002043, "totalOtherIncomeExpensesNet": -1700000, "incomeBeforeTax": -21065000, "incomeBeforeTaxRatio": -0.1138513258, "incomeTaxExpense": -11433000, "netIncome": -9632000, "netIncomeRatio": -0.0520586741, "eps": -0.37, "epsdiluted": -0.37, "weightedAverageShsOut": 26016000, "weightedAverageShsOutDil": 26016000, "link": "https://www.sec.gov/Archives/edgar/data/797721/000093639203000908/0000936392-03-000908-index.htm", "finalLink": "https://www.sec.gov/Archives/edgar/data/797721/000093639203000908/a91173ore10vk.htm", "calculatedOtherExpenses": 8448000, "calculatedOperatingExpenses": 62354000, "calculatedNetInterest": 972000, "calculatedOtherIncome": -3497000, "calculatedIncomeNonControlling": 0, "calculatedEbitda": 747000}, {"date": "2002-03-31", "symbol": "VSAT", "reportedCurrency": "USD", "cik": "0000797721", "fillingDate": "2002-07-01", "acceptedDate": "2002-07-01 17:26:53", "calendarYear": "2001", "period": "FY", "revenue": 195628000, "costOfRevenue": 136567000, "grossProfit": 59061000, "grossProfitRatio": 0.3019046353, "researchAndDevelopmentExpenses": 9415000, "generalAndAdministrativeExpenses": 0, "sellingAndMarketingExpenses": 0, "sellingGeneralAndAdministrativeExpenses": 38153000, "otherExpenses": 6959000, "operatingExpenses": 54527000, "costAndExpenses": 191094000, "interestIncome": 558000000, "interestExpense": -370000000, "depreciationAndAmortization": 14163000, "ebitda": 21247000, "ebitdaratio": 0.108609197, "operatingIncome": 1984000, "operatingIncomeRatio": 0.0101416975, "totalOtherIncomeExpensesNet": -5427000, "incomeBeforeTax": -802000, "incomeBeforeTaxRatio": -0.0040996176, "incomeTaxExpense": -2959000, "netIncome": 2157000, "netIncomeRatio": 0.011026029, "eps": 0.09, "epsdiluted": 0.09, "weightedAverageShsOut": 23072000, "weightedAverageShsOutDil": 23954000, "link": "https://www.sec.gov/Archives/edgar/data/797721/000093639202000787/0000936392-02-000787-index.htm", "finalLink": "https://www.sec.gov/Archives/edgar/data/797721/000093639202000787/a82732e10vk.htm", "calculatedOtherExpenses": 9509000, "calculatedOperatingExpenses": 57077000, "calculatedNetInterest": 928000000, "calculatedOtherIncome": -930786000, "calculatedIncomeNonControlling": 0, "calculatedEbitda": 16147000}, {"date": "2001-03-31", "symbol": "VSAT", "reportedCurrency": "USD", "cik": "0000797721", "fillingDate": "2001-06-29", "acceptedDate": "2001-06-29 00:00:00", "calendarYear": "2000", "period": "FY", "revenue": 164352000, "costOfRevenue": 103835000, "grossProfit": 60517000, "grossProfitRatio": 0.3682157808, "researchAndDevelopmentExpenses": 6173000, "generalAndAdministrativeExpenses": 0, "sellingAndMarketingExpenses": 0, "sellingGeneralAndAdministrativeExpenses": 26482000, "otherExpenses": 3789000, "operatingExpenses": 36444000, "costAndExpenses": 140279000, "interestIncome": 1725000000, "interestExpense": -78000000, "depreciationAndAmortization": 9065000, "ebitda": 39261000, "ebitdaratio": 0.2388836157, "operatingIncome": 12674000, "operatingIncomeRatio": 0.0771149727, "totalOtherIncomeExpensesNet": -2892000, "incomeBeforeTax": 13687000, "incomeBeforeTaxRatio": 0.0832785728, "incomeTaxExpense": 3422000, "netIncome": 10265000, "netIncomeRatio": 0.0624574085, "eps": 0.48, "epsdiluted": 0.46, "weightedAverageShsOut": 21379015, "weightedAverageShsOutDil": 22536982, "link": "https://www.sec.gov/Archives/edgar/data/797721/000109581101502996/0001095811-01-502996-index.htm", "finalLink": "https://www.sec.gov/Archives/edgar/data/797721/000109581101502996/a73784e10-k405.htm", "calculatedOtherExpenses": 15188000, "calculatedOperatingExpenses": 47843000, "calculatedNetInterest": 1803000000, "calculatedOtherIncome": -1801987000, "calculatedIncomeNonControlling": 0, "calculatedEbitda": 21739000}, {"date": "2000-03-31", "symbol": "VSAT", "reportedCurrency": "USD", "cik": "0000797721", "fillingDate": "2000-06-29", "acceptedDate": "2000-06-29 00:00:00", "calendarYear": "1999", "period": "FY", "revenue": 75880000, "costOfRevenue": 42265000, "grossProfit": 33615000, "grossProfitRatio": 0.4430021086, "researchAndDevelopmentExpenses": 7590000, "generalAndAdministrativeExpenses": 0, "sellingAndMarketingExpenses": 0, "sellingGeneralAndAdministrativeExpenses": 11269000, "otherExpenses": 3292000, "operatingExpenses": 22151000, "costAndExpenses": 64416000, "interestIncome": 0, "interestExpense": 0, "depreciationAndAmortization": 3292000, "ebitda": 14756000, "ebitdaratio": 0.1944649446, "operatingIncome": 11464000, "operatingIncomeRatio": 0.1510806537, "totalOtherIncomeExpensesNet": 913000, "incomeBeforeTax": 12377000, "incomeBeforeTaxRatio": 0.1631128097, "incomeTaxExpense": 4471000, "netIncome": 7906000, "netIncomeRatio": 0.1041908276, "eps": 0.49, "epsdiluted": 0.46, "weightedAverageShsOut": 16193000, "weightedAverageShsOutDil": 17422444, "link": "https://www.sec.gov/Archives/edgar/data/797721/000109581100001871/0001095811-00-001871-index.htm", "finalLink": "https://www.sec.gov/Archives/edgar/data/797721/000109581100001871/e10-k405.txt", "calculatedOtherExpenses": 3292000, "calculatedOperatingExpenses": 22151000, "calculatedNetInterest": 0, "calculatedOtherIncome": 913000, "calculatedIncomeNonControlling": 0, "calculatedEbitda": 14756000}, {"date": "1999-03-31", "symbol": "VSAT", "reportedCurrency": "USD", "cik": "0000797721", "fillingDate": "1999-06-29", "acceptedDate": "1999-06-29 00:00:00", "calendarYear": "1998", "period": "FY", "revenue": 71500000, "costOfRevenue": 41300000, "grossProfit": 30200000, "grossProfitRatio": 0.4223776224, "researchAndDevelopmentExpenses": 7600000, "generalAndAdministrativeExpenses": 0, "sellingAndMarketingExpenses": 0, "sellingGeneralAndAdministrativeExpenses": 10100000, "otherExpenses": 2900000, "operatingExpenses": 20600000, "costAndExpenses": 61900000, "interestIncome": 0, "interestExpense": 0, "depreciationAndAmortization": 2900000, "ebitda": 11700000, "ebitdaratio": 0.1636363636, "operatingIncome": 9600000, "operatingIncomeRatio": 0.1342657343, "totalOtherIncomeExpensesNet": 800000, "incomeBeforeTax": 10200000, "incomeBeforeTaxRatio": 0.1426573427, "incomeTaxExpense": 3900000, "netIncome": 6300000, "netIncomeRatio": 0.0881118881, "eps": 0.4, "epsdiluted": 0.39, "weightedAverageShsOut": 15953696, "weightedAverageShsOutDil": 16345320, "link": "https://www.sec.gov/Archives/edgar/data/797721/000093639299000764/0000936392-99-000764-index.html", "finalLink": "https://www.sec.gov/Archives/edgar/data/797721/000093639299000764/", "calculatedOtherExpenses": 2900000, "calculatedOperatingExpenses": 20600000, "calculatedNetInterest": 0, "calculatedOtherIncome": 600000, "calculatedIncomeNonControlling": 0, "calculatedEbitda": 12500000}, {"date": "1998-03-31", "symbol": "VSAT", "reportedCurrency": "USD", "cik": "0000797721", "fillingDate": "1998-06-29", "acceptedDate": "1998-06-29 00:00:00", "calendarYear": "1997", "period": "FY", "revenue": 64200000, "costOfRevenue": 38700000, "grossProfit": 25500000, "grossProfitRatio": 0.3971962617, "researchAndDevelopmentExpenses": 7600000, "generalAndAdministrativeExpenses": 0, "sellingAndMarketingExpenses": 0, "sellingGeneralAndAdministrativeExpenses": 7900000, "otherExpenses": 2200000, "operatingExpenses": 17700000, "costAndExpenses": 56400000, "interestIncome": 0, "interestExpense": 0, "depreciationAndAmortization": 2200000, "ebitda": 9200000, "ebitdaratio": 0.1433021807, "operatingIncome": 7800000, "operatingIncomeRatio": 0.1214953271, "totalOtherIncomeExpensesNet": 800000, "incomeBeforeTax": 8400000, "incomeBeforeTaxRatio": 0.1308411215, "incomeTaxExpense": 3100000, "netIncome": 5300000, "netIncomeRatio": 0.0825545171, "eps": 0.34, "epsdiluted": 0.33, "weightedAverageShsOut": 15602424, "weightedAverageShsOutDil": 16349988, "link": "https://www.sec.gov/Archives/edgar/data/797721/000093639298000979/0000936392-98-000979-index.html", "finalLink": "https://www.sec.gov/Archives/edgar/data/797721/", "calculatedOtherExpenses": 2200000, "calculatedOperatingExpenses": 17700000, "calculatedNetInterest": 0, "calculatedOtherIncome": 600000, "calculatedIncomeNonControlling": 0, "calculatedEbitda": 10000000}, {"date": "1997-03-31", "symbol": "VSAT", "reportedCurrency": "USD", "cik": "0000797721", "fillingDate": "1997-06-20", "acceptedDate": "1997-06-20 00:00:00", "calendarYear": "1996", "period": "FY", "revenue": 47700000, "costOfRevenue": 31700000, "grossProfit": 16000000, "grossProfitRatio": 0.3354297694, "researchAndDevelopmentExpenses": 5100000, "generalAndAdministrativeExpenses": 0, "sellingAndMarketingExpenses": 0, "sellingGeneralAndAdministrativeExpenses": 4800000, "otherExpenses": 1400000, "operatingExpenses": 11300000, "costAndExpenses": 43000000, "interestIncome": 0, "interestExpense": 0, "depreciationAndAmortization": 1400000, "ebitda": 5700000, "ebitdaratio": 0.1194968553, "operatingIncome": 4700000, "operatingIncomeRatio": 0.0985324948, "totalOtherIncomeExpensesNet": 400000, "incomeBeforeTax": 4900000, "incomeBeforeTaxRatio": 0.1027253669, "incomeTaxExpense": 1700000, "netIncome": 3200000, "netIncomeRatio": 0.0670859539, "eps": 0.24, "epsdiluted": 0.24, "weightedAverageShsOut": 13404828, "weightedAverageShsOutDil": 13404828, "link": "https://www.sec.gov/Archives/edgar/data/797721/000093639297000848/0000936392-97-000848-index.html", "finalLink": "https://www.sec.gov/Archives/edgar/data/797721/", "calculatedOtherExpenses": 1400000, "calculatedOperatingExpenses": 11300000, "calculatedNetInterest": 0, "calculatedOtherIncome": 200000, "calculatedIncomeNonControlling": 0, "calculatedEbitda": 6100000}, {"date": "1996-03-31", "symbol": "VSAT", "reportedCurrency": "USD", "cik": "0000797721", "fillingDate": "1996-03-31", "acceptedDate": "1996-03-30 19:00:00", "calendarYear": "1995", "period": "FY", "revenue": 29000000, "costOfRevenue": 20000000, "grossProfit": 9000000, "grossProfitRatio": 0.3103448276, "researchAndDevelopmentExpenses": 0, "generalAndAdministrativeExpenses": 0, "sellingAndMarketingExpenses": 0, "sellingGeneralAndAdministrativeExpenses": 6200000, "otherExpenses": 1000000, "operatingExpenses": 7200000, "costAndExpenses": 27200000, "interestIncome": 0, "interestExpense": 0, "depreciationAndAmortization": 1000000, "ebitda": 2800000, "ebitdaratio": 0.0965517241, "operatingIncome": 1800000, "operatingIncomeRatio": 0.0620689655, "totalOtherIncomeExpensesNet": -300000, "incomeBeforeTax": 1500000, "incomeBeforeTaxRatio": 0.0517241379, "incomeTaxExpense": -100000, "netIncome": 1600000, "netIncomeRatio": 0.0551724138, "eps": 0.25, "epsdiluted": 0.14, "weightedAverageShsOut": 6400000, "weightedAverageShsOutDil": 11428571, "link": "", "finalLink": "", "calculatedOtherExpenses": 1000000, "calculatedOperatingExpenses": 7200000, "calculatedNetInterest": 0, "calculatedOtherIncome": -300000, "calculatedIncomeNonControlling": 0, "calculatedEbitda": 2800000}]}