{"originalCurrency": "USD", "convertedCurrency": "USD", "report": [{"date": "2023-12-31", "symbol": "VSH", "reportedCurrency": "USD", "cik": "0000103730", "fillingDate": "2024-02-16", "acceptedDate": "2024-02-16 06:16:02", "calendarYear": "2023", "period": "FY", "revenue": 3402045000, "costOfRevenue": 2427552000, "grossProfit": 974493000, "grossProfitRatio": 0.286443301, "researchAndDevelopmentExpenses": 99506000, "generalAndAdministrativeExpenses": 0, "sellingAndMarketingExpenses": 0, "sellingGeneralAndAdministrativeExpenses": 388843000, "otherExpenses": -8114000, "operatingExpenses": 488349000, "costAndExpenses": 2915901000, "interestIncome": 32700000, "interestExpense": 25131000, "depreciationAndAmortization": 184373000, "ebitda": 670517000, "ebitdaratio": 0.1970923371, "operatingIncome": 486144000, "operatingIncomeRatio": 0.1428975807, "totalOtherIncomeExpensesNet": -18742000, "incomeBeforeTax": 467402000, "incomeBeforeTaxRatio": 0.1373885413, "incomeTaxExpense": 141889000, "netIncome": 323820000, "netIncomeRatio": 0.0951839261, "eps": 2.32, "epsdiluted": 2.31, "weightedAverageShsOut": 139447000, "weightedAverageShsOutDil": 140246000, "link": "https://www.sec.gov/Archives/edgar/data/103730/000010373024000034/0000103730-24-000034-index.htm", "finalLink": "https://www.sec.gov/Archives/edgar/data/103730/000010373024000034/form10k.htm", "calculatedOtherExpenses": 0, "calculatedOperatingExpenses": 488349000, "calculatedNetInterest": 7569000, "calculatedOtherIncome": -26311000, "calculatedIncomeNonControlling": 1693000, "calculatedEbitda": 670517000}, {"date": "2022-12-31", "symbol": "VSH", "reportedCurrency": "USD", "cik": "0000103730", "fillingDate": "2023-02-22", "acceptedDate": "2023-02-22 07:18:17", "calendarYear": "2022", "period": "FY", "revenue": 3497401000, "costOfRevenue": 2438412000, "grossProfit": 1058989000, "grossProfitRatio": 0.3027931312, "researchAndDevelopmentExpenses": 81182000, "generalAndAdministrativeExpenses": 0, "sellingAndMarketingExpenses": 0, "sellingGeneralAndAdministrativeExpenses": 443503000, "otherExpenses": -4852000, "operatingExpenses": 443503000, "costAndExpenses": 2881915000, "interestIncome": 7560000, "interestExpense": 17129000, "depreciationAndAmortization": 159139000, "ebitda": 774625000, "ebitdaratio": 0.2214858977, "operatingIncome": 615486000, "operatingIncomeRatio": 0.1759838234, "totalOtherIncomeExpensesNet": -21981000, "incomeBeforeTax": 593505000, "incomeBeforeTaxRatio": 0.1696988707, "incomeTaxExpense": 163022000, "netIncome": 428810000, "netIncomeRatio": 0.1226081882, "eps": 2.99, "epsdiluted": 2.98, "weightedAverageShsOut": 143399000, "weightedAverageShsOutDil": 143915000, "link": "https://www.sec.gov/Archives/edgar/data/103730/000010373023000013/0000103730-23-000013-index.htm", "finalLink": "https://www.sec.gov/Archives/edgar/data/103730/000010373023000013/form10k.htm", "calculatedOtherExpenses": -81182000, "calculatedOperatingExpenses": 443503000, "calculatedNetInterest": -9569000, "calculatedOtherIncome": -12412000, "calculatedIncomeNonControlling": 1673000, "calculatedEbitda": 774625000}, {"date": "2021-12-31", "symbol": "VSH", "reportedCurrency": "USD", "cik": "0000103730", "fillingDate": "2022-02-23", "acceptedDate": "2022-02-23 06:36:14", "calendarYear": "2021", "period": "FY", "revenue": 3240487000, "costOfRevenue": 2352574000, "grossProfit": 887913000, "grossProfitRatio": 0.2740060367, "researchAndDevelopmentExpenses": 77377000, "generalAndAdministrativeExpenses": 0, "sellingAndMarketingExpenses": 0, "sellingGeneralAndAdministrativeExpenses": 420111000, "otherExpenses": -15654000, "operatingExpenses": 420111000, "costAndExpenses": 2772685000, "interestIncome": 1269000, "interestExpense": 17538000, "depreciationAndAmortization": 151383000, "ebitda": 619185000, "ebitdaratio": 0.1910777608, "operatingIncome": 467802000, "operatingIncomeRatio": 0.1443616345, "totalOtherIncomeExpensesNet": -33192000, "incomeBeforeTax": 434610000, "incomeBeforeTaxRatio": 0.1341187297, "incomeTaxExpense": 135673000, "netIncome": 297970000, "netIncomeRatio": 0.0919522282, "eps": 2.05, "epsdiluted": 2.05, "weightedAverageShsOut": 145005000, "weightedAverageShsOutDil": 145495000, "link": "https://www.sec.gov/Archives/edgar/data/103730/000010373022000010/0000103730-22-000010-index.htm", "finalLink": "https://www.sec.gov/Archives/edgar/data/103730/000010373022000010/vishayintertech_10k.htm", "calculatedOtherExpenses": -77377000, "calculatedOperatingExpenses": 420111000, "calculatedNetInterest": -16269000, "calculatedOtherIncome": -16923000, "calculatedIncomeNonControlling": 967000, "calculatedEbitda": 619185000}, {"date": "2020-12-31", "symbol": "VSH", "reportedCurrency": "USD", "cik": "0000103730", "fillingDate": "2021-02-24", "acceptedDate": "2021-02-24 07:20:19", "calendarYear": "2020", "period": "FY", "revenue": 2501898000, "costOfRevenue": 1919995000, "grossProfit": 581903000, "grossProfitRatio": 0.2325846218, "researchAndDevelopmentExpenses": 70861000, "generalAndAdministrativeExpenses": 0, "sellingAndMarketingExpenses": 0, "sellingGeneralAndAdministrativeExpenses": 371450000, "otherExpenses": -11754000, "operatingExpenses": 371450000, "costAndExpenses": 2291445000, "interestIncome": 3709000, "interestExpense": 31555000, "depreciationAndAmortization": 155219000, "ebitda": 364929000, "ebitdaratio": 0.1458608624, "operatingIncome": 209710000, "operatingIncomeRatio": 0.0838203636, "totalOtherIncomeExpensesNet": -51382000, "incomeBeforeTax": 158328000, "incomeBeforeTaxRatio": 0.0632831554, "incomeTaxExpense": 34545000, "netIncome": 122923000, "netIncomeRatio": 0.0491318991, "eps": 0.85, "epsdiluted": 0.85, "weightedAverageShsOut": 144836000, "weightedAverageShsOutDil": 145228000, "link": "https://www.sec.gov/Archives/edgar/data/103730/000010373021000014/0000103730-21-000014-index.htm", "finalLink": "https://www.sec.gov/Archives/edgar/data/103730/000010373021000014/vishayintertech_10k.htm", "calculatedOtherExpenses": -70118000, "calculatedOperatingExpenses": 372193000, "calculatedNetInterest": -27846000, "calculatedOtherIncome": -23536000, "calculatedIncomeNonControlling": 860000, "calculatedEbitda": 364929000}, {"date": "2019-12-31", "symbol": "VSH", "reportedCurrency": "USD", "cik": "0000103730", "fillingDate": "2020-02-14", "acceptedDate": "2020-02-14 07:28:49", "calendarYear": "2019", "period": "FY", "revenue": 2668305000, "costOfRevenue": 1997105000, "grossProfit": 671200000, "grossProfitRatio": 0.2515454568, "researchAndDevelopmentExpenses": 69827000, "generalAndAdministrativeExpenses": 0, "sellingAndMarketingExpenses": 0, "sellingGeneralAndAdministrativeExpenses": 384631000, "otherExpenses": -419000, "operatingExpenses": 384631000, "costAndExpenses": 2381736000, "interestIncome": 8445000, "interestExpense": 33683000, "depreciationAndAmortization": 188181000, "ebitda": 450611000, "ebitdaratio": 0.1688753722, "operatingIncome": 262430000, "operatingIncomeRatio": 0.0983508257, "totalOtherIncomeExpensesNet": -36132000, "incomeBeforeTax": 226298000, "incomeBeforeTaxRatio": 0.0848096451, "incomeTaxExpense": 61508000, "netIncome": 163936000, "netIncomeRatio": 0.0614382539, "eps": 1.13, "epsdiluted": 1.13, "weightedAverageShsOut": 144608000, "weightedAverageShsOutDil": 145136000, "link": "https://www.sec.gov/Archives/edgar/data/103730/000010373020000013/0000103730-20-000013-index.htm", "finalLink": "https://www.sec.gov/Archives/edgar/data/103730/000010373020000013/vishayintertech_10k.htm", "calculatedOtherExpenses": -45688000, "calculatedOperatingExpenses": 408770000, "calculatedNetInterest": -25238000, "calculatedOtherIncome": -10894000, "calculatedIncomeNonControlling": 854000, "calculatedEbitda": 450611000}, {"date": "2018-12-31", "symbol": "VSH", "reportedCurrency": "USD", "cik": "0000103730", "fillingDate": "2019-02-15", "acceptedDate": "2019-02-15 07:51:52", "calendarYear": "2018", "period": "FY", "revenue": 3034689000, "costOfRevenue": 2146165000, "grossProfit": 888524000, "grossProfitRatio": 0.2927891458, "researchAndDevelopmentExpenses": 72885000, "generalAndAdministrativeExpenses": 403404000, "sellingAndMarketingExpenses": 0, "sellingGeneralAndAdministrativeExpenses": 403404000, "otherExpenses": -5081000, "operatingExpenses": 403404000, "costAndExpenses": 2549569000, "interestIncome": 11940000, "interestExpense": 36680000, "depreciationAndAmortization": 161863000, "ebitda": 641902000, "ebitdaratio": 0.2115215101, "operatingIncome": 485120000, "operatingIncomeRatio": 0.159858226, "totalOtherIncomeExpensesNet": -31664000, "incomeBeforeTax": 416776000, "incomeBeforeTaxRatio": 0.1373373021, "incomeTaxExpense": 70239000, "netIncome": 345758000, "netIncomeRatio": 0.1139352336, "eps": 2.24, "epsdiluted": 2.24, "weightedAverageShsOut": 154356250, "weightedAverageShsOutDil": 154622000, "link": "https://www.sec.gov/Archives/edgar/data/103730/000010373019000008/0000103730-19-000008-index.htm", "finalLink": "https://www.sec.gov/Archives/edgar/data/103730/000010373019000008/vishayintertech_10k.htm", "calculatedOtherExpenses": -72885000, "calculatedOperatingExpenses": 403404000, "calculatedNetInterest": -24740000, "calculatedOtherIncome": -43604000, "calculatedIncomeNonControlling": 779000, "calculatedEbitda": 646983000}, {"date": "2017-12-31", "symbol": "VSH", "reportedCurrency": "USD", "cik": "0000103730", "fillingDate": "2018-02-16", "acceptedDate": "2018-02-16 08:08:33", "calendarYear": "2017", "period": "FY", "revenue": 2603522000, "costOfRevenue": 1903910000, "grossProfit": 699612000, "grossProfitRatio": 0.2687175296, "researchAndDevelopmentExpenses": 67153000, "generalAndAdministrativeExpenses": 376751000, "sellingAndMarketingExpenses": 0, "sellingGeneralAndAdministrativeExpenses": 376751000, "otherExpenses": 1738000, "operatingExpenses": 376751000, "costAndExpenses": 2280661000, "interestIncome": 6482000, "interestExpense": 27850000, "depreciationAndAmortization": 163146000, "ebitda": 487745000, "ebitdaratio": 0.1873404565, "operatingIncome": 311588000, "operatingIncomeRatio": 0.1196794189, "totalOtherIncomeExpensesNet": -15647000, "incomeBeforeTax": 279364000, "incomeBeforeTaxRatio": 0.1073023389, "incomeTaxExpense": 298924000, "netIncome": -20344000, "netIncomeRatio": -0.0078140304, "eps": -0.14, "epsdiluted": -0.14, "weightedAverageShsOut": 145314285, "weightedAverageShsOutDil": 145633000, "link": "https://www.sec.gov/Archives/edgar/data/103730/000010373018000008/0000103730-18-000008-index.htm", "finalLink": "https://www.sec.gov/Archives/edgar/data/103730/000010373018000008/vishayintertech_10k.htm", "calculatedOtherExpenses": -55880000, "calculatedOperatingExpenses": 388024000, "calculatedNetInterest": -21368000, "calculatedOtherIncome": -10856000, "calculatedIncomeNonControlling": 784000, "calculatedEbitda": 474734000}, {"date": "2016-12-31", "symbol": "VSH", "reportedCurrency": "USD", "cik": "0000103730", "fillingDate": "2017-02-17", "acceptedDate": "2017-02-17 09:09:22", "calendarYear": "2016", "period": "FY", "revenue": 2323431000, "costOfRevenue": 1753648000, "grossProfit": 569783000, "grossProfitRatio": 0.24523345, "researchAndDevelopmentExpenses": 66842000, "generalAndAdministrativeExpenses": 367987000, "sellingAndMarketingExpenses": 0, "sellingGeneralAndAdministrativeExpenses": 367987000, "otherExpenses": 4716000, "operatingExpenses": 367987000, "costAndExpenses": 2121635000, "interestIncome": 4264000, "interestExpense": 25623000, "depreciationAndAmortization": 159363000, "ebitda": 365875000, "ebitdaratio": 0.1574718595, "operatingIncome": 101717000, "operatingIncomeRatio": 0.0437787909, "totalOtherIncomeExpensesNet": -81957000, "incomeBeforeTax": 94216000, "incomeBeforeTaxRatio": 0.0405503757, "incomeTaxExpense": 44843000, "netIncome": 48792000, "netIncomeRatio": 0.020999978, "eps": 0.33, "epsdiluted": 0.32, "weightedAverageShsOut": 147152000, "weightedAverageShsOutDil": 150697000, "link": "https://www.sec.gov/Archives/edgar/data/103730/000010373017000007/0000103730-17-000007-index.htm", "finalLink": "https://www.sec.gov/Archives/edgar/data/103730/000010373017000007/vishayintertech_10k.htm", "calculatedOtherExpenses": 33237000, "calculatedOperatingExpenses": 468066000, "calculatedNetInterest": -21359000, "calculatedOtherIncome": 13858000, "calculatedIncomeNonControlling": 581000, "calculatedEbitda": 261080000}, {"date": "2015-12-31", "symbol": "VSH", "reportedCurrency": "USD", "cik": "0000103730", "fillingDate": "2016-02-17", "acceptedDate": "2016-02-17 08:56:30", "calendarYear": "2015", "period": "FY", "revenue": 2300488000, "costOfRevenue": 1758268000, "grossProfit": 542220000, "grossProfitRatio": 0.2356978172, "researchAndDevelopmentExpenses": 64193000, "generalAndAdministrativeExpenses": 362226000, "sellingAndMarketingExpenses": 0, "sellingGeneralAndAdministrativeExpenses": 362226000, "otherExpenses": 7976000, "operatingExpenses": 362226000, "costAndExpenses": 2120494000, "interestIncome": 4397000, "interestExpense": 25685000, "depreciationAndAmortization": 176169000, "ebitda": 364139000, "ebitdaratio": 0.1582877198, "operatingIncome": 97799000, "operatingIncomeRatio": 0.0425122844, "totalOtherIncomeExpensesNet": -79569000, "incomeBeforeTax": 74740000, "incomeBeforeTaxRatio": 0.0324887589, "incomeTaxExpense": 182473000, "netIncome": -108514000, "netIncomeRatio": -0.0471699918, "eps": -0.73, "epsdiluted": -0.73, "weightedAverageShsOut": 147700000, "weightedAverageShsOutDil": 147700000, "link": "https://www.sec.gov/Archives/edgar/data/103730/000010373016000061/0000103730-16-000061-index.htm", "finalLink": "https://www.sec.gov/Archives/edgar/data/103730/000010373016000061/vishayintertech_10k.htm", "calculatedOtherExpenses": 18002000, "calculatedOperatingExpenses": 444421000, "calculatedNetInterest": -21288000, "calculatedOtherIncome": -1771000, "calculatedIncomeNonControlling": 781000, "calculatedEbitda": 273968000}, {"date": "2014-12-31", "symbol": "VSH", "reportedCurrency": "USD", "cik": "0000103730", "fillingDate": "2015-02-19", "acceptedDate": "2015-02-19 16:03:00", "calendarYear": "2014", "period": "FY", "revenue": 2493282000, "costOfRevenue": 1881990000, "grossProfit": 611292000, "grossProfitRatio": 0.245175636, "researchAndDevelopmentExpenses": 65299000, "generalAndAdministrativeExpenses": 385696000, "sellingAndMarketingExpenses": 0, "sellingGeneralAndAdministrativeExpenses": 385696000, "otherExpenses": 2489000, "operatingExpenses": 385696000, "costAndExpenses": 2267686000, "interestIncome": 4939000, "interestExpense": 24457000, "depreciationAndAmortization": 179455000, "ebitda": 407540000, "ebitdaratio": 0.1634552369, "operatingIncome": 189111000, "operatingIncomeRatio": 0.0758482193, "totalOtherIncomeExpensesNet": -33996000, "incomeBeforeTax": 167143000, "incomeBeforeTaxRatio": 0.0670373427, "incomeTaxExpense": 49300000, "netIncome": 117629000, "netIncomeRatio": 0.0471783777, "eps": 0.8, "epsdiluted": 0.77, "weightedAverageShsOut": 147567000, "weightedAverageShsOutDil": 153716000, "link": "https://www.sec.gov/Archives/edgar/data/103730/000010373015000008/0000103730-15-000008-index.htm", "finalLink": "https://www.sec.gov/Archives/edgar/data/103730/000010373015000008/vishayintertech_10k.htm", "calculatedOtherExpenses": -28814000, "calculatedOperatingExpenses": 422181000, "calculatedNetInterest": -19518000, "calculatedOtherIncome": -2450000, "calculatedIncomeNonControlling": 214000, "calculatedEbitda": 368566000}, {"date": "2013-12-31", "symbol": "VSH", "reportedCurrency": "USD", "cik": "0000103730", "fillingDate": "2014-02-19", "acceptedDate": "2014-02-19 06:24:14", "calendarYear": "2013", "period": "FY", "revenue": 2370979000, "costOfRevenue": 1803719000, "grossProfit": 567260000, "grossProfitRatio": 0.239251381, "researchAndDevelopmentExpenses": 62090000, "generalAndAdministrativeExpenses": 366764000, "sellingAndMarketingExpenses": 0, "sellingGeneralAndAdministrativeExpenses": 366764000, "otherExpenses": 1853000, "operatingExpenses": 366764000, "costAndExpenses": 2170483000, "interestIncome": 4566000, "interestExpense": 23130000, "depreciationAndAmortization": 170132000, "ebitda": 372481000, "ebitdaratio": 0.157100084, "operatingIncome": 197682000, "operatingIncomeRatio": 0.0833756857, "totalOtherIncomeExpensesNet": -961000, "incomeBeforeTax": 176405000, "incomeBeforeTaxRatio": 0.0744017556, "incomeTaxExpense": 52636000, "netIncome": 122980000, "netIncomeRatio": 0.0518688694, "eps": 0.85, "epsdiluted": 0.81, "weightedAverageShsOut": 144856000, "weightedAverageShsOutDil": 151417000, "link": "https://www.sec.gov/Archives/edgar/data/103730/000010373014000010/0000103730-14-000010-index.htm", "finalLink": "https://www.sec.gov/Archives/edgar/data/103730/000010373014000010/vishayintertech_10k.htm", "calculatedOtherExpenses": -59276000, "calculatedOperatingExpenses": 369578000, "calculatedNetInterest": -18564000, "calculatedOtherIncome": -2713000, "calculatedIncomeNonControlling": 789000, "calculatedEbitda": 367814000}, {"date": "2012-12-31", "symbol": "VSH", "reportedCurrency": "USD", "cik": "0000103730", "fillingDate": "2013-02-20", "acceptedDate": "2013-02-20 07:52:50", "calendarYear": "2012", "period": "FY", "revenue": 2230097000, "costOfRevenue": 1703424000, "grossProfit": 526673000, "grossProfitRatio": 0.2361659605, "researchAndDevelopmentExpenses": 57164000, "generalAndAdministrativeExpenses": 349625000, "sellingAndMarketingExpenses": 0, "sellingGeneralAndAdministrativeExpenses": 349625000, "otherExpenses": 3440000, "operatingExpenses": 349625000, "costAndExpenses": 2053049000, "interestIncome": 7626000, "interestExpense": 22604000, "depreciationAndAmortization": 168555000, "ebitda": 349043000, "ebitdaratio": 0.1565147166, "operatingIncome": 189201000, "operatingIncomeRatio": 0.0848398074, "totalOtherIncomeExpensesNet": 15593000, "incomeBeforeTax": 170037000, "incomeBeforeTaxRatio": 0.0762464592, "incomeTaxExpense": 46506000, "netIncome": 122738000, "netIncomeRatio": 0.0550370679, "eps": 0.82, "epsdiluted": 0.79, "weightedAverageShsOut": 149020000, "weightedAverageShsOutDil": 155844000, "link": "https://www.sec.gov/Archives/edgar/data/103730/000010373013000009/0000103730-13-000009-index.htm", "finalLink": "https://www.sec.gov/Archives/edgar/data/103730/000010373013000009/vishayintertech_10k.htm", "calculatedOtherExpenses": -69317000, "calculatedOperatingExpenses": 337472000, "calculatedNetInterest": -14978000, "calculatedOtherIncome": -4186000, "calculatedIncomeNonControlling": 793000, "calculatedEbitda": 357756000}, {"date": "2011-12-31", "symbol": "VSH", "reportedCurrency": "USD", "cik": "0000103730", "fillingDate": "2012-02-23", "acceptedDate": "2012-02-23 17:11:10", "calendarYear": "2011", "period": "FY", "revenue": 2594029000, "costOfRevenue": 1874043000, "grossProfit": 719986000, "grossProfitRatio": 0.2775551083, "researchAndDevelopmentExpenses": 0, "generalAndAdministrativeExpenses": 0, "sellingAndMarketingExpenses": 0, "sellingGeneralAndAdministrativeExpenses": 373385000, "otherExpenses": 0, "operatingExpenses": 373385000, "costAndExpenses": 2247428000, "interestIncome": 0, "interestExpense": 19277000, "depreciationAndAmortization": 179706000, "ebitda": 526307000, "ebitdaratio": 0.2028917179, "operatingIncome": 346601000, "operatingIncomeRatio": 0.1336149287, "totalOtherIncomeExpensesNet": 3792000, "incomeBeforeTax": 331116000, "incomeBeforeTaxRatio": 0.1276454504, "incomeTaxExpense": 91119000, "netIncome": 238821000, "netIncomeRatio": 0.0920656631, "eps": 1.49, "epsdiluted": 1.42, "weightedAverageShsOut": 160094000, "weightedAverageShsOutDil": 168514000, "link": "https://www.sec.gov/Archives/edgar/data/103730/000010373012000011/0000103730-12-000011-index.htm", "finalLink": "https://www.sec.gov/Archives/edgar/data/103730/000010373012000011/vishayintertech_10k.htm", "calculatedOtherExpenses": 0, "calculatedOperatingExpenses": 373385000, "calculatedNetInterest": -19277000, "calculatedOtherIncome": 3792000, "calculatedIncomeNonControlling": 1176000, "calculatedEbitda": 526307000}, {"date": "2010-12-31", "symbol": "VSH", "reportedCurrency": "USD", "cik": "0000103730", "fillingDate": "2011-02-25", "acceptedDate": "2011-02-25 07:10:46", "calendarYear": "2010", "period": "FY", "revenue": 2725092000, "costOfRevenue": 1917607000, "grossProfit": 807485000, "grossProfitRatio": 0.2963147666, "researchAndDevelopmentExpenses": 0, "generalAndAdministrativeExpenses": 389547000, "sellingAndMarketingExpenses": 0, "sellingGeneralAndAdministrativeExpenses": 389547000, "otherExpenses": 0, "operatingExpenses": 389547000, "costAndExpenses": 2307154000, "interestIncome": 0, "interestExpense": 11036000, "depreciationAndAmortization": 190723000, "ebitda": 608661000, "ebitdaratio": 0.2233542941, "operatingIncome": 417938000, "operatingIncomeRatio": 0.1533665652, "totalOtherIncomeExpensesNet": -1369000, "incomeBeforeTax": 405533000, "incomeBeforeTaxRatio": 0.1488144253, "incomeTaxExpense": 45240000, "netIncome": 359106000, "netIncomeRatio": 0.1317775693, "eps": 1.96, "epsdiluted": 1.89, "weightedAverageShsOut": 183618000, "weightedAverageShsOutDil": 190227000, "link": "https://www.sec.gov/Archives/edgar/data/103730/000120677411000309/0001206774-11-000309-index.htm", "finalLink": "https://www.sec.gov/Archives/edgar/data/103730/000120677411000309/vishay_10k.htm", "calculatedOtherExpenses": 0, "calculatedOperatingExpenses": 389547000, "calculatedNetInterest": -11036000, "calculatedOtherIncome": -1369000, "calculatedIncomeNonControlling": 1187000, "calculatedEbitda": 608661000}, {"date": "2009-12-31", "symbol": "VSH", "reportedCurrency": "USD", "cik": "0000103730", "fillingDate": "2010-02-26", "acceptedDate": "2010-02-26 06:01:06", "calendarYear": "2009", "period": "FY", "revenue": 2042033000, "costOfRevenue": 1653872000, "grossProfit": 388161000, "grossProfitRatio": 0.1900855667, "researchAndDevelopmentExpenses": 0, "generalAndAdministrativeExpenses": 416986000, "sellingAndMarketingExpenses": 0, "sellingGeneralAndAdministrativeExpenses": 416986000, "otherExpenses": -28195000, "operatingExpenses": 388791000, "costAndExpenses": 2042663000, "interestIncome": 0, "interestExpense": 10321000, "depreciationAndAmortization": 229643000, "ebitda": 229013000, "ebitdaratio": 0.1121495098, "operatingIncome": -39185000, "operatingIncomeRatio": -0.01918921, "totalOtherIncomeExpensesNet": -28764000, "incomeBeforeTax": -39715000, "incomeBeforeTaxRatio": -0.0194487552, "incomeTaxExpense": 16800000, "netIncome": -57188000, "netIncomeRatio": -0.028005424, "eps": -0.31, "epsdiluted": -0.31, "weightedAverageShsOut": 186605000, "weightedAverageShsOutDil": 186605000, "link": "https://www.sec.gov/Archives/edgar/data/103730/000120677410000366/0001206774-10-000366-index.htm", "finalLink": "https://www.sec.gov/Archives/edgar/data/103730/000120677410000366/vishay_10k.htm", "calculatedOtherExpenses": 10360000, "calculatedOperatingExpenses": 427346000, "calculatedNetInterest": -10321000, "calculatedOtherIncome": 9791000, "calculatedIncomeNonControlling": 673000, "calculatedEbitda": 190458000}, {"date": "2008-12-31", "symbol": "VSH", "reportedCurrency": "USD", "cik": "0000103730", "fillingDate": "2009-02-26", "acceptedDate": "2009-02-26 06:00:59", "calendarYear": "2008", "period": "FY", "revenue": 2822211000, "costOfRevenue": 2219220000, "grossProfit": 602991000, "grossProfitRatio": 0.2136590779, "researchAndDevelopmentExpenses": 0, "generalAndAdministrativeExpenses": 0, "sellingAndMarketingExpenses": 0, "sellingGeneralAndAdministrativeExpenses": 450879000, "otherExpenses": 4000000, "operatingExpenses": 2194223000, "costAndExpenses": 4413443000, "interestIncome": 0, "interestExpense": 24264000, "depreciationAndAmortization": 221751000, "ebitda": -1591232000, "ebitdaratio": -0.5638246042, "operatingIncome": -1648696000, "operatingIncomeRatio": -0.584185945, "totalOtherIncomeExpensesNet": -56907000, "incomeBeforeTax": -1672403000, "incomeBeforeTaxRatio": -0.5925860965, "incomeTaxExpense": 11187000, "netIncome": -1731416000, "netIncomeRatio": -0.6134962978, "eps": -9.29, "epsdiluted": -9.29, "weightedAverageShsOut": 186403000, "weightedAverageShsOutDil": 186403000, "link": "https://www.sec.gov/Archives/edgar/data/103730/000120677409000337/0001206774-09-000337-index.htm", "finalLink": "https://www.sec.gov/Archives/edgar/data/103730/000120677409000337/vishay_10k.htm", "calculatedOtherExpenses": 1800808000, "calculatedOperatingExpenses": 2251687000, "calculatedNetInterest": -24264000, "calculatedOtherIncome": 557000, "calculatedIncomeNonControlling": 47826000, "calculatedEbitda": -1426945000}, {"date": "2007-12-31", "symbol": "VSH", "reportedCurrency": "USD", "cik": "0000103730", "fillingDate": "2008-02-27", "acceptedDate": "2008-02-27 06:01:01", "calendarYear": "2007", "period": "FY", "revenue": 2833266000, "costOfRevenue": 2138438000, "grossProfit": 694828000, "grossProfitRatio": 0.2452392398, "researchAndDevelopmentExpenses": 0, "generalAndAdministrativeExpenses": 0, "sellingAndMarketingExpenses": 0, "sellingGeneralAndAdministrativeExpenses": 439017000, "otherExpenses": 22762000, "operatingExpenses": 461779000, "costAndExpenses": 2600217000, "interestIncome": 0, "interestExpense": 23471000, "depreciationAndAmortization": 214691000, "ebitda": 488654000, "ebitdaratio": 0.1724702164, "operatingIncome": 218368000, "operatingIncomeRatio": 0.0770728904, "totalOtherIncomeExpensesNet": -40914000, "incomeBeforeTax": 205664000, "incomeBeforeTaxRatio": 0.0725890192, "incomeTaxExpense": 64133000, "netIncome": 130764000, "netIncomeRatio": 0.0461530968, "eps": 0.7, "epsdiluted": 0.69, "weightedAverageShsOut": 185646000, "weightedAverageShsOutDil": 198226000, "link": "https://www.sec.gov/Archives/edgar/data/103730/000120677408000372/0001206774-08-000372-index.htm", "finalLink": "https://www.sec.gov/Archives/edgar/data/103730/000120677408000372/vishay_10k.htm", "calculatedOtherExpenses": 37443000, "calculatedOperatingExpenses": 476460000, "calculatedNetInterest": -23471000, "calculatedOtherIncome": 10767000, "calculatedIncomeNonControlling": 10767000, "calculatedEbitda": 433059000}, {"date": "2006-12-31", "symbol": "VSH", "reportedCurrency": "USD", "cik": "0000103730", "fillingDate": "2007-02-27", "acceptedDate": "2007-02-27 16:10:18", "calendarYear": "2006", "period": "FY", "revenue": 2581477000, "costOfRevenue": 1916658000, "grossProfit": 664819000, "grossProfitRatio": 0.2575343495, "researchAndDevelopmentExpenses": 0, "generalAndAdministrativeExpenses": 0, "sellingAndMarketingExpenses": 0, "sellingGeneralAndAdministrativeExpenses": 403999000, "otherExpenses": 6685000, "operatingExpenses": 410684000, "costAndExpenses": 2327342000, "interestIncome": 0, "interestExpense": 17656000, "depreciationAndAmortization": 196963000, "ebitda": 488153000, "ebitdaratio": 0.189098334, "operatingIncome": 208228000, "operatingIncomeRatio": 0.0806623495, "totalOtherIncomeExpensesNet": -37055000, "incomeBeforeTax": 191550000, "incomeBeforeTaxRatio": 0.074201707, "incomeTaxExpense": 50836000, "netIncome": 139736000, "netIncomeRatio": 0.0541302518, "eps": 0.76, "epsdiluted": 0.73, "weightedAverageShsOut": 184400000, "weightedAverageShsOutDil": 210316000, "link": "https://www.sec.gov/Archives/edgar/data/103730/000120677407000513/0001206774-07-000513-index.htm", "finalLink": "https://www.sec.gov/Archives/edgar/data/103730/000120677407000513/vi71952.htm", "calculatedOtherExpenses": 52592000, "calculatedOperatingExpenses": 456591000, "calculatedNetInterest": -17656000, "calculatedOtherIncome": 978000, "calculatedIncomeNonControlling": 978000, "calculatedEbitda": 405191000}, {"date": "2005-12-31", "symbol": "VSH", "reportedCurrency": "USD", "cik": "0000103730", "fillingDate": "2006-03-08", "acceptedDate": "2006-03-08 08:47:41", "calendarYear": "2005", "period": "FY", "revenue": 2296521000, "costOfRevenue": 1769978000, "grossProfit": 526543000, "grossProfitRatio": 0.2292785479, "researchAndDevelopmentExpenses": 9694000, "generalAndAdministrativeExpenses": 0, "sellingAndMarketingExpenses": 0, "sellingGeneralAndAdministrativeExpenses": 376912000, "otherExpenses": 15167000, "operatingExpenses": 392079000, "costAndExpenses": 2162057000, "interestIncome": 0, "interestExpense": 60453000, "depreciationAndAmortization": 188900000, "ebitda": 361633000, "ebitdaratio": 0.1574699295, "operatingIncome": 95961000, "operatingIncomeRatio": 0.0417853788, "totalOtherIncomeExpensesNet": -38269000, "incomeBeforeTax": 74011000, "incomeBeforeTaxRatio": 0.0322274432, "incomeTaxExpense": 11737000, "netIncome": 62274000, "netIncomeRatio": 0.0271166691, "eps": 0.35, "epsdiluted": 0.34, "weightedAverageShsOut": 177606000, "weightedAverageShsOutDil": 189321000, "link": "https://www.sec.gov/Archives/edgar/data/103730/000120677406000383/0001206774-06-000383-index.htm", "finalLink": "https://www.sec.gov/Archives/edgar/data/103730/000120677406000383/vi71795.htm", "calculatedOtherExpenses": 43976000, "calculatedOperatingExpenses": 430582000, "calculatedNetInterest": -60453000, "calculatedOtherIncome": 38503000, "calculatedIncomeNonControlling": 0, "calculatedEbitda": 284861000}, {"date": "2004-12-31", "symbol": "VSH", "reportedCurrency": "USD", "cik": "0000103730", "fillingDate": "2005-03-15", "acceptedDate": "2005-03-15 16:19:54", "calendarYear": "2004", "period": "FY", "revenue": 2413576000, "costOfRevenue": 1842080000, "grossProfit": 571496000, "grossProfitRatio": 0.2367839256, "researchAndDevelopmentExpenses": 1500000, "generalAndAdministrativeExpenses": 0, "sellingAndMarketingExpenses": 0, "sellingGeneralAndAdministrativeExpenses": 386346000, "otherExpenses": 27296000, "operatingExpenses": 413642000, "costAndExpenses": 2255722000, "interestIncome": 0, "interestExpense": 99429000, "depreciationAndAmortization": 202580000, "ebitda": 441315000, "ebitdaratio": 0.1828469458, "operatingIncome": 92491000, "operatingIncomeRatio": 0.0383211467, "totalOtherIncomeExpensesNet": -80881000, "incomeBeforeTax": 70017000, "incomeBeforeTaxRatio": 0.0290096521, "incomeTaxExpense": 13729000, "netIncome": 44696000, "netIncomeRatio": 0.0185185799, "eps": 0.27, "epsdiluted": 0.27, "weightedAverageShsOut": 163701000, "weightedAverageShsOutDil": 165938000, "link": "https://www.sec.gov/Archives/edgar/data/103730/000120677405000347/0001206774-05-000347-index.htm", "finalLink": "https://www.sec.gov/Archives/edgar/data/103730/000120677405000347/vi71433.htm", "calculatedOtherExpenses": 91159000, "calculatedOperatingExpenses": 479005000, "calculatedNetInterest": -99429000, "calculatedOtherIncome": 76955000, "calculatedIncomeNonControlling": 11592000, "calculatedEbitda": 295071000}, {"date": "2003-12-31", "symbol": "VSH", "reportedCurrency": "USD", "cik": "0000103730", "fillingDate": "2004-03-15", "acceptedDate": "2004-03-15 16:39:51", "calendarYear": "2003", "period": "FY", "revenue": 2170597000, "costOfRevenue": 1690267000, "grossProfit": 480330000, "grossProfitRatio": 0.2212893503, "researchAndDevelopmentExpenses": 0, "generalAndAdministrativeExpenses": 0, "sellingAndMarketingExpenses": 0, "sellingGeneralAndAdministrativeExpenses": 381406000, "otherExpenses": 0, "operatingExpenses": 381406000, "costAndExpenses": 2071673000, "interestIncome": 0, "interestExpense": 60554000, "depreciationAndAmortization": 194055000, "ebitda": 314874000, "ebitdaratio": 0.1450633167, "operatingIncome": 57972000, "operatingIncomeRatio": 0.0267078596, "totalOtherIncomeExpensesNet": -21895000, "incomeBeforeTax": 38370000, "incomeBeforeTaxRatio": 0.0176771644, "incomeTaxExpense": 11528000, "netIncome": 26842000, "netIncomeRatio": 0.0123661831, "eps": 0.17, "epsdiluted": 0.17, "weightedAverageShsOut": 159631000, "weightedAverageShsOutDil": 160443000, "link": "https://www.sec.gov/Archives/edgar/data/103730/000092242304000397/0000922423-04-000397-index.htm", "finalLink": "https://www.sec.gov/Archives/edgar/data/103730/000092242304000397/kl03011_10k.txt", "calculatedOtherExpenses": 40952000, "calculatedOperatingExpenses": 422358000, "calculatedNetInterest": -60554000, "calculatedOtherIncome": 40952000, "calculatedIncomeNonControlling": 0, "calculatedEbitda": 252027000}, {"date": "2002-12-31", "symbol": "VSH", "reportedCurrency": "USD", "cik": "0000103730", "fillingDate": "2003-03-31", "acceptedDate": "2003-03-31 16:42:37", "calendarYear": "2002", "period": "FY", "revenue": 1822813000, "costOfRevenue": 1454540000, "grossProfit": 368273000, "grossProfitRatio": 0.2020355352, "researchAndDevelopmentExpenses": 0, "generalAndAdministrativeExpenses": 0, "sellingAndMarketingExpenses": 0, "sellingGeneralAndAdministrativeExpenses": 311251000, "otherExpenses": 106000000, "operatingExpenses": 417251000, "costAndExpenses": 1871791000, "interestIncome": 0, "interestExpense": 60536000, "depreciationAndAmortization": 180748000, "ebitda": 260076000, "ebitdaratio": 0.1426783768, "operatingIncome": -79948000, "operatingIncomeRatio": -0.0438596828, "totalOtherIncomeExpensesNet": -128306000, "incomeBeforeTax": -109514000, "incomeBeforeTaxRatio": -0.0600796681, "incomeTaxExpense": -16900000, "netIncome": -92614000, "netIncomeRatio": -0.0508082837, "eps": -0.58, "epsdiluted": -0.58, "weightedAverageShsOut": 159413000, "weightedAverageShsOutDil": 159413000, "link": "https://www.sec.gov/Archives/edgar/data/103730/000092242303000327/0000922423-03-000327-index.htm", "finalLink": "https://www.sec.gov/Archives/edgar/data/103730/000092242303000327/kl03030_10k.txt", "calculatedOtherExpenses": 136970000, "calculatedOperatingExpenses": 448221000, "calculatedNetInterest": -60536000, "calculatedOtherIncome": 30970000, "calculatedIncomeNonControlling": 0, "calculatedEbitda": 100800000}, {"date": "2001-12-31", "symbol": "VSH", "reportedCurrency": "USD", "cik": "0000103730", "fillingDate": "2002-04-01", "acceptedDate": "2002-04-01 00:00:00", "calendarYear": "2001", "period": "FY", "revenue": 1655346000, "costOfRevenue": 1273827000, "grossProfit": 381519000, "grossProfitRatio": 0.2304768912, "researchAndDevelopmentExpenses": 0, "generalAndAdministrativeExpenses": 0, "sellingAndMarketingExpenses": 0, "sellingGeneralAndAdministrativeExpenses": 278171000, "otherExpenses": 11190000, "operatingExpenses": 289361000, "costAndExpenses": 1563188000, "interestIncome": 0, "interestExpense": 85950000, "depreciationAndAmortization": 163387000, "ebitda": 320752000, "ebitdaratio": 0.1937673453, "operatingIncome": 14250000, "operatingIncomeRatio": 0.0086084722, "totalOtherIncomeExpensesNet": -65207000, "incomeBeforeTax": 6208000, "incomeBeforeTaxRatio": 0.0037502734, "incomeTaxExpense": 5695000, "netIncome": 513000, "netIncomeRatio": 0.000309905, "eps": 0.0036, "epsdiluted": 0.0036, "weightedAverageShsOut": 141171000, "weightedAverageShsOutDil": 142514000, "link": "https://www.sec.gov/Archives/edgar/data/103730/000092242302000372/0000922423-02-000372-index.htm", "finalLink": "https://www.sec.gov/Archives/edgar/data/103730/000092242302000372/kl03038_form10k.txt", "calculatedOtherExpenses": 89098000, "calculatedOperatingExpenses": 367269000, "calculatedNetInterest": -85950000, "calculatedOtherIncome": 77908000, "calculatedIncomeNonControlling": 0, "calculatedEbitda": 177637000}, {"date": "2000-12-31", "symbol": "VSH", "reportedCurrency": "USD", "cik": "0000103730", "fillingDate": "2001-03-30", "acceptedDate": "2001-03-30 00:00:00", "calendarYear": "2000", "period": "FY", "revenue": 2465066000, "costOfRevenue": 1459784000, "grossProfit": 1005282000, "grossProfitRatio": 0.4078113933, "researchAndDevelopmentExpenses": 0, "generalAndAdministrativeExpenses": 0, "sellingAndMarketingExpenses": 0, "sellingGeneralAndAdministrativeExpenses": 297315000, "otherExpenses": 11469000, "operatingExpenses": 308784000, "costAndExpenses": 1768568000, "interestIncome": 0, "interestExpense": 30448000, "depreciationAndAmortization": 140840000, "ebitda": 818434000, "ebitdaratio": 0.3320130171, "operatingIncome": 696498000, "operatingIncomeRatio": 0.2825474044, "totalOtherIncomeExpensesNet": 18904000, "incomeBeforeTax": 666050000, "incomeBeforeTaxRatio": 0.2701956053, "incomeTaxExpense": 148186000, "netIncome": 517864000, "netIncomeRatio": 0.2100811905, "eps": 3.83, "epsdiluted": 3.77, "weightedAverageShsOut": 135295000, "weightedAverageShsOutDil": 137463000, "link": "https://www.sec.gov/Archives/edgar/data/103730/000092242301000313/0000922423-01-000313-index.htm", "finalLink": "https://www.sec.gov/Archives/edgar/data/103730/000092242301000313/0000922423-01-000313-0001.txt", "calculatedOtherExpenses": 11469000, "calculatedOperatingExpenses": 308784000, "calculatedNetInterest": -30448000, "calculatedOtherIncome": 0, "calculatedIncomeNonControlling": 0, "calculatedEbitda": 837338000}, {"date": "1999-12-31", "symbol": "VSH", "reportedCurrency": "USD", "cik": "0000103730", "fillingDate": "2000-03-30", "acceptedDate": "2000-03-30 00:00:00", "calendarYear": "1999", "period": "FY", "revenue": 1760091000, "costOfRevenue": 1299705000, "grossProfit": 460386000, "grossProfitRatio": 0.2615694302, "researchAndDevelopmentExpenses": 0, "generalAndAdministrativeExpenses": 0, "sellingAndMarketingExpenses": 0, "sellingGeneralAndAdministrativeExpenses": 254282000, "otherExpenses": 12360000, "operatingExpenses": 266642000, "costAndExpenses": 1566347000, "interestIncome": 0, "interestExpense": 73567000, "depreciationAndAmortization": 139676000, "ebitda": 339157000, "ebitdaratio": 0.1926928778, "operatingIncome": 193744000, "operatingIncomeRatio": 0.1100761267, "totalOtherIncomeExpensesNet": -5737000, "incomeBeforeTax": 120177000, "incomeBeforeTaxRatio": 0.068278856, "incomeTaxExpense": 36940000, "netIncome": 83237000, "netIncomeRatio": 0.0472913048, "eps": 0.66, "epsdiluted": 0.65, "weightedAverageShsOut": 126678000, "weightedAverageShsOutDil": 128233000, "link": "https://www.sec.gov/Archives/edgar/data/103730/000092242300000540/0000922423-00-000540-index.html", "finalLink": "https://www.sec.gov/Archives/edgar/data/103730/000092242300000540/", "calculatedOtherExpenses": 12360000, "calculatedOperatingExpenses": 266642000, "calculatedNetInterest": -73567000, "calculatedOtherIncome": 0, "calculatedIncomeNonControlling": 0, "calculatedEbitda": 333420000}, {"date": "1998-12-31", "symbol": "VSH", "reportedCurrency": "USD", "cik": "0000103730", "fillingDate": "1999-03-31", "acceptedDate": "1999-03-31 00:00:00", "calendarYear": "1998", "period": "FY", "revenue": 1572745000, "costOfRevenue": 1189107000, "grossProfit": 383638000, "grossProfitRatio": 0.2439289268, "researchAndDevelopmentExpenses": 0, "generalAndAdministrativeExpenses": 0, "sellingAndMarketingExpenses": 0, "sellingGeneralAndAdministrativeExpenses": 234840000, "otherExpenses": 41573000, "operatingExpenses": 276413000, "costAndExpenses": 1465520000, "interestIncome": 0, "interestExpense": 68389000, "depreciationAndAmortization": 127947000, "ebitda": 283824000, "ebitdaratio": 0.180464093, "operatingIncome": 93925000, "operatingIncomeRatio": 0.0597204251, "totalOtherIncomeExpensesNet": -48652000, "incomeBeforeTax": 38836000, "incomeBeforeTaxRatio": 0.0246931321, "incomeTaxExpense": 30624000, "netIncome": 8212000, "netIncomeRatio": 0.005221444, "eps": 0.0667, "epsdiluted": 0.0667, "weightedAverageShsOut": 126664500, "weightedAverageShsOutDil": 126796500, "link": "https://www.sec.gov/Archives/edgar/data/103730/000092242399000478/0000922423-99-000478-index.html", "finalLink": "https://www.sec.gov/Archives/edgar/data/103730/", "calculatedOtherExpenses": 54873000, "calculatedOperatingExpenses": 289713000, "calculatedNetInterest": -68389000, "calculatedOtherIncome": 13300000, "calculatedIncomeNonControlling": 0, "calculatedEbitda": 221872000}, {"date": "1997-12-31", "symbol": "VSH", "reportedCurrency": "USD", "cik": "0000103730", "fillingDate": "1998-03-31", "acceptedDate": "1998-03-31 00:00:00", "calendarYear": "1997", "period": "FY", "revenue": 1125219000, "costOfRevenue": 858020000, "grossProfit": 267199000, "grossProfitRatio": 0.2374639959, "researchAndDevelopmentExpenses": 0, "generalAndAdministrativeExpenses": 0, "sellingAndMarketingExpenses": 0, "sellingGeneralAndAdministrativeExpenses": 136876000, "otherExpenses": 21721000, "operatingExpenses": 158597000, "costAndExpenses": 1016617000, "interestIncome": 0, "interestExpense": 21133000, "depreciationAndAmortization": 81874000, "ebitda": 207293000, "ebitdaratio": 0.1842245821, "operatingIncome": 108602000, "operatingIncomeRatio": 0.0965163226, "totalOtherIncomeExpensesNet": -16817000, "incomeBeforeTax": 87469000, "incomeBeforeTaxRatio": 0.0777350898, "incomeTaxExpense": 34167000, "netIncome": 53302000, "netIncomeRatio": 0.0473703341, "eps": 0.42, "epsdiluted": 0.42, "weightedAverageShsOut": 126431702, "weightedAverageShsOutDil": 126903656, "link": "https://www.sec.gov/Archives/edgar/data/103730/000092242398000354/0000922423-98-000354-index.html", "finalLink": "https://www.sec.gov/Archives/edgar/data/103730/", "calculatedOtherExpenses": 21721000, "calculatedOperatingExpenses": 158597000, "calculatedNetInterest": -21133000, "calculatedOtherIncome": 0, "calculatedIncomeNonControlling": 0, "calculatedEbitda": 190476000}, {"date": "1996-12-31", "symbol": "VSH", "reportedCurrency": "USD", "cik": "0000103730", "fillingDate": "1997-03-27", "acceptedDate": "1997-03-27 00:00:00", "calendarYear": "1996", "period": "FY", "revenue": 1097979000, "costOfRevenue": 825866000, "grossProfit": 272113000, "grossProfitRatio": 0.2478307873, "researchAndDevelopmentExpenses": 0, "generalAndAdministrativeExpenses": 0, "sellingAndMarketingExpenses": 0, "sellingGeneralAndAdministrativeExpenses": 141765000, "otherExpenses": 6494000, "operatingExpenses": 148259000, "costAndExpenses": 974125000, "interestIncome": 0, "interestExpense": 15467000, "depreciationAndAmortization": 77247000, "ebitda": 237190000, "ebitdaratio": 0.216024168, "operatingIncome": 85824000, "operatingIncomeRatio": 0.0781654294, "totalOtherIncomeExpensesNet": -36089000, "incomeBeforeTax": 70357000, "incomeBeforeTaxRatio": 0.064078639, "incomeTaxExpense": 17741000, "netIncome": 52616000, "netIncomeRatio": 0.0479207708, "eps": 0.41, "epsdiluted": 0.41, "weightedAverageShsOut": 125779133, "weightedAverageShsOutDil": 125779133, "link": "https://www.sec.gov/Archives/edgar/data/103730/000092242397000234/0000922423-97-000234-index.html", "finalLink": "https://www.sec.gov/Archives/edgar/data/103730/", "calculatedOtherExpenses": 44524000, "calculatedOperatingExpenses": 186289000, "calculatedNetInterest": -15467000, "calculatedOtherIncome": 0, "calculatedIncomeNonControlling": 0, "calculatedEbitda": 163071000}, {"date": "1995-12-31", "symbol": "VSH", "reportedCurrency": "USD", "cik": "0000103730", "fillingDate": "1996-03-25", "acceptedDate": "1996-03-25 00:00:00", "calendarYear": "1995", "period": "FY", "revenue": 1224416000, "costOfRevenue": 902518000, "grossProfit": 321898000, "grossProfitRatio": 0.2628992107, "researchAndDevelopmentExpenses": 0, "generalAndAdministrativeExpenses": 0, "sellingAndMarketingExpenses": 0, "sellingGeneralAndAdministrativeExpenses": 158821000, "otherExpenses": 6461000, "operatingExpenses": 165282000, "costAndExpenses": 1067800000, "interestIncome": 0, "interestExpense": 29442000, "depreciationAndAmortization": 69547000, "ebitda": 230372000, "ebitdaratio": 0.1881484724, "operatingIncome": 152416000, "operatingIncomeRatio": 0.1244805687, "totalOtherIncomeExpensesNet": -4209000, "incomeBeforeTax": 122974000, "incomeBeforeTaxRatio": 0.1004348195, "incomeTaxExpense": 30307000, "netIncome": 92667000, "netIncomeRatio": 0.0756826111, "eps": 0.79, "epsdiluted": 0.79, "weightedAverageShsOut": 117923641, "weightedAverageShsOutDil": 117923641, "link": "https://www.sec.gov/Archives/edgar/data/103730/000092242396000155/0000922423-96-000155-index.html", "finalLink": "https://www.sec.gov/Archives/edgar/data/103730/", "calculatedOtherExpenses": 10661000, "calculatedOperatingExpenses": 169482000, "calculatedNetInterest": -29442000, "calculatedOtherIncome": 0, "calculatedIncomeNonControlling": 0, "calculatedEbitda": 221963000}, {"date": "1994-12-31", "symbol": "VSH", "reportedCurrency": "USD", "cik": "0000103730", "fillingDate": "1995-03-30", "acceptedDate": "1995-03-30 00:00:00", "calendarYear": "1994", "period": "FY", "revenue": 987837000, "costOfRevenue": 748135000, "grossProfit": 239702000, "grossProfitRatio": 0.2426533932, "researchAndDevelopmentExpenses": 0, "generalAndAdministrativeExpenses": 0, "sellingAndMarketingExpenses": 0, "sellingGeneralAndAdministrativeExpenses": 137124000, "otherExpenses": 4609000, "operatingExpenses": 141733000, "costAndExpenses": 889868000, "interestIncome": 0, "interestExpense": 22937000, "depreciationAndAmortization": 57742000, "ebitda": 154795000, "ebitdaratio": 0.1567009537, "operatingIncome": 97969000, "operatingIncomeRatio": 0.0991752688, "totalOtherIncomeExpensesNet": 916000, "incomeBeforeTax": 74116000, "incomeBeforeTaxRatio": 0.0750285725, "incomeTaxExpense": 15169000, "netIncome": 58947000, "netIncomeRatio": 0.0596728003, "eps": 0.55, "epsdiluted": 0.55, "weightedAverageShsOut": 106569510, "weightedAverageShsOutDil": 106569510, "link": "https://www.sec.gov/Archives/edgar/data/103730/000092242395000040/0000922423-95-000040-index.html", "finalLink": "https://www.sec.gov/Archives/edgar/data/103730/", "calculatedOtherExpenses": 4609000, "calculatedOperatingExpenses": 141733000, "calculatedNetInterest": -22937000, "calculatedOtherIncome": -916000, "calculatedIncomeNonControlling": 0, "calculatedEbitda": 155711000}, {"date": "1993-12-31", "symbol": "VSH", "reportedCurrency": "USD", "cik": "0000103730", "fillingDate": "1994-03-31", "acceptedDate": "1994-03-31 00:00:00", "calendarYear": "1993", "period": "FY", "revenue": 856272000, "costOfRevenue": 663239000, "grossProfit": 193033000, "grossProfitRatio": 0.2254342078, "researchAndDevelopmentExpenses": 0, "generalAndAdministrativeExpenses": 0, "sellingAndMarketingExpenses": 0, "sellingGeneralAndAdministrativeExpenses": 118906000, "otherExpenses": -7221000, "operatingExpenses": 111685000, "costAndExpenses": 774924000, "interestIncome": 0, "interestExpense": 29027000, "depreciationAndAmortization": 48578000, "ebitda": 129241000, "ebitdaratio": 0.1509345161, "operatingIncome": 74689000, "operatingIncomeRatio": 0.0872257881, "totalOtherIncomeExpensesNet": 685000, "incomeBeforeTax": 50894000, "incomeBeforeTaxRatio": 0.059436721, "incomeTaxExpense": 8246000, "netIncome": 44075000, "netIncomeRatio": 0.05147313, "eps": 0.43, "epsdiluted": 0.43, "weightedAverageShsOut": 101598393, "weightedAverageShsOutDil": 101598393, "link": "https://www.sec.gov/Archives/edgar/data/103730/000095011694000038/0000950116-94-000038-index.html", "finalLink": "https://www.sec.gov/Archives/edgar/data/103730/", "calculatedOtherExpenses": -562000, "calculatedOperatingExpenses": 118344000, "calculatedNetInterest": -29027000, "calculatedOtherIncome": 5232000, "calculatedIncomeNonControlling": -1427000, "calculatedEbitda": 123267000}, {"date": "1992-12-31", "symbol": "VSH", "reportedCurrency": "USD", "cik": "0000103730", "fillingDate": "1992-12-31", "acceptedDate": "1992-12-31 00:00:00", "calendarYear": "1992", "period": "FY", "revenue": 664200000, "costOfRevenue": 472000000, "grossProfit": 192200000, "grossProfitRatio": 0.2893706715, "researchAndDevelopmentExpenses": 0, "generalAndAdministrativeExpenses": 0, "sellingAndMarketingExpenses": 0, "sellingGeneralAndAdministrativeExpenses": 101300000, "otherExpenses": 36100000, "operatingExpenses": 137400000, "costAndExpenses": 609400000, "interestIncome": 0, "interestExpense": 14700000, "depreciationAndAmortization": 36100000, "ebitda": 88700000, "ebitdaratio": 0.1335441132, "operatingIncome": 54800000, "operatingIncomeRatio": 0.0825052695, "totalOtherIncomeExpensesNet": 2200000, "incomeBeforeTax": 37900000, "incomeBeforeTaxRatio": 0.0570611262, "incomeTaxExpense": 7500000, "netIncome": 30400000, "netIncomeRatio": 0.0457693466, "eps": 0.37, "epsdiluted": 0.37, "weightedAverageShsOut": 82162162, "weightedAverageShsOutDil": 82162162, "link": null, "finalLink": null, "calculatedOtherExpenses": 36100000, "calculatedOperatingExpenses": 137400000, "calculatedNetInterest": -14700000, "calculatedOtherIncome": -2200000, "calculatedIncomeNonControlling": 0, "calculatedEbitda": 90900000}, {"date": "1991-12-31", "symbol": "VSH", "reportedCurrency": "USD", "cik": "0000103730", "fillingDate": "1991-12-31", "acceptedDate": "1991-12-31 00:00:00", "calendarYear": "1991", "period": "FY", "revenue": 442300000, "costOfRevenue": 291100000, "grossProfit": 151200000, "grossProfitRatio": 0.3418494235, "researchAndDevelopmentExpenses": 0, "generalAndAdministrativeExpenses": 0, "sellingAndMarketingExpenses": 0, "sellingGeneralAndAdministrativeExpenses": 79700000, "otherExpenses": 27100000, "operatingExpenses": 106800000, "costAndExpenses": 397900000, "interestIncome": 0, "interestExpense": 17100000, "depreciationAndAmortization": 27100000, "ebitda": 73500000, "ebitdaratio": 0.1661768031, "operatingIncome": 44400000, "operatingIncomeRatio": 0.1003843545, "totalOtherIncomeExpensesNet": -2000000, "incomeBeforeTax": 27300000, "incomeBeforeTaxRatio": 0.0617228126, "incomeTaxExpense": 6400000, "netIncome": 20900000, "netIncomeRatio": 0.0472529957, "eps": 0.27, "epsdiluted": 0.27, "weightedAverageShsOut": 77407407, "weightedAverageShsOutDil": 77407407, "link": null, "finalLink": null, "calculatedOtherExpenses": 27100000, "calculatedOperatingExpenses": 106800000, "calculatedNetInterest": -17100000, "calculatedOtherIncome": 0, "calculatedIncomeNonControlling": 0, "calculatedEbitda": 71500000}, {"date": "1990-12-31", "symbol": "VSH", "reportedCurrency": "USD", "cik": "0000103730", "fillingDate": "1990-12-31", "acceptedDate": "1990-12-31 00:00:00", "calendarYear": "1990", "period": "FY", "revenue": 445600000, "costOfRevenue": 286700000, "grossProfit": 158900000, "grossProfitRatio": 0.3565978456, "researchAndDevelopmentExpenses": 0, "generalAndAdministrativeExpenses": 0, "sellingAndMarketingExpenses": 0, "sellingGeneralAndAdministrativeExpenses": 77700000, "otherExpenses": 26200000, "operatingExpenses": 103900000, "costAndExpenses": 390600000, "interestIncome": 0, "interestExpense": 21100000, "depreciationAndAmortization": 26200000, "ebitda": 82900000, "ebitdaratio": 0.1860412926, "operatingIncome": 55000000, "operatingIncomeRatio": 0.1234290844, "totalOtherIncomeExpensesNet": -1700000, "incomeBeforeTax": 33900000, "incomeBeforeTaxRatio": 0.0760771993, "incomeTaxExpense": 10700000, "netIncome": 23200000, "netIncomeRatio": 0.052064632, "eps": 0.34, "epsdiluted": 0.34, "weightedAverageShsOut": 68235294, "weightedAverageShsOutDil": 68235294, "link": null, "finalLink": null, "calculatedOtherExpenses": 26200000, "calculatedOperatingExpenses": 103900000, "calculatedNetInterest": -21100000, "calculatedOtherIncome": 0, "calculatedIncomeNonControlling": 0, "calculatedEbitda": 81200000}, {"date": "1989-12-31", "symbol": "VSH", "reportedCurrency": "USD", "cik": "0000103730", "fillingDate": "1989-12-31", "acceptedDate": "1989-12-31 00:00:00", "calendarYear": "1989", "period": "FY", "revenue": 415600000, "costOfRevenue": 268500000, "grossProfit": 147100000, "grossProfitRatio": 0.353946102, "researchAndDevelopmentExpenses": 0, "generalAndAdministrativeExpenses": 0, "sellingAndMarketingExpenses": 0, "sellingGeneralAndAdministrativeExpenses": 76500000, "otherExpenses": 22300000, "operatingExpenses": 98800000, "costAndExpenses": 367300000, "interestIncome": 0, "interestExpense": 21800000, "depreciationAndAmortization": 22300000, "ebitda": 71500000, "ebitdaratio": 0.1720404235, "operatingIncome": 48300000, "operatingIncomeRatio": 0.1162175168, "totalOtherIncomeExpensesNet": -900000, "incomeBeforeTax": 26500000, "incomeBeforeTaxRatio": 0.0637632339, "incomeTaxExpense": 8700000, "netIncome": 17800000, "netIncomeRatio": 0.0428296439, "eps": 0.27, "epsdiluted": 0.27, "weightedAverageShsOut": 65925926, "weightedAverageShsOutDil": 65925926, "link": null, "finalLink": null, "calculatedOtherExpenses": 22300000, "calculatedOperatingExpenses": 98800000, "calculatedNetInterest": -21800000, "calculatedOtherIncome": 0, "calculatedIncomeNonControlling": 0, "calculatedEbitda": 70600000}, {"date": "1988-12-31", "symbol": "VSH", "reportedCurrency": "USD", "cik": "0000103730", "fillingDate": "1988-12-31", "acceptedDate": "1988-12-30 19:00:00", "calendarYear": "1988", "period": "FY", "revenue": 175800000, "costOfRevenue": 114300000, "grossProfit": 61500000, "grossProfitRatio": 0.3498293515, "researchAndDevelopmentExpenses": 0, "generalAndAdministrativeExpenses": 0, "sellingAndMarketingExpenses": 0, "sellingGeneralAndAdministrativeExpenses": 33700000, "otherExpenses": 9500000, "operatingExpenses": 43200000, "costAndExpenses": 157500000, "interestIncome": 0, "interestExpense": 0, "depreciationAndAmortization": 9500000, "ebitda": 24900000, "ebitdaratio": 0.1416382253, "operatingIncome": 18300000, "operatingIncomeRatio": 0.1040955631, "totalOtherIncomeExpensesNet": 2900000, "incomeBeforeTax": 11700000, "incomeBeforeTaxRatio": 0.066552901, "incomeTaxExpense": 3600000, "netIncome": 8100000, "netIncomeRatio": 0.0460750853, "eps": 0.13, "epsdiluted": 0.13, "weightedAverageShsOut": 62307692, "weightedAverageShsOutDil": 62307692, "link": null, "finalLink": null, "calculatedOtherExpenses": 9500000, "calculatedOperatingExpenses": 43200000, "calculatedNetInterest": 0, "calculatedOtherIncome": -6600000, "calculatedIncomeNonControlling": 0, "calculatedEbitda": 27800000}, {"date": "1987-12-31", "symbol": "VSH", "reportedCurrency": "USD", "cik": "0000103730", "fillingDate": "1988-06-30", "acceptedDate": "1988-06-29 20:00:00", "calendarYear": "1987", "period": "FY", "revenue": 109000000, "costOfRevenue": 64100000, "grossProfit": 44900000, "grossProfitRatio": 0.4119266055, "researchAndDevelopmentExpenses": 0, "generalAndAdministrativeExpenses": 0, "sellingAndMarketingExpenses": 0, "sellingGeneralAndAdministrativeExpenses": 26400000, "otherExpenses": 4500000, "operatingExpenses": 30900000, "costAndExpenses": 95000000, "interestIncome": 0, "interestExpense": 0, "depreciationAndAmortization": 4500000, "ebitda": 8700000, "ebitdaratio": 0.0798165138, "operatingIncome": 14000000, "operatingIncomeRatio": 0.128440367, "totalOtherIncomeExpensesNet": 9800000, "incomeBeforeTax": 21400000, "incomeBeforeTaxRatio": 0.1963302752, "incomeTaxExpense": 5900000, "netIncome": 15500000, "netIncomeRatio": 0.1422018349, "eps": 0.24, "epsdiluted": 0.24, "weightedAverageShsOut": 64583333, "weightedAverageShsOutDil": 64583333, "link": null, "finalLink": null, "calculatedOtherExpenses": 4500000, "calculatedOperatingExpenses": 30900000, "calculatedNetInterest": 0, "calculatedOtherIncome": 7400000, "calculatedIncomeNonControlling": 0, "calculatedEbitda": 18500000}, {"date": "1986-12-31", "symbol": "VSH", "reportedCurrency": "USD", "cik": "0000103730", "fillingDate": "1987-06-30", "acceptedDate": "1987-06-30 00:00:00", "calendarYear": "1986", "period": "FY", "revenue": 59000000, "costOfRevenue": 29300000, "grossProfit": 29700000, "grossProfitRatio": 0.5033898305, "researchAndDevelopmentExpenses": 0, "generalAndAdministrativeExpenses": 0, "sellingAndMarketingExpenses": 0, "sellingGeneralAndAdministrativeExpenses": 18700000, "otherExpenses": 2800000, "operatingExpenses": 21500000, "costAndExpenses": 50800000, "interestIncome": 0, "interestExpense": -4000000, "depreciationAndAmortization": 2800000, "ebitda": 5500000, "ebitdaratio": 0.093220339, "operatingIncome": 8200000, "operatingIncomeRatio": 0.1389830508, "totalOtherIncomeExpensesNet": 5500000, "incomeBeforeTax": 12200000, "incomeBeforeTaxRatio": 0.206779661, "incomeTaxExpense": 2000000, "netIncome": 10200000, "netIncomeRatio": 0.1728813559, "eps": 0.17, "epsdiluted": 0.17, "weightedAverageShsOut": 60000000, "weightedAverageShsOutDil": 60000000, "link": null, "finalLink": null, "calculatedOtherExpenses": 2800000, "calculatedOperatingExpenses": 21500000, "calculatedNetInterest": 4000000, "calculatedOtherIncome": 0, "calculatedIncomeNonControlling": 0, "calculatedEbitda": 11000000}, {"date": "1985-12-31", "symbol": "VSH", "reportedCurrency": "USD", "cik": "0000103730", "fillingDate": "1986-06-30", "acceptedDate": "1986-06-29 20:00:00", "calendarYear": "1985", "period": "FY", "revenue": 58900000, "costOfRevenue": 29400000, "grossProfit": 29500000, "grossProfitRatio": 0.5008488964, "researchAndDevelopmentExpenses": 0, "generalAndAdministrativeExpenses": 0, "sellingAndMarketingExpenses": 0, "sellingGeneralAndAdministrativeExpenses": 18300000, "otherExpenses": 2400000, "operatingExpenses": 20700000, "costAndExpenses": 50100000, "interestIncome": 0, "interestExpense": 0, "depreciationAndAmortization": 2400000, "ebitda": 6300000, "ebitdaratio": 0.1069609508, "operatingIncome": 8800000, "operatingIncomeRatio": 0.1494057725, "totalOtherIncomeExpensesNet": 4900000, "incomeBeforeTax": 11300000, "incomeBeforeTaxRatio": 0.1918505942, "incomeTaxExpense": 2000000, "netIncome": 9300000, "netIncomeRatio": 0.1578947368, "eps": 0.15, "epsdiluted": 0.15, "weightedAverageShsOut": 62000000, "weightedAverageShsOutDil": 62000000, "link": null, "finalLink": null, "calculatedOtherExpenses": 2400000, "calculatedOperatingExpenses": 20700000, "calculatedNetInterest": 0, "calculatedOtherIncome": 2500000, "calculatedIncomeNonControlling": 0, "calculatedEbitda": 11200000}]}