{"originalCurrency": "USD", "convertedCurrency": "USD", "report": [{"date": "2023-12-31", "symbol": "VST", "reportedCurrency": "USD", "cik": "0001692819", "fillingDate": "2024-02-29", "acceptedDate": "2024-02-28 21:35:37", "calendarYear": "2023", "period": "FY", "revenue": 14779000000, "costOfRevenue": 9259000000, "grossProfit": 5520000000, "grossProfitRatio": 0.3735029434, "researchAndDevelopmentExpenses": 0, "generalAndAdministrativeExpenses": 0, "sellingAndMarketingExpenses": 0, "sellingGeneralAndAdministrativeExpenses": 1308000000, "otherExpenses": -126000000, "operatingExpenses": 2810000000, "costAndExpenses": 12069000000, "interestIncome": 86000000, "interestExpense": 617000000, "depreciationAndAmortization": 1956000000, "ebitda": 4536000000, "ebitdaratio": 0.3069219839, "operatingIncome": 2661000000, "operatingIncomeRatio": 0.1800527776, "totalOtherIncomeExpensesNet": -89000000, "incomeBeforeTax": 2000000000, "incomeBeforeTaxRatio": 0.1353271534, "incomeTaxExpense": 508000000, "netIncome": 1493000000, "netIncomeRatio": 0.10102172, "eps": 3.63, "epsdiluted": 3.58, "weightedAverageShsOut": 369771359, "weightedAverageShsOutDil": 375193110, "link": "https://www.sec.gov/Archives/edgar/data/1692819/000169281924000012/0001692819-24-000012-index.htm", "finalLink": "https://www.sec.gov/Archives/edgar/data/1692819/000169281924000012/vistra-20231231.htm", "calculatedOtherExpenses": 1551000000, "calculatedOperatingExpenses": 2859000000, "calculatedNetInterest": -531000000, "calculatedOtherIncome": -130000000, "calculatedIncomeNonControlling": -1000000, "calculatedEbitda": 4617000000}, {"date": "2022-12-31", "symbol": "VST", "reportedCurrency": "USD", "cik": "0001692819", "fillingDate": "2023-03-01", "acceptedDate": "2023-03-01 09:41:10", "calendarYear": "2022", "period": "FY", "revenue": 13728000000, "costOfRevenue": 12046000000, "grossProfit": 1682000000, "grossProfitRatio": 0.12252331, "researchAndDevelopmentExpenses": 0, "generalAndAdministrativeExpenses": 1142000000, "sellingAndMarketingExpenses": 47000000, "sellingGeneralAndAdministrativeExpenses": 1189000000, "otherExpenses": 1596000000, "operatingExpenses": 2785000000, "costAndExpenses": 14831000000, "interestIncome": 19000000, "interestExpense": 368000000, "depreciationAndAmortization": 2047000000, "ebitda": 929000000, "ebitdaratio": 0.0676719114, "operatingIncome": -1118000000, "operatingIncomeRatio": -0.0814393939, "totalOtherIncomeExpensesNet": -442000000, "incomeBeforeTax": -1560000000, "incomeBeforeTaxRatio": -0.1136363636, "incomeTaxExpense": -350000000, "netIncome": -1210000000, "netIncomeRatio": -0.0881410256, "eps": -2.86, "epsdiluted": -2.86, "weightedAverageShsOut": 422447074, "weightedAverageShsOutDil": 422447074, "link": "https://www.sec.gov/Archives/edgar/data/1692819/000169281923000005/0001692819-23-000005-index.htm", "finalLink": "https://www.sec.gov/Archives/edgar/data/1692819/000169281923000005/vistra-20221231.htm", "calculatedOtherExpenses": 1611000000, "calculatedOperatingExpenses": 2800000000, "calculatedNetInterest": -349000000, "calculatedOtherIncome": -93000000, "calculatedIncomeNonControlling": 0, "calculatedEbitda": 929000000}, {"date": "2021-12-31", "symbol": "VST", "reportedCurrency": "USD", "cik": "0001692819", "fillingDate": "2022-02-25", "acceptedDate": "2022-02-25 07:47:08", "calendarYear": "2021", "period": "FY", "revenue": 12077000000, "costOfRevenue": 10728000000, "grossProfit": 1349000000, "grossProfitRatio": 0.1116999255, "researchAndDevelopmentExpenses": 0, "generalAndAdministrativeExpenses": 992000000, "sellingAndMarketingExpenses": 48000000, "sellingGeneralAndAdministrativeExpenses": 1040000000, "otherExpenses": 1753000000, "operatingExpenses": 2793000000, "costAndExpenses": 13521000000, "interestIncome": 350000000, "interestExpense": 384000000, "depreciationAndAmortization": 2050000000, "ebitda": 783000000, "ebitdaratio": 0.0648339819, "operatingIncome": -1267000000, "operatingIncomeRatio": -0.1049101598, "totalOtherIncomeExpensesNet": -455000000, "incomeBeforeTax": -1722000000, "incomeBeforeTaxRatio": -0.1425850791, "incomeTaxExpense": -458000000, "netIncome": -1264000000, "netIncomeRatio": -0.1046617537, "eps": -2.62, "epsdiluted": -2.62, "weightedAverageShsOut": 482214544, "weightedAverageShsOutDil": 482214544, "link": "https://www.sec.gov/Archives/edgar/data/1692819/000169281922000005/0001692819-22-000005-index.htm", "finalLink": "https://www.sec.gov/Archives/edgar/data/1692819/000169281922000005/vistra-20211231.htm", "calculatedOtherExpenses": 1576000000, "calculatedOperatingExpenses": 2616000000, "calculatedNetInterest": -34000000, "calculatedOtherIncome": -421000000, "calculatedIncomeNonControlling": 0, "calculatedEbitda": 783000000}, {"date": "2020-12-31", "symbol": "VST", "reportedCurrency": "USD", "cik": "0001692819", "fillingDate": "2021-02-26", "acceptedDate": "2021-02-26 07:45:49", "calendarYear": "2020", "period": "FY", "revenue": 11443000000, "costOfRevenue": 6796000000, "grossProfit": 4647000000, "grossProfitRatio": 0.406099799, "researchAndDevelopmentExpenses": 0, "generalAndAdministrativeExpenses": 992000000, "sellingAndMarketingExpenses": 43000000, "sellingGeneralAndAdministrativeExpenses": 1035000000, "otherExpenses": 1737000000, "operatingExpenses": 2772000000, "costAndExpenses": 9568000000, "interestIncome": 2000000, "interestExpense": 446000000, "depreciationAndAmortization": 2374000000, "ebitda": 3893000000, "ebitdaratio": 0.3402079874, "operatingIncome": 1519000000, "operatingIncomeRatio": 0.1327449096, "totalOtherIncomeExpensesNet": -629000000, "incomeBeforeTax": 890000000, "incomeBeforeTaxRatio": 0.0777768068, "incomeTaxExpense": 266000000, "netIncome": 636000000, "netIncomeRatio": 0.0555798305, "eps": 1.3, "epsdiluted": 1.3, "weightedAverageShsOut": 488668263, "weightedAverageShsOutDil": 491090468, "link": "https://www.sec.gov/Archives/edgar/data/1692819/000169281921000004/0001692819-21-000004-index.htm", "finalLink": "https://www.sec.gov/Archives/edgar/data/1692819/000169281921000004/vistra-20201231.htm", "calculatedOtherExpenses": 2093000000, "calculatedOperatingExpenses": 3128000000, "calculatedNetInterest": -444000000, "calculatedOtherIncome": -185000000, "calculatedIncomeNonControlling": -12000000, "calculatedEbitda": 3893000000}, {"date": "2019-12-31", "symbol": "VST", "reportedCurrency": "USD", "cik": "0001692819", "fillingDate": "2020-02-28", "acceptedDate": "2020-02-28 09:15:45", "calendarYear": "2019", "period": "FY", "revenue": 11809000000, "costOfRevenue": 7272000000, "grossProfit": 4537000000, "grossProfitRatio": 0.3841984927, "researchAndDevelopmentExpenses": 0, "generalAndAdministrativeExpenses": 855000000, "sellingAndMarketingExpenses": 49000000, "sellingGeneralAndAdministrativeExpenses": 904000000, "otherExpenses": 1640000000, "operatingExpenses": 2544000000, "costAndExpenses": 9816000000, "interestIncome": 10000000, "interestExpense": 564000000, "depreciationAndAmortization": 1840000000, "ebitda": 3833000000, "ebitdaratio": 0.3245829452, "operatingIncome": 1993000000, "operatingIncomeRatio": 0.1687695825, "totalOtherIncomeExpensesNet": -777000000, "incomeBeforeTax": 1216000000, "incomeBeforeTaxRatio": 0.1029723093, "incomeTaxExpense": 290000000, "netIncome": 928000000, "netIncomeRatio": 0.0785841307, "eps": 1.88, "epsdiluted": 1.86, "weightedAverageShsOut": 494146268, "weightedAverageShsOutDil": 499935490, "link": "https://www.sec.gov/Archives/edgar/data/1692819/000169281920000005/0001692819-20-000005-index.htm", "finalLink": "https://www.sec.gov/Archives/edgar/data/1692819/000169281920000005/vistra-20191231.htm", "calculatedOtherExpenses": 1640000000, "calculatedOperatingExpenses": 2544000000, "calculatedNetInterest": -554000000, "calculatedOtherIncome": -223000000, "calculatedIncomeNonControlling": -2000000, "calculatedEbitda": 3833000000}, {"date": "2018-12-31", "symbol": "VST", "reportedCurrency": "USD", "cik": "0001692819", "fillingDate": "2019-02-28", "acceptedDate": "2019-02-28 16:48:18", "calendarYear": "2018", "period": "FY", "revenue": 9144000000, "costOfRevenue": 6333000000, "grossProfit": 2811000000, "grossProfitRatio": 0.3074146982, "researchAndDevelopmentExpenses": 0, "generalAndAdministrativeExpenses": 880000000, "sellingAndMarketingExpenses": 46000000, "sellingGeneralAndAdministrativeExpenses": 926000000, "otherExpenses": -74000000, "operatingExpenses": 2320000000, "costAndExpenses": 8653000000, "interestIncome": 18000000, "interestExpense": 525000000, "depreciationAndAmortization": 1533000000, "ebitda": 1970000000, "ebitdaratio": 0.2154418198, "operatingIncome": 491000000, "operatingIncomeRatio": 0.0536964129, "totalOtherIncomeExpensesNet": -70000000, "incomeBeforeTax": -101000000, "incomeBeforeTaxRatio": -0.0110454943, "incomeTaxExpense": -45000000, "netIncome": -54000000, "netIncomeRatio": -0.0059055118, "eps": -0.11, "epsdiluted": -0.11, "weightedAverageShsOut": 490909090, "weightedAverageShsOutDil": 504954371, "link": "https://www.sec.gov/Archives/edgar/data/1692819/000169281919000005/0001692819-19-000005-index.htm", "finalLink": "https://www.sec.gov/Archives/edgar/data/1692819/000169281919000005/vistra-20181231x10k.htm", "calculatedOtherExpenses": 1394000000, "calculatedOperatingExpenses": 2320000000, "calculatedNetInterest": -507000000, "calculatedOtherIncome": -85000000, "calculatedIncomeNonControlling": -2000000, "calculatedEbitda": 2024000000}, {"date": "2017-12-31", "symbol": "VST", "reportedCurrency": "USD", "cik": "0001692819", "fillingDate": "2018-02-26", "acceptedDate": "2018-02-26 08:01:10", "calendarYear": "2017", "period": "FY", "revenue": 5430000000, "costOfRevenue": 3908000000, "grossProfit": 1522000000, "grossProfitRatio": 0.2802946593, "researchAndDevelopmentExpenses": 0, "generalAndAdministrativeExpenses": 556000000, "sellingAndMarketingExpenses": 44000000, "sellingGeneralAndAdministrativeExpenses": 600000000, "otherExpenses": 228000000, "operatingExpenses": 1299000000, "costAndExpenses": 5207000000, "interestIncome": 15000000, "interestExpense": 206000000, "depreciationAndAmortization": 835000000, "ebitda": 1285000000, "ebitdaratio": 0.2366482505, "operatingIncome": 198000000, "operatingIncomeRatio": 0.0364640884, "totalOtherIncomeExpensesNet": 234000000, "incomeBeforeTax": 250000000, "incomeBeforeTaxRatio": 0.0460405157, "incomeTaxExpense": 504000000, "netIncome": -254000000, "netIncomeRatio": -0.0467771639, "eps": -0.59, "epsdiluted": -0.59, "weightedAverageShsOut": 427761460, "weightedAverageShsOutDil": 427761460, "link": "https://www.sec.gov/Archives/edgar/data/1692819/000169281918000018/0001692819-18-000018-index.htm", "finalLink": "https://www.sec.gov/Archives/edgar/data/1692819/000169281918000018/vistra-12312017x10k.htm", "calculatedOtherExpenses": 724000000, "calculatedOperatingExpenses": 1324000000, "calculatedNetInterest": -191000000, "calculatedOtherIncome": 243000000, "calculatedIncomeNonControlling": 0, "calculatedEbitda": 1033000000}, {"date": "2016-12-31", "symbol": "VST", "reportedCurrency": "USD", "cik": "0001692819", "fillingDate": "2016-12-31", "acceptedDate": "2016-12-30 19:00:00", "calendarYear": "2016", "period": "FY", "revenue": 5164000000, "costOfRevenue": 3674000000, "grossProfit": 1490000000, "grossProfitRatio": 0.2885360186, "researchAndDevelopmentExpenses": 0, "generalAndAdministrativeExpenses": 646000000, "sellingAndMarketingExpenses": 44000000, "sellingGeneralAndAdministrativeExpenses": 690000000, "otherExpenses": -42000000, "operatingExpenses": 1365000000, "costAndExpenses": 5039000000, "interestIncome": 4000000, "interestExpense": 1093000000, "depreciationAndAmortization": 817000000, "ebitda": 901000000, "ebitdaratio": 0.1744771495, "operatingIncome": 407000000, "operatingIncomeRatio": 0.0788148722, "totalOtherIncomeExpensesNet": 22318000000, "incomeBeforeTax": 21351000000, "incomeBeforeTaxRatio": 4.1345855926, "incomeTaxExpense": -1337000000, "netIncome": 22688000000, "netIncomeRatio": 4.393493416, "eps": -1.92, "epsdiluted": -1.92, "weightedAverageShsOut": 427561170, "weightedAverageShsOutDil": 427580232, "link": "", "finalLink": "", "calculatedOtherExpenses": 393000000, "calculatedOperatingExpenses": 1083000000, "calculatedNetInterest": -1089000000, "calculatedOtherIncome": 22033000000, "calculatedIncomeNonControlling": 0, "calculatedEbitda": 1224000000}, {"date": "2015-12-31", "symbol": "VST", "reportedCurrency": "USD", "cik": "0001692819", "fillingDate": "2015-12-31", "acceptedDate": "2015-12-30 19:00:00", "calendarYear": "2015", "period": "FY", "revenue": 5370000000, "costOfRevenue": 3526000000, "grossProfit": 1844000000, "grossProfitRatio": 0.3433891993, "researchAndDevelopmentExpenses": 0, "generalAndAdministrativeExpenses": 632000000, "sellingAndMarketingExpenses": 44000000, "sellingGeneralAndAdministrativeExpenses": 676000000, "otherExpenses": 6000000, "operatingExpenses": 1528000000, "costAndExpenses": 5054000000, "interestIncome": 1000000, "interestExpense": 1285000000, "depreciationAndAmortization": 995000000, "ebitda": 1314000000, "ebitdaratio": 0.2446927374, "operatingIncome": -4091000000, "operatingIncomeRatio": -0.7618249534, "totalOtherIncomeExpensesNet": -4584000000, "incomeBeforeTax": -5556000000, "incomeBeforeTaxRatio": -1.0346368715, "incomeTaxExpense": -879000000, "netIncome": -4677000000, "netIncomeRatio": -0.8709497207, "eps": -10.94, "epsdiluted": -10.94, "weightedAverageShsOut": 427500000, "weightedAverageShsOutDil": 427500000, "link": "", "finalLink": "", "calculatedOtherExpenses": 5259000000, "calculatedOperatingExpenses": 5935000000, "calculatedNetInterest": -1284000000, "calculatedOtherIncome": -181000000, "calculatedIncomeNonControlling": 0, "calculatedEbitda": -3096000000}, {"date": "2014-12-31", "symbol": "VST", "reportedCurrency": "USD", "cik": "0001692819", "fillingDate": "2014-12-31", "acceptedDate": "2014-12-30 19:00:00", "calendarYear": "2014", "period": "FY", "revenue": 5978000000, "costOfRevenue": 3756000000, "grossProfit": 2222000000, "grossProfitRatio": 0.3716962195, "researchAndDevelopmentExpenses": 0, "generalAndAdministrativeExpenses": 666000000, "sellingAndMarketingExpenses": 42000000, "sellingGeneralAndAdministrativeExpenses": 708000000, "otherExpenses": -2000000, "operatingExpenses": 1978000000, "costAndExpenses": 5734000000, "interestIncome": 0, "interestExpense": 1726000000, "depreciationAndAmortization": 1440000000, "ebitda": 1594000000, "ebitdaratio": 0.2666443627, "operatingIncome": -6015000000, "operatingIncomeRatio": -1.006189361, "totalOtherIncomeExpensesNet": -6979000000, "incomeBeforeTax": -8549000000, "incomeBeforeTaxRatio": -1.4300769488, "incomeTaxExpense": -2320000000, "netIncome": -6229000000, "netIncomeRatio": -1.0419872867, "eps": -14.57, "epsdiluted": -14.57, "weightedAverageShsOut": 427500000, "weightedAverageShsOutDil": 427500000, "link": "", "finalLink": "", "calculatedOtherExpenses": 7529000000, "calculatedOperatingExpenses": 8237000000, "calculatedNetInterest": -1726000000, "calculatedOtherIncome": -808000000, "calculatedIncomeNonControlling": 0, "calculatedEbitda": -4575000000}, {"date": "2013-12-31", "symbol": "VST", "reportedCurrency": "USD", "cik": "0001692819", "fillingDate": "2013-12-31", "acceptedDate": "2013-12-30 19:00:00", "calendarYear": "2013", "period": "FY", "revenue": 5899000000, "costOfRevenue": 3729000000, "grossProfit": 2170000000, "grossProfitRatio": 0.3678589591, "researchAndDevelopmentExpenses": 0, "generalAndAdministrativeExpenses": 0, "sellingAndMarketingExpenses": 0, "sellingGeneralAndAdministrativeExpenses": 756000000, "otherExpenses": 0, "operatingExpenses": 3311000000, "costAndExpenses": 7040000000, "interestIncome": 1895000000, "interestExpense": 0, "depreciationAndAmortization": 1452000000, "ebitda": 1479000000, "ebitdaratio": 0.2507204611, "operatingIncome": 27000000, "operatingIncomeRatio": 0.004577047, "totalOtherIncomeExpensesNet": -3063000000, "incomeBeforeTax": -3036000000, "incomeBeforeTaxRatio": -0.5146635023, "incomeTaxExpense": 732000000, "netIncome": -2197000000, "netIncomeRatio": -0.3724360061, "eps": 0, "epsdiluted": 0, "weightedAverageShsOut": 0, "weightedAverageShsOutDil": 0, "link": null, "finalLink": null, "calculatedOtherExpenses": 1387000000, "calculatedOperatingExpenses": 2143000000, "calculatedNetInterest": 1895000000, "calculatedOtherIncome": -4958000000, "calculatedIncomeNonControlling": -1571000000, "calculatedEbitda": 1479000000}, {"date": "2012-12-31", "symbol": "VST", "reportedCurrency": "USD", "cik": "0001692819", "fillingDate": "2012-12-31", "acceptedDate": "2012-12-30 19:00:00", "calendarYear": "2012", "period": "FY", "revenue": 5636000000, "costOfRevenue": 3704000000, "grossProfit": 1932000000, "grossProfitRatio": 0.3427963094, "researchAndDevelopmentExpenses": 0, "generalAndAdministrativeExpenses": 0, "sellingAndMarketingExpenses": 0, "sellingGeneralAndAdministrativeExpenses": 659000000, "otherExpenses": 0, "operatingExpenses": 3068000000, "costAndExpenses": 6772000000, "interestIncome": 2706000000, "interestExpense": 0, "depreciationAndAmortization": 1558000000, "ebitda": 1797000000, "ebitdaratio": 0.3188431512, "operatingIncome": 239000000, "operatingIncomeRatio": 0.0424059617, "totalOtherIncomeExpensesNet": -4081000000, "incomeBeforeTax": -3842000000, "incomeBeforeTaxRatio": -0.6816891412, "incomeTaxExpense": 894000000, "netIncome": -2948000000, "netIncomeRatio": -0.5230660043, "eps": 0, "epsdiluted": 0, "weightedAverageShsOut": 0, "weightedAverageShsOutDil": 0, "link": null, "finalLink": null, "calculatedOtherExpenses": 1034000000, "calculatedOperatingExpenses": 1693000000, "calculatedNetInterest": 2706000000, "calculatedOtherIncome": -6787000000, "calculatedIncomeNonControlling": -1788000000, "calculatedEbitda": 1797000000}]}