{"originalCurrency": "USD", "convertedCurrency": "USD", "report": [{"date": "2024-03-31", "symbol": "VSTO", "reportedCurrency": "USD", "cik": "0001616318", "fillingDate": "2024-05-08", "acceptedDate": "2024-05-08 17:14:15", "calendarYear": "2024", "period": "FY", "revenue": 2746063000, "costOfRevenue": 1887078000, "grossProfit": 858985000, "grossProfitRatio": 0.3128060063, "researchAndDevelopmentExpenses": 49644000, "generalAndAdministrativeExpenses": 0, "sellingAndMarketingExpenses": 0, "sellingGeneralAndAdministrativeExpenses": 540076000, "otherExpenses": 0, "operatingExpenses": 589720000, "costAndExpenses": 2476798000, "interestIncome": 0, "interestExpense": -62949000, "depreciationAndAmortization": 99291000, "ebitda": 368556000, "ebitdaratio": 0.1342125071, "operatingIncome": 269265000, "operatingIncomeRatio": 0.0980549245, "totalOtherIncomeExpensesNet": -283749000, "incomeBeforeTax": -14484000, "incomeBeforeTaxRatio": -0.0052744602, "incomeTaxExpense": -8979000, "netIncome": -5505000, "netIncomeRatio": -0.0020046882, "eps": -0.095, "epsdiluted": -0.095, "weightedAverageShsOut": 57946000, "weightedAverageShsOutDil": 57946000, "link": "https://www.sec.gov/Archives/edgar/data/1616318/000161631824000051/0001616318-24-000051-index.htm", "finalLink": "https://www.sec.gov/Archives/edgar/data/1616318/000161631824000051/vistafy24q403312024ex991ea.htm", "calculatedOtherExpenses": 0, "calculatedOperatingExpenses": 589720000, "calculatedNetInterest": 62949000, "calculatedOtherIncome": -346698000, "calculatedIncomeNonControlling": 0, "calculatedEbitda": 368556000}, {"date": "2023-03-31", "symbol": "VSTO", "reportedCurrency": "USD", "cik": "0001616318", "fillingDate": "2023-05-25", "acceptedDate": "2023-05-25 16:01:21", "calendarYear": "2023", "period": "FY", "revenue": 3079807000, "costOfRevenue": 2048910000, "grossProfit": 1030897000, "grossProfitRatio": 0.334727793, "researchAndDevelopmentExpenses": 44209000, "generalAndAdministrativeExpenses": 445289000, "sellingAndMarketingExpenses": 59189000, "sellingGeneralAndAdministrativeExpenses": 504478000, "otherExpenses": 2124000, "operatingExpenses": 548687000, "costAndExpenses": 2597597000, "interestIncome": 59317000, "interestExpense": 59317000, "depreciationAndAmortization": 92089000, "ebitda": 576423000, "ebitdaratio": 0.1871620527, "operatingIncome": 484334000, "operatingIncomeRatio": 0.1572611531, "totalOtherIncomeExpensesNet": -433672000, "incomeBeforeTax": 50662000, "incomeBeforeTaxRatio": 0.0164497321, "incomeTaxExpense": 60380000, "netIncome": -9718000, "netIncomeRatio": -0.0031553925, "eps": -0.17, "epsdiluted": -0.17, "weightedAverageShsOut": 56600000, "weightedAverageShsOutDil": 56600000, "link": "https://www.sec.gov/Archives/edgar/data/1616318/000161631823000091/0001616318-23-000091-index.htm", "finalLink": "https://www.sec.gov/Archives/edgar/data/1616318/000161631823000091/vsto-20230331.htm", "calculatedOtherExpenses": -2124000, "calculatedOperatingExpenses": 546563000, "calculatedNetInterest": 0, "calculatedOtherIncome": -433672000, "calculatedIncomeNonControlling": 0, "calculatedEbitda": 576423000}, {"date": "2022-03-31", "symbol": "VSTO", "reportedCurrency": "USD", "cik": "0001616318", "fillingDate": "2022-05-24", "acceptedDate": "2022-05-24 16:31:14", "calendarYear": "2022", "period": "FY", "revenue": 3044621000, "costOfRevenue": 1935389000, "grossProfit": 1109232000, "grossProfitRatio": 0.3643251492, "researchAndDevelopmentExpenses": 28737000, "generalAndAdministrativeExpenses": 376245000, "sellingAndMarketingExpenses": 58028000, "sellingGeneralAndAdministrativeExpenses": 434273000, "otherExpenses": 0, "operatingExpenses": 463010000, "costAndExpenses": 2398399000, "interestIncome": 25264000, "interestExpense": 25264000, "depreciationAndAmortization": 72340000, "ebitda": 718562000, "ebitdaratio": 0.2360103277, "operatingIncome": 646222000, "operatingIncomeRatio": 0.2122503918, "totalOtherIncomeExpensesNet": -25264000, "incomeBeforeTax": 620958000, "incomeBeforeTaxRatio": 0.2039524788, "incomeTaxExpense": 147732000, "netIncome": 473226000, "netIncomeRatio": 0.1554301833, "eps": 8.27, "epsdiluted": 8, "weightedAverageShsOut": 57190000, "weightedAverageShsOutDil": 59137000, "link": "https://www.sec.gov/Archives/edgar/data/1616318/000161631822000063/0001616318-22-000063-index.htm", "finalLink": "https://www.sec.gov/Archives/edgar/data/1616318/000161631822000063/vsto-20220331.htm", "calculatedOtherExpenses": 0, "calculatedOperatingExpenses": 463010000, "calculatedNetInterest": 0, "calculatedOtherIncome": -25264000, "calculatedIncomeNonControlling": 0, "calculatedEbitda": 718562000}, {"date": "2021-03-31", "symbol": "VSTO", "reportedCurrency": "USD", "cik": "0001616318", "fillingDate": "2021-05-20", "acceptedDate": "2021-05-20 16:03:13", "calendarYear": "2021", "period": "FY", "revenue": 2225522000, "costOfRevenue": 1592562000, "grossProfit": 632960000, "grossProfitRatio": 0.2844096801, "researchAndDevelopmentExpenses": 22538000, "generalAndAdministrativeExpenses": 292860000, "sellingAndMarketingExpenses": 44600000, "sellingGeneralAndAdministrativeExpenses": 337460000, "otherExpenses": 0, "operatingExpenses": 359998000, "costAndExpenses": 1952560000, "interestIncome": 25574000, "interestExpense": 25574000, "depreciationAndAmortization": 65110000, "ebitda": 338072000, "ebitdaratio": 0.1519068335, "operatingIncome": 272962000, "operatingIncomeRatio": 0.1226507759, "totalOtherIncomeExpensesNet": -13578000, "incomeBeforeTax": 259384000, "incomeBeforeTaxRatio": 0.1165497353, "incomeTaxExpense": -6628000, "netIncome": 266012000, "netIncomeRatio": 0.119527913, "eps": 4.57, "epsdiluted": 4.44, "weightedAverageShsOut": 58241000, "weightedAverageShsOutDil": 59905000, "link": "https://www.sec.gov/Archives/edgar/data/1616318/000161631821000080/0001616318-21-000080-index.htm", "finalLink": "https://www.sec.gov/Archives/edgar/data/1616318/000161631821000080/vsto-20210331.htm", "calculatedOtherExpenses": 0, "calculatedOperatingExpenses": 359998000, "calculatedNetInterest": 0, "calculatedOtherIncome": -13578000, "calculatedIncomeNonControlling": 0, "calculatedEbitda": 338072000}, {"date": "2020-03-31", "symbol": "VSTO", "reportedCurrency": "USD", "cik": "0001616318", "fillingDate": "2020-06-03", "acceptedDate": "2020-06-03 17:21:31", "calendarYear": "2020", "period": "FY", "revenue": 1755871000, "costOfRevenue": 1397105000, "grossProfit": 358766000, "grossProfitRatio": 0.2043236661, "researchAndDevelopmentExpenses": 22998000, "generalAndAdministrativeExpenses": 264604000, "sellingAndMarketingExpenses": 37950000, "sellingGeneralAndAdministrativeExpenses": 302554000, "otherExpenses": -433000, "operatingExpenses": 325552000, "costAndExpenses": 1722657000, "interestIncome": 38791000, "interestExpense": 38791000, "depreciationAndAmortization": 67858000, "ebitda": 100639000, "ebitdaratio": 0.057315714, "operatingIncome": 32781000, "operatingIncomeRatio": 0.0186693669, "totalOtherIncomeExpensesNet": -203808000, "incomeBeforeTax": -171027000, "incomeBeforeTaxRatio": -0.0974029413, "incomeTaxExpense": -15948000, "netIncome": -155079000, "netIncomeRatio": -0.0883202695, "eps": -2.68, "epsdiluted": -2.68, "weightedAverageShsOut": 57846000, "weightedAverageShsOutDil": 57846000, "link": "https://www.sec.gov/Archives/edgar/data/1616318/000161631820000081/0001616318-20-000081-index.htm", "finalLink": "https://www.sec.gov/Archives/edgar/data/1616318/000161631820000081/vsto-3312020x10xk.htm", "calculatedOtherExpenses": 433000, "calculatedOperatingExpenses": 325985000, "calculatedNetInterest": 0, "calculatedOtherIncome": -203808000, "calculatedIncomeNonControlling": 0, "calculatedEbitda": 100639000}, {"date": "2019-03-31", "symbol": "VSTO", "reportedCurrency": "USD", "cik": "0001616318", "fillingDate": "2019-05-23", "acceptedDate": "2019-05-23 17:10:30", "calendarYear": "2019", "period": "FY", "revenue": 2058528000, "costOfRevenue": 1642840000, "grossProfit": 415688000, "grossProfitRatio": 0.2019345863, "researchAndDevelopmentExpenses": 27742000, "generalAndAdministrativeExpenses": 310613000, "sellingAndMarketingExpenses": 66436000, "sellingGeneralAndAdministrativeExpenses": 377049000, "otherExpenses": -6796000, "operatingExpenses": 404791000, "costAndExpenses": 2047631000, "interestIncome": 57191000, "interestExpense": 57191000, "depreciationAndAmortization": 77503000, "ebitda": 81604000, "ebitdaratio": 0.0396419189, "operatingIncome": 10897000, "operatingIncomeRatio": 0.0052935884, "totalOtherIncomeExpensesNet": -627978000, "incomeBeforeTax": -674272000, "incomeBeforeTaxRatio": -0.3275505604, "incomeTaxExpense": -25829000, "netIncome": -648443000, "netIncomeRatio": -0.315003245, "eps": -11.27, "epsdiluted": -11.27, "weightedAverageShsOut": 57537089, "weightedAverageShsOutDil": 57544000, "link": "https://www.sec.gov/Archives/edgar/data/1616318/000161631819000032/0001616318-19-000032-index.htm", "finalLink": "https://www.sec.gov/Archives/edgar/data/1616318/000161631819000032/vsto-3312019x10xk.htm", "calculatedOtherExpenses": 0, "calculatedOperatingExpenses": 404791000, "calculatedNetInterest": 0, "calculatedOtherIncome": -685169000, "calculatedIncomeNonControlling": 0, "calculatedEbitda": 88400000}, {"date": "2018-03-31", "symbol": "VSTO", "reportedCurrency": "USD", "cik": "0001616318", "fillingDate": "2018-05-18", "acceptedDate": "2018-05-17 19:16:23", "calendarYear": "2018", "period": "FY", "revenue": 2308463000, "costOfRevenue": 1787501000, "grossProfit": 520962000, "grossProfitRatio": 0.2256748321, "researchAndDevelopmentExpenses": 29663000, "generalAndAdministrativeExpenses": 353794000, "sellingAndMarketingExpenses": 69636000, "sellingGeneralAndAdministrativeExpenses": 423430000, "otherExpenses": 0, "operatingExpenses": 453093000, "costAndExpenses": 2240594000, "interestIncome": 0, "interestExpense": 49214000, "depreciationAndAmortization": 89759000, "ebitda": 157628000, "ebitdaratio": 0.0682826625, "operatingIncome": 67869000, "operatingIncomeRatio": 0.0294000814, "totalOtherIncomeExpensesNet": -152444000, "incomeBeforeTax": -133789000, "incomeBeforeTaxRatio": -0.057955878, "incomeTaxExpense": -73557000, "netIncome": -60232000, "netIncomeRatio": -0.0260918195, "eps": -1.05, "epsdiluted": -1.05, "weightedAverageShsOut": 57167000, "weightedAverageShsOutDil": 57167000, "link": "https://www.sec.gov/Archives/edgar/data/1616318/000161631818000051/0001616318-18-000051-index.htm", "finalLink": "https://www.sec.gov/Archives/edgar/data/1616318/000161631818000051/vsto-3312018x10xk.htm", "calculatedOtherExpenses": 0, "calculatedOperatingExpenses": 453093000, "calculatedNetInterest": -49214000, "calculatedOtherIncome": -152444000, "calculatedIncomeNonControlling": 0, "calculatedEbitda": 157628000}, {"date": "2017-03-31", "symbol": "VSTO", "reportedCurrency": "USD", "cik": "0001616318", "fillingDate": "2017-05-26", "acceptedDate": "2017-05-26 17:20:39", "calendarYear": "2017", "period": "FY", "revenue": 2546892000, "costOfRevenue": 1877706000, "grossProfit": 669186000, "grossProfitRatio": 0.2627461235, "researchAndDevelopmentExpenses": 32769000, "generalAndAdministrativeExpenses": 351945000, "sellingAndMarketingExpenses": 72324000, "sellingGeneralAndAdministrativeExpenses": 424269000, "otherExpenses": 0, "operatingExpenses": 457038000, "costAndExpenses": 2334744000, "interestIncome": 0, "interestExpense": 43670000, "depreciationAndAmortization": 93779000, "ebitda": 305927000, "ebitdaratio": 0.1201177749, "operatingIncome": 212148000, "operatingIncomeRatio": 0.0832968182, "totalOtherIncomeExpensesNet": -419172000, "incomeBeforeTax": -250694000, "incomeBeforeTaxRatio": -0.098431343, "incomeTaxExpense": 23760000, "netIncome": -274454000, "netIncomeRatio": -0.1077603605, "eps": -4.66, "epsdiluted": -4.66, "weightedAverageShsOut": 58895708, "weightedAverageShsOutDil": 58911000, "link": "https://www.sec.gov/Archives/edgar/data/1616318/000161631817000102/0001616318-17-000102-index.htm", "finalLink": "https://www.sec.gov/Archives/edgar/data/1616318/000161631817000102/vsto-3312017x10xk.htm", "calculatedOtherExpenses": 0, "calculatedOperatingExpenses": 457038000, "calculatedNetInterest": -43670000, "calculatedOtherIncome": -419172000, "calculatedIncomeNonControlling": 0, "calculatedEbitda": 305927000}, {"date": "2016-03-31", "symbol": "VSTO", "reportedCurrency": "USD", "cik": "0001616318", "fillingDate": "2016-05-27", "acceptedDate": "2016-05-27 13:37:36", "calendarYear": "2016", "period": "FY", "revenue": 2270734000, "costOfRevenue": 1651289000, "grossProfit": 619445000, "grossProfitRatio": 0.2727950522, "researchAndDevelopmentExpenses": 12512000, "generalAndAdministrativeExpenses": 278400000, "sellingAndMarketingExpenses": 65775000, "sellingGeneralAndAdministrativeExpenses": 344175000, "otherExpenses": 0, "operatingExpenses": 356687000, "costAndExpenses": 2007976000, "interestIncome": 0, "interestExpense": 24351000, "depreciationAndAmortization": 72614000, "ebitda": 335372000, "ebitdaratio": 0.1476932129, "operatingIncome": 262758000, "operatingIncomeRatio": 0.1157150067, "totalOtherIncomeExpensesNet": -24351000, "incomeBeforeTax": 238407000, "incomeBeforeTaxRatio": 0.1049911614, "incomeTaxExpense": 91370000, "netIncome": 147037000, "netIncomeRatio": 0.064753071, "eps": 2.36, "epsdiluted": 2.35, "weightedAverageShsOut": 62211000, "weightedAverageShsOutDil": 62568000, "link": "https://www.sec.gov/Archives/edgar/data/1616318/000161631816000100/0001616318-16-000100-index.htm", "finalLink": "https://www.sec.gov/Archives/edgar/data/1616318/000161631816000100/vsto-3312016x10xk.htm", "calculatedOtherExpenses": 0, "calculatedOperatingExpenses": 356687000, "calculatedNetInterest": -24351000, "calculatedOtherIncome": 0, "calculatedIncomeNonControlling": 0, "calculatedEbitda": 335372000}, {"date": "2015-03-31", "symbol": "VSTO", "reportedCurrency": "USD", "cik": "0001616318", "fillingDate": "2015-06-01", "acceptedDate": "2015-05-29 17:58:52", "calendarYear": "2015", "period": "FY", "revenue": 2083414000, "costOfRevenue": 1554493000, "grossProfit": 528921000, "grossProfitRatio": 0.2538722501, "researchAndDevelopmentExpenses": 9518000, "generalAndAdministrativeExpenses": 230088000, "sellingAndMarketingExpenses": 52941000, "sellingGeneralAndAdministrativeExpenses": 283029000, "otherExpenses": 0, "operatingExpenses": 292547000, "costAndExpenses": 1847040000, "interestIncome": 0, "interestExpense": 30108000, "depreciationAndAmortization": 66551000, "ebitda": 302925000, "ebitdaratio": 0.1453983702, "operatingIncome": 236374000, "operatingIncomeRatio": 0.113455127, "totalOtherIncomeExpensesNet": -52220000, "incomeBeforeTax": 154046000, "incomeBeforeTaxRatio": 0.0739392171, "incomeTaxExpense": 74518000, "netIncome": 79528000, "netIncomeRatio": 0.038171962, "eps": 1.25, "epsdiluted": 1.25, "weightedAverageShsOut": 63626000, "weightedAverageShsOutDil": 63870000, "link": "https://www.sec.gov/Archives/edgar/data/1616318/000161631815000008/0001616318-15-000008-index.htm", "finalLink": "https://www.sec.gov/Archives/edgar/data/1616318/000161631815000008/vsto-3312015x10xk.htm", "calculatedOtherExpenses": 0, "calculatedOperatingExpenses": 292547000, "calculatedNetInterest": -30108000, "calculatedOtherIncome": -52220000, "calculatedIncomeNonControlling": 0, "calculatedEbitda": 302925000}, {"date": "2014-03-31", "symbol": "VSTO", "reportedCurrency": "USD", "cik": "0001616318", "fillingDate": "2014-03-31", "acceptedDate": "2014-03-30 20:00:00", "calendarYear": "2014", "period": "FY", "revenue": 1873919000, "costOfRevenue": 1406616000, "grossProfit": 467303000, "grossProfitRatio": 0.249372038, "researchAndDevelopmentExpenses": 13984000, "generalAndAdministrativeExpenses": 107830000, "sellingAndMarketingExpenses": 111682000, "sellingGeneralAndAdministrativeExpenses": 219512000, "otherExpenses": 0, "operatingExpenses": 233496000, "costAndExpenses": 1640112000, "interestIncome": 0, "interestExpense": 15469000, "depreciationAndAmortization": 44902000, "ebitda": 278709000, "ebitdaratio": 0.1487305481, "operatingIncome": 233807000, "operatingIncomeRatio": 0.1247690002, "totalOtherIncomeExpensesNet": -15469000, "incomeBeforeTax": 218338000, "incomeBeforeTaxRatio": 0.1165141076, "incomeTaxExpense": 85081000, "netIncome": 133257000, "netIncomeRatio": 0.0711113981, "eps": 2.1, "epsdiluted": 2.08, "weightedAverageShsOut": 63378000, "weightedAverageShsOutDil": 64116000, "link": "", "finalLink": "", "calculatedOtherExpenses": 0, "calculatedOperatingExpenses": 233496000, "calculatedNetInterest": -15469000, "calculatedOtherIncome": 0, "calculatedIncomeNonControlling": 0, "calculatedEbitda": 278709000}, {"date": "2013-03-31", "symbol": "VSTO", "reportedCurrency": "USD", "cik": "0001616318", "fillingDate": "2013-03-31", "acceptedDate": "2013-03-30 20:00:00", "calendarYear": "2013", "period": "FY", "revenue": 1196031000, "costOfRevenue": 953593000, "grossProfit": 242438000, "grossProfitRatio": 0.2027021039, "researchAndDevelopmentExpenses": 8720000, "generalAndAdministrativeExpenses": 106801000, "sellingAndMarketingExpenses": 25462000, "sellingGeneralAndAdministrativeExpenses": 132263000, "otherExpenses": 0, "operatingExpenses": 140983000, "costAndExpenses": 1094576000, "interestIncome": 7000, "interestExpense": 7000, "depreciationAndAmortization": 25128000, "ebitda": 126590000, "ebitdaratio": 0.1058417382, "operatingIncome": 101455000, "operatingIncomeRatio": 0.0848263966, "totalOtherIncomeExpensesNet": 7000, "incomeBeforeTax": 101462000, "incomeBeforeTaxRatio": 0.0848322493, "incomeTaxExpense": 36770000, "netIncome": 64692000, "netIncomeRatio": 0.054088899, "eps": 1.02, "epsdiluted": 1.01, "weightedAverageShsOut": 63378000, "weightedAverageShsOutDil": 64116000, "link": "", "finalLink": "", "calculatedOtherExpenses": 0, "calculatedOperatingExpenses": 140983000, "calculatedNetInterest": 0, "calculatedOtherIncome": 7000, "calculatedIncomeNonControlling": 0, "calculatedEbitda": 126583000}, {"date": "2012-03-31", "symbol": "VSTO", "reportedCurrency": "USD", "cik": "0001616318", "fillingDate": "2012-03-31", "acceptedDate": "2012-03-30 20:00:00", "calendarYear": "2012", "period": "FY", "revenue": 1042914000, "costOfRevenue": 850506000, "grossProfit": 192408000, "grossProfitRatio": 0.1844907634, "researchAndDevelopmentExpenses": 7497000, "generalAndAdministrativeExpenses": 42896000, "sellingAndMarketingExpenses": 63920000, "sellingGeneralAndAdministrativeExpenses": 106816000, "otherExpenses": 0, "operatingExpenses": 114313000, "costAndExpenses": 964819000, "interestIncome": 3000, "interestExpense": 3000, "depreciationAndAmortization": 24490000, "ebitda": 102588000, "ebitdaratio": 0.0983666918, "operatingIncome": 78095000, "operatingIncomeRatio": 0.0748815339, "totalOtherIncomeExpensesNet": -47791000, "incomeBeforeTax": 30307000, "incomeBeforeTaxRatio": 0.0290599225, "incomeTaxExpense": 19647000, "netIncome": 10660000, "netIncomeRatio": 0.0102213605, "eps": 0.17, "epsdiluted": 0.16, "weightedAverageShsOut": 63342000, "weightedAverageShsOutDil": 65446000, "link": "", "finalLink": "", "calculatedOtherExpenses": 0, "calculatedOperatingExpenses": 114313000, "calculatedNetInterest": 0, "calculatedOtherIncome": -47788000, "calculatedIncomeNonControlling": 0, "calculatedEbitda": 102585000}]}