{"originalCurrency": "USD", "convertedCurrency": "USD", "report": [{"date": "2023-12-31", "symbol": "VTLE", "reportedCurrency": "USD", "cik": "0001528129", "fillingDate": "2023-12-31", "acceptedDate": "2023-12-29 19:00:00", "calendarYear": "2023", "period": "FY", "revenue": 1547604000, "costOfRevenue": 879662000, "grossProfit": 667942000, "grossProfitRatio": 0.4315974888, "researchAndDevelopmentExpenses": 0, "generalAndAdministrativeExpenses": 104819000, "sellingAndMarketingExpenses": 41284000, "sellingGeneralAndAdministrativeExpenses": 94319000, "otherExpenses": -2520000, "operatingExpenses": 96839000, "costAndExpenses": 976501000, "interestIncome": 0, "interestExpense": 152711000, "depreciationAndAmortization": 466947000, "ebitda": 1038050000, "ebitdaratio": 0.6707465217, "operatingIncome": 571103000, "operatingIncomeRatio": 0.369023988, "totalOtherIncomeExpensesNet": -59362000, "incomeBeforeTax": 511741000, "incomeBeforeTaxRatio": 0.3306666305, "incomeTaxExpense": -183337000, "netIncome": 695078000, "netIncomeRatio": 0.44913169, "eps": 34.3, "epsdiluted": 33.42, "weightedAverageShsOut": 20254000, "weightedAverageShsOutDil": 20783000, "link": null, "finalLink": null, "calculatedOtherExpenses": 2520000, "calculatedOperatingExpenses": 96839000, "calculatedNetInterest": -152711000, "calculatedOtherIncome": 93349000, "calculatedIncomeNonControlling": 0, "calculatedEbitda": 1038050000}, {"date": "2022-12-31", "symbol": "VTLE", "reportedCurrency": "USD", "cik": "0001528129", "fillingDate": "2022-12-31", "acceptedDate": "2022-12-31 00:00:00", "calendarYear": "2022", "period": "FY", "revenue": 1920796000, "costOfRevenue": 718738000, "grossProfit": 1202058000, "grossProfitRatio": 0.6258124236, "researchAndDevelopmentExpenses": 0, "generalAndAdministrativeExpenses": 68082000, "sellingAndMarketingExpenses": 53692000, "sellingGeneralAndAdministrativeExpenses": 68082000, "otherExpenses": 62275000, "operatingExpenses": 130357000, "costAndExpenses": 849095000, "interestIncome": 125107000, "interestExpense": 125121000, "depreciationAndAmortization": 347955000, "ebitda": 1408117000, "ebitdaratio": 0.7330903438, "operatingIncome": 1060162000, "operatingIncomeRatio": 0.5519388837, "totalOtherIncomeExpensesNet": -423148000, "incomeBeforeTax": 637014000, "incomeBeforeTaxRatio": 0.3316406323, "incomeTaxExpense": 5502000, "netIncome": 631512000, "netIncomeRatio": 0.3287761949, "eps": 37.88, "epsdiluted": 37.44, "weightedAverageShsOut": 16672000, "weightedAverageShsOutDil": 16867000, "link": null, "finalLink": null, "calculatedOtherExpenses": 73814000, "calculatedOperatingExpenses": 141896000, "calculatedNetInterest": -14000, "calculatedOtherIncome": -423134000, "calculatedIncomeNonControlling": 0, "calculatedEbitda": 1408117000}, {"date": "2021-12-31", "symbol": "VTLE", "reportedCurrency": "USD", "cik": "0001528129", "fillingDate": "2021-12-31", "acceptedDate": "2021-12-31 00:00:00", "calendarYear": "2021", "period": "FY", "revenue": 1394075000, "costOfRevenue": 640859000, "grossProfit": 753216000, "grossProfitRatio": 0.5402980471, "researchAndDevelopmentExpenses": 0, "generalAndAdministrativeExpenses": 62801000, "sellingAndMarketingExpenses": 47916000, "sellingGeneralAndAdministrativeExpenses": 62801000, "otherExpenses": 52149000, "operatingExpenses": 114950000, "costAndExpenses": 755809000, "interestIncome": 113415000, "interestExpense": 113385000, "depreciationAndAmortization": 136095000, "ebitda": 856430000, "ebitdaratio": 0.6143356706, "operatingIncome": 720335000, "operatingIncomeRatio": 0.5167117981, "totalOtherIncomeExpensesNet": -571682000, "incomeBeforeTax": 148653000, "incomeBeforeTaxRatio": 0.1066319961, "incomeTaxExpense": 3645000, "netIncome": 145008000, "netIncomeRatio": 0.1040173592, "eps": 10.18, "epsdiluted": 10.03, "weightedAverageShsOut": 14240000, "weightedAverageShsOutDil": 14464000, "link": null, "finalLink": null, "calculatedOtherExpenses": -29920000, "calculatedOperatingExpenses": 32881000, "calculatedNetInterest": 30000, "calculatedOtherIncome": -571712000, "calculatedIncomeNonControlling": 0, "calculatedEbitda": 856430000}, {"date": "2020-12-31", "symbol": "VTLE", "reportedCurrency": "USD", "cik": "0001528129", "fillingDate": "2020-12-31", "acceptedDate": "2020-12-31 00:00:00", "calendarYear": "2020", "period": "FY", "revenue": 677192000, "costOfRevenue": 530795000, "grossProfit": 146397000, "grossProfitRatio": 0.2161824121, "researchAndDevelopmentExpenses": 0, "generalAndAdministrativeExpenses": 50534000, "sellingAndMarketingExpenses": 49927000, "sellingGeneralAndAdministrativeExpenses": 50534000, "otherExpenses": 54357000, "operatingExpenses": 104891000, "costAndExpenses": 635686000, "interestIncome": 105352000, "interestExpense": 105009000, "depreciationAndAmortization": 217101000, "ebitda": 258127000, "ebitdaratio": 0.3811725478, "operatingIncome": 41026000, "operatingIncomeRatio": 0.0605825231, "totalOtherIncomeExpensesNet": -919145000, "incomeBeforeTax": -878119000, "incomeBeforeTaxRatio": -1.296706104, "incomeTaxExpense": -3946000, "netIncome": -874173000, "netIncomeRatio": -1.2908791008, "eps": -74.92, "epsdiluted": -74.92, "weightedAverageShsOut": 11668000, "weightedAverageShsOutDil": 11668000, "link": null, "finalLink": null, "calculatedOtherExpenses": 54837000, "calculatedOperatingExpenses": 105371000, "calculatedNetInterest": 343000, "calculatedOtherIncome": -919488000, "calculatedIncomeNonControlling": 0, "calculatedEbitda": 258127000}, {"date": "2019-12-31", "symbol": "VTLE", "reportedCurrency": "USD", "cik": "0001528129", "fillingDate": "2019-12-31", "acceptedDate": "2019-12-31 00:00:00", "calendarYear": "2019", "period": "FY", "revenue": 837281000, "costOfRevenue": 524368000, "grossProfit": 312913000, "grossProfitRatio": 0.373725189, "researchAndDevelopmentExpenses": 0, "generalAndAdministrativeExpenses": 54729000, "sellingAndMarketingExpenses": 25397000, "sellingGeneralAndAdministrativeExpenses": 54729000, "otherExpenses": 29515000, "operatingExpenses": 84244000, "costAndExpenses": 608612000, "interestIncome": 4623000, "interestExpense": 61547000, "depreciationAndAmortization": 265746000, "ebitda": 497855000, "ebitdaratio": 0.5946092172, "operatingIncome": 232109000, "operatingIncomeRatio": 0.277217565, "totalOtherIncomeExpensesNet": -577156000, "incomeBeforeTax": -345047000, "incomeBeforeTaxRatio": -0.4121041801, "incomeTaxExpense": -2588000, "netIncome": -342459000, "netIncomeRatio": -0.4090132226, "eps": -29.61, "epsdiluted": -29.61, "weightedAverageShsOut": 11564750, "weightedAverageShsOutDil": 11564750, "link": null, "finalLink": null, "calculatedOtherExpenses": 26075000, "calculatedOperatingExpenses": 80804000, "calculatedNetInterest": -56924000, "calculatedOtherIncome": -520232000, "calculatedIncomeNonControlling": 0, "calculatedEbitda": 497855000}, {"date": "2018-12-31", "symbol": "VTLE", "reportedCurrency": "USD", "cik": "0001528129", "fillingDate": "2018-12-31", "acceptedDate": "2018-12-31 00:00:00", "calendarYear": "2018", "period": "FY", "revenue": 1105775000, "costOfRevenue": 644969000, "grossProfit": 460806000, "grossProfitRatio": 0.4167267301, "researchAndDevelopmentExpenses": 0, "generalAndAdministrativeExpenses": 96138000, "sellingAndMarketingExpenses": 11704000, "sellingGeneralAndAdministrativeExpenses": 96138000, "otherExpenses": 16176000, "operatingExpenses": 112314000, "costAndExpenses": 757283000, "interestIncome": 0, "interestExpense": 57904000, "depreciationAndAmortization": 207949000, "ebitda": 556441000, "ebitdaratio": 0.5032135832, "operatingIncome": 348492000, "operatingIncomeRatio": 0.3151563383, "totalOtherIncomeExpensesNet": -19648000, "incomeBeforeTax": 328844000, "incomeBeforeTaxRatio": 0.2973878049, "incomeTaxExpense": 4249000, "netIncome": 324595000, "netIncomeRatio": 0.2935452511, "eps": 27.94, "epsdiluted": 27.84, "weightedAverageShsOut": 11617000, "weightedAverageShsOutDil": 11659000, "link": null, "finalLink": null, "calculatedOtherExpenses": 16176000, "calculatedOperatingExpenses": 112314000, "calculatedNetInterest": -57904000, "calculatedOtherIncome": 38256000, "calculatedIncomeNonControlling": 0, "calculatedEbitda": 556441000}, {"date": "2017-12-31", "symbol": "VTLE", "reportedCurrency": "USD", "cik": "0001528129", "fillingDate": "2017-12-31", "acceptedDate": "2017-12-31 00:00:00", "calendarYear": "2017", "period": "FY", "revenue": 822162000, "costOfRevenue": 471247000, "grossProfit": 350915000, "grossProfitRatio": 0.4268197752, "researchAndDevelopmentExpenses": 0, "generalAndAdministrativeExpenses": 96312000, "sellingAndMarketingExpenses": 0, "sellingGeneralAndAdministrativeExpenses": 96312000, "otherExpenses": 4931000, "operatingExpenses": 101243000, "costAndExpenses": 572490000, "interestIncome": 805000, "interestExpense": 89377000, "depreciationAndAmortization": 158389000, "ebitda": 821951000, "ebitdaratio": 0.9997433596, "operatingIncome": 663562000, "operatingIncomeRatio": 0.807093979, "totalOtherIncomeExpensesNet": -112788000, "incomeBeforeTax": 550774000, "incomeBeforeTaxRatio": 0.6699093366, "incomeTaxExpense": 1800000, "netIncome": 548974000, "netIncomeRatio": 0.6677199871, "eps": 46, "epsdiluted": 45.8, "weightedAverageShsOut": 11954800, "weightedAverageShsOutDil": 12006100, "link": null, "finalLink": null, "calculatedOtherExpenses": -408959000, "calculatedOperatingExpenses": -312647000, "calculatedNetInterest": -88572000, "calculatedOtherIncome": -24216000, "calculatedIncomeNonControlling": 0, "calculatedEbitda": 821951000}, {"date": "2016-12-31", "symbol": "VTLE", "reportedCurrency": "USD", "cik": "0001528129", "fillingDate": "2016-12-31", "acceptedDate": "2016-12-31 00:00:00", "calendarYear": "2016", "period": "FY", "revenue": 597378000, "costOfRevenue": 428074000, "grossProfit": 169304000, "grossProfitRatio": 0.2834118431, "researchAndDevelopmentExpenses": 0, "generalAndAdministrativeExpenses": 91756000, "sellingAndMarketingExpenses": 0, "sellingGeneralAndAdministrativeExpenses": 91756000, "otherExpenses": 3483000, "operatingExpenses": 95239000, "costAndExpenses": 523313000, "interestIncome": 175000, "interestExpense": 93298000, "depreciationAndAmortization": 148339000, "ebitda": 230350000, "ebitdaratio": 0.3856017463, "operatingIncome": 82011000, "operatingIncomeRatio": 0.1372849352, "totalOtherIncomeExpensesNet": -342750000, "incomeBeforeTax": -260739000, "incomeBeforeTaxRatio": -0.4364723843, "incomeTaxExpense": 249452000, "netIncome": -510191000, "netIncomeRatio": -0.8540505342, "eps": -45.4, "epsdiluted": -45.25, "weightedAverageShsOut": 11238749, "weightedAverageShsOutDil": 11275600, "link": null, "finalLink": null, "calculatedOtherExpenses": -4463000, "calculatedOperatingExpenses": 87293000, "calculatedNetInterest": -93123000, "calculatedOtherIncome": -249627000, "calculatedIncomeNonControlling": 0, "calculatedEbitda": 230350000}, {"date": "2015-12-31", "symbol": "VTLE", "reportedCurrency": "USD", "cik": "0001528129", "fillingDate": "2015-12-31", "acceptedDate": "2015-12-31 00:00:00", "calendarYear": "2015", "period": "FY", "revenue": 606640000, "costOfRevenue": 604376000, "grossProfit": 2264000, "grossProfitRatio": 0.0037320322, "researchAndDevelopmentExpenses": 0, "generalAndAdministrativeExpenses": 90425000, "sellingAndMarketingExpenses": 0, "sellingGeneralAndAdministrativeExpenses": 90425000, "otherExpenses": 2423000, "operatingExpenses": 92848000, "costAndExpenses": 697224000, "interestIncome": 426000, "interestExpense": 103219000, "depreciationAndAmortization": 277724000, "ebitda": 192238000, "ebitdaratio": 0.3168897534, "operatingIncome": -85486000, "operatingIncomeRatio": -0.1409171832, "totalOtherIncomeExpensesNet": -2301395000, "incomeBeforeTax": -2386881000, "incomeBeforeTaxRatio": -3.9345921799, "incomeTaxExpense": -176945000, "netIncome": -2209936000, "netIncomeRatio": -3.6429117763, "eps": -222, "epsdiluted": -221.93, "weightedAverageShsOut": 9954666, "weightedAverageShsOutDil": 9957900, "link": null, "finalLink": null, "calculatedOtherExpenses": -2675000, "calculatedOperatingExpenses": 87750000, "calculatedNetInterest": -102793000, "calculatedOtherIncome": -2198602000, "calculatedIncomeNonControlling": 0, "calculatedEbitda": 192238000}, {"date": "2014-12-31", "symbol": "VTLE", "reportedCurrency": "USD", "cik": "0001528129", "fillingDate": "2014-12-31", "acceptedDate": "2014-12-31 00:00:00", "calendarYear": "2014", "period": "FY", "revenue": 793885000, "costOfRevenue": 455764000, "grossProfit": 338121000, "grossProfitRatio": 0.4259067749, "researchAndDevelopmentExpenses": 0, "generalAndAdministrativeExpenses": 106044000, "sellingAndMarketingExpenses": 0, "sellingGeneralAndAdministrativeExpenses": 106044000, "otherExpenses": 1787000, "operatingExpenses": 107831000, "costAndExpenses": 563595000, "interestIncome": 294000, "interestExpense": 121173000, "depreciationAndAmortization": 247104000, "ebitda": 473490000, "ebitdaratio": 0.596421396, "operatingIncome": 226386000, "operatingIncomeRatio": 0.2851622086, "totalOtherIncomeExpensesNet": 203473000, "incomeBeforeTax": 429859000, "incomeBeforeTaxRatio": 0.5414625544, "incomeTaxExpense": 164286000, "netIncome": 265573000, "netIncomeRatio": 0.3345232622, "eps": 37.6, "epsdiluted": 37, "weightedAverageShsOut": 7065600, "weightedAverageShsOutDil": 7177700, "link": null, "finalLink": null, "calculatedOtherExpenses": 5691000, "calculatedOperatingExpenses": 111735000, "calculatedNetInterest": -120879000, "calculatedOtherIncome": 324352000, "calculatedIncomeNonControlling": 0, "calculatedEbitda": 473490000}, {"date": "2013-12-31", "symbol": "VTLE", "reportedCurrency": "USD", "cik": "0001528129", "fillingDate": "2013-12-31", "acceptedDate": "2013-12-31 00:00:00", "calendarYear": "2013", "period": "FY", "revenue": 665257000, "costOfRevenue": 359735000, "grossProfit": 305522000, "grossProfitRatio": 0.4592540928, "researchAndDevelopmentExpenses": 0, "generalAndAdministrativeExpenses": 89696000, "sellingAndMarketingExpenses": 0, "sellingGeneralAndAdministrativeExpenses": 89696000, "otherExpenses": 1475000, "operatingExpenses": 91171000, "costAndExpenses": 450906000, "interestIncome": 163000, "interestExpense": 100327000, "depreciationAndAmortization": 234763000, "ebitda": 449114000, "ebitdaratio": 0.6750984958, "operatingIncome": 214351000, "operatingIncomeRatio": 0.3222078084, "totalOtherIncomeExpensesNet": -23267000, "incomeBeforeTax": 191084000, "incomeBeforeTaxRatio": 0.2872333549, "incomeTaxExpense": 74507000, "netIncome": 118000000, "netIncomeRatio": 0.1773750596, "eps": 17.8, "epsdiluted": 17.6, "weightedAverageShsOut": 6624500, "weightedAverageShsOutDil": 6718900, "link": null, "finalLink": null, "calculatedOtherExpenses": 1475000, "calculatedOperatingExpenses": 91171000, "calculatedNetInterest": -100164000, "calculatedOtherIncome": 76897000, "calculatedIncomeNonControlling": -1423000, "calculatedEbitda": 449114000}, {"date": "2012-12-31", "symbol": "VTLE", "reportedCurrency": "USD", "cik": "0001528129", "fillingDate": "2012-12-31", "acceptedDate": "2012-12-31 00:00:00", "calendarYear": "2012", "period": "FY", "revenue": 588080000, "costOfRevenue": 352994000, "grossProfit": 235086000, "grossProfitRatio": 0.3997517345, "researchAndDevelopmentExpenses": 0, "generalAndAdministrativeExpenses": 62106000, "sellingAndMarketingExpenses": 0, "sellingGeneralAndAdministrativeExpenses": 62106000, "otherExpenses": 1200000, "operatingExpenses": 63306000, "costAndExpenses": 416300000, "interestIncome": 59000, "interestExpense": 80632000, "depreciationAndAmortization": 238768000, "ebitda": 410548000, "ebitdaratio": 0.6981159026, "operatingIncome": 171780000, "operatingIncomeRatio": 0.2921031152, "totalOtherIncomeExpensesNet": -77177000, "incomeBeforeTax": 94603000, "incomeBeforeTaxRatio": 0.160867569, "incomeTaxExpense": 32949000, "netIncome": 61654000, "netIncomeRatio": 0.1048394776, "eps": 9.8, "epsdiluted": 9.6, "weightedAverageShsOut": 6347850, "weightedAverageShsOutDil": 6408550, "link": null, "finalLink": null, "calculatedOtherExpenses": 1200000, "calculatedOperatingExpenses": 63306000, "calculatedNetInterest": -80573000, "calculatedOtherIncome": 3396000, "calculatedIncomeNonControlling": 0, "calculatedEbitda": 410548000}, {"date": "2011-12-31", "symbol": "VTLE", "reportedCurrency": "USD", "cik": "0001528129", "fillingDate": "2011-12-31", "acceptedDate": "2011-12-31 00:00:00", "calendarYear": "2011", "period": "FY", "revenue": 510270000, "costOfRevenue": 80082000, "grossProfit": 430188000, "grossProfitRatio": 0.8430595567, "researchAndDevelopmentExpenses": 0, "generalAndAdministrativeExpenses": 51680000, "sellingAndMarketingExpenses": 0, "sellingGeneralAndAdministrativeExpenses": 51680000, "otherExpenses": 176366000, "operatingExpenses": 228046000, "costAndExpenses": 308128000, "interestIncome": 108000, "interestExpense": 50580000, "depreciationAndAmortization": 176717000, "ebitda": 378616000, "ebitdaratio": 0.7419914947, "operatingIncome": 201899000, "operatingIncomeRatio": 0.3956709193, "totalOtherIncomeExpensesNet": -36971000, "incomeBeforeTax": 164928000, "incomeBeforeTaxRatio": 0.3232171203, "incomeTaxExpense": 59374000, "netIncome": 105554000, "netIncomeRatio": 0.2068591138, "eps": 19.6, "epsdiluted": 19.6, "weightedAverageShsOut": 5359350, "weightedAverageShsOutDil": 5404950, "link": null, "finalLink": null, "calculatedOtherExpenses": 176609000, "calculatedOperatingExpenses": 228289000, "calculatedNetInterest": -50472000, "calculatedOtherIncome": 13501000, "calculatedIncomeNonControlling": 0, "calculatedEbitda": 378616000}, {"date": "2010-12-31", "symbol": "VTLE", "reportedCurrency": "USD", "cik": "0001528129", "fillingDate": "2010-12-31", "acceptedDate": "2010-12-31 00:00:00", "calendarYear": "2010", "period": "FY", "revenue": 242004000, "costOfRevenue": 40228000, "grossProfit": 201776000, "grossProfitRatio": 0.8337713426, "researchAndDevelopmentExpenses": 0, "generalAndAdministrativeExpenses": 0, "sellingAndMarketingExpenses": 0, "sellingGeneralAndAdministrativeExpenses": 31383000, "otherExpenses": 97411000, "operatingExpenses": 128794000, "costAndExpenses": 169022000, "interestIncome": 150000, "interestExpense": 18482000, "depreciationAndAmortization": 97561000, "ebitda": 170543000, "ebitdaratio": 0.7047114924, "operatingIncome": 72982000, "operatingIncomeRatio": 0.3015735277, "totalOtherIncomeExpensesNet": -12546000, "incomeBeforeTax": 60436000, "incomeBeforeTaxRatio": 0.2497314094, "incomeTaxExpense": -25812000, "netIncome": 86248000, "netIncomeRatio": 0.3563908035, "eps": 13.8, "epsdiluted": 13.8, "weightedAverageShsOut": 6250000, "weightedAverageShsOutDil": 6250000, "link": null, "finalLink": null, "calculatedOtherExpenses": 97411000, "calculatedOperatingExpenses": 128794000, "calculatedNetInterest": -18332000, "calculatedOtherIncome": 5786000, "calculatedIncomeNonControlling": 0, "calculatedEbitda": 170543000}, {"date": "2009-12-31", "symbol": "VTLE", "reportedCurrency": "USD", "cik": "0001528129", "fillingDate": "2009-12-31", "acceptedDate": "2009-12-31 00:00:00", "calendarYear": "2009", "period": "FY", "revenue": 96892000, "costOfRevenue": 22758000, "grossProfit": 74134000, "grossProfitRatio": 0.7651199273, "researchAndDevelopmentExpenses": 0, "generalAndAdministrativeExpenses": 0, "sellingAndMarketingExpenses": 0, "sellingGeneralAndAdministrativeExpenses": 22898000, "otherExpenses": 58096000, "operatingExpenses": 80994000, "costAndExpenses": 103752000, "interestIncome": 223000, "interestExpense": 7464000, "depreciationAndAmortization": 58005000, "ebitda": 51368000, "ebitdaratio": 0.5301572885, "operatingIncome": -6637000, "operatingIncomeRatio": -0.0684989473, "totalOtherIncomeExpensesNet": -251864000, "incomeBeforeTax": -258501000, "incomeBeforeTaxRatio": -2.6679292408, "incomeTaxExpense": -74006000, "netIncome": -184495000, "netIncomeRatio": -1.904130372, "eps": -29.52, "epsdiluted": -29.52, "weightedAverageShsOut": 6250000, "weightedAverageShsOutDil": 6250000, "link": null, "finalLink": null, "calculatedOtherExpenses": 57873000, "calculatedOperatingExpenses": 80771000, "calculatedNetInterest": -7241000, "calculatedOtherIncome": -244623000, "calculatedIncomeNonControlling": 0, "calculatedEbitda": 51368000}]}