{"originalCurrency": "USD", "convertedCurrency": "USD", "report": [{"date": "2023-12-31", "symbol": "VTR", "reportedCurrency": "USD", "cik": "0000740260", "fillingDate": "2024-02-15", "acceptedDate": "2024-02-15 17:22:31", "calendarYear": "2023", "period": "FY", "revenue": 4497827000, "costOfRevenue": 3727107000, "grossProfit": 770720000, "grossProfitRatio": 0.171353856, "researchAndDevelopmentExpenses": 0, "generalAndAdministrativeExpenses": 148876000, "sellingAndMarketingExpenses": 0, "sellingGeneralAndAdministrativeExpenses": 148876000, "otherExpenses": -105605000, "operatingExpenses": 105605000, "costAndExpenses": 3832712000, "interestIncome": 562698000, "interestExpense": 586412000, "depreciationAndAmortization": 1165861000, "ebitda": 1830976000, "ebitdaratio": 0.40708013, "operatingIncome": 665115000, "operatingIncomeRatio": 0.1478747404, "totalOtherIncomeExpensesNet": -763205000, "incomeBeforeTax": -98090000, "incomeBeforeTaxRatio": -0.0218083088, "incomeTaxExpense": -9539000, "netIncome": -40973000, "netIncomeRatio": -0.00910951, "eps": -0.1, "epsdiluted": -0.1, "weightedAverageShsOut": 401809000, "weightedAverageShsOutDil": 401809000, "link": "https://www.sec.gov/Archives/edgar/data/740260/000074026024000067/0000740260-24-000067-index.htm", "finalLink": "https://www.sec.gov/Archives/edgar/data/740260/000074026024000067/vtr-20231231.htm", "calculatedOtherExpenses": -43271000, "calculatedOperatingExpenses": 105605000, "calculatedNetInterest": -23714000, "calculatedOtherIncome": -739491000, "calculatedIncomeNonControlling": -47578000, "calculatedEbitda": 1830976000}, {"date": "2022-12-31", "symbol": "VTR", "reportedCurrency": "USD", "cik": "0000740260", "fillingDate": "2023-02-10", "acceptedDate": "2023-02-10 17:04:45", "calendarYear": "2022", "period": "FY", "revenue": 4129193000, "costOfRevenue": 2282918000, "grossProfit": 1846275000, "grossProfitRatio": 0.44712732, "researchAndDevelopmentExpenses": 0, "generalAndAdministrativeExpenses": 144874000, "sellingAndMarketingExpenses": 0, "sellingGeneralAndAdministrativeExpenses": 144874000, "otherExpenses": 1217555000, "operatingExpenses": 1362429000, "costAndExpenses": 3645347000, "interestIncome": 463922000, "interestExpense": 467557000, "depreciationAndAmortization": 1197798000, "ebitda": 1651876000, "ebitdaratio": 0.400048145, "operatingIncome": 454078000, "operatingIncomeRatio": 0.1099677346, "totalOtherIncomeExpensesNet": -511935000, "incomeBeforeTax": -57857000, "incomeBeforeTaxRatio": -0.0140116967, "incomeTaxExpense": -16926000, "netIncome": -40931000, "netIncomeRatio": -0.0099125907, "eps": -0.11, "epsdiluted": -0.11, "weightedAverageShsOut": 373368000, "weightedAverageShsOutDil": 373368000, "link": "https://www.sec.gov/Archives/edgar/data/740260/000074026023000070/0000740260-23-000070-index.htm", "finalLink": "https://www.sec.gov/Archives/edgar/data/740260/000074026023000070/vtr-20221231.htm", "calculatedOtherExpenses": 1247323000, "calculatedOperatingExpenses": 1392197000, "calculatedNetInterest": -3635000, "calculatedOtherIncome": -508300000, "calculatedIncomeNonControlling": 0, "calculatedEbitda": 1651876000}, {"date": "2021-12-31", "symbol": "VTR", "reportedCurrency": "USD", "cik": "0000740260", "fillingDate": "2022-02-18", "acceptedDate": "2022-02-18 16:50:51", "calendarYear": "2021", "period": "FY", "revenue": 3828007000, "costOfRevenue": 2088497000, "grossProfit": 1739510000, "grossProfitRatio": 0.4544166194, "researchAndDevelopmentExpenses": 0, "generalAndAdministrativeExpenses": 129758000, "sellingAndMarketingExpenses": 0, "sellingGeneralAndAdministrativeExpenses": 129758000, "otherExpenses": 1188321000, "operatingExpenses": 1318079000, "costAndExpenses": 3406576000, "interestIncome": 425280000, "interestExpense": 440089000, "depreciationAndAmortization": 1215112000, "ebitda": 1604416000, "ebitdaratio": 0.4191256704, "operatingIncome": 389304000, "operatingIncomeRatio": 0.1016988736, "totalOtherIncomeExpensesNet": -327918000, "incomeBeforeTax": 61386000, "incomeBeforeTaxRatio": 0.0160360208, "incomeTaxExpense": 4827000, "netIncome": 49008000, "netIncomeRatio": 0.0128024844, "eps": 0.13, "epsdiluted": 0.13, "weightedAverageShsOut": 382785000, "weightedAverageShsOutDil": 386304000, "link": "https://www.sec.gov/Archives/edgar/data/740260/000074026022000057/0000740260-22-000057-index.htm", "finalLink": "https://www.sec.gov/Archives/edgar/data/740260/000074026022000057/vtr-20211231.htm", "calculatedOtherExpenses": 1220448000, "calculatedOperatingExpenses": 1350206000, "calculatedNetInterest": -14809000, "calculatedOtherIncome": -313109000, "calculatedIncomeNonControlling": 7551000, "calculatedEbitda": 1604416000}, {"date": "2020-12-31", "symbol": "VTR", "reportedCurrency": "USD", "cik": "0000740260", "fillingDate": "2021-02-23", "acceptedDate": "2021-02-23 15:24:41", "calendarYear": "2020", "period": "FY", "revenue": 3795357000, "costOfRevenue": 1939758000, "grossProfit": 1855599000, "grossProfitRatio": 0.4889129007, "researchAndDevelopmentExpenses": 0, "generalAndAdministrativeExpenses": 130158000, "sellingAndMarketingExpenses": 0, "sellingGeneralAndAdministrativeExpenses": 130158000, "otherExpenses": 1134001000, "operatingExpenses": 1264159000, "costAndExpenses": 3203917000, "interestIncome": 7609000, "interestExpense": 469541000, "depreciationAndAmortization": 1130482000, "ebitda": 1723059000, "ebitdaratio": 0.4539912846, "operatingIncome": 592577000, "operatingIncomeRatio": 0.1561320845, "totalOtherIncomeExpensesNet": -247926000, "incomeBeforeTax": 344651000, "incomeBeforeTaxRatio": 0.0908085853, "incomeTaxExpense": -96534000, "netIncome": 439149000, "netIncomeRatio": 0.1157069019, "eps": 1.18, "epsdiluted": 1.17, "weightedAverageShsOut": 373368000, "weightedAverageShsOutDil": 376503000, "link": "https://www.sec.gov/Archives/edgar/data/740260/000074026021000048/0000740260-21-000048-index.htm", "finalLink": "https://www.sec.gov/Archives/edgar/data/740260/000074026021000048/vtr-20201231.htm", "calculatedOtherExpenses": 1132864000, "calculatedOperatingExpenses": 1263022000, "calculatedNetInterest": -461932000, "calculatedOtherIncome": 214006000, "calculatedIncomeNonControlling": 2036000, "calculatedEbitda": 1723059000}, {"date": "2019-12-31", "symbol": "VTR", "reportedCurrency": "USD", "cik": "0000740260", "fillingDate": "2020-02-24", "acceptedDate": "2020-02-21 19:52:51", "calendarYear": "2019", "period": "FY", "revenue": 3872750000, "costOfRevenue": 1810527000, "grossProfit": 2062223000, "grossProfitRatio": 0.5324957717, "researchAndDevelopmentExpenses": 0, "generalAndAdministrativeExpenses": 165996000, "sellingAndMarketingExpenses": 0, "sellingGeneralAndAdministrativeExpenses": 165996000, "otherExpenses": 1045620000, "operatingExpenses": 1211616000, "costAndExpenses": 3022143000, "interestIncome": 10984000, "interestExpense": 451662000, "depreciationAndAmortization": 1068605000, "ebitda": 1934367000, "ebitdaratio": 0.4994815054, "operatingIncome": 865762000, "operatingIncomeRatio": 0.2235522561, "totalOtherIncomeExpensesNet": -482775000, "incomeBeforeTax": 382987000, "incomeBeforeTaxRatio": 0.0988927765, "incomeTaxExpense": -56310000, "netIncome": 433016000, "netIncomeRatio": 0.111810987, "eps": 1.18, "epsdiluted": 1.17, "weightedAverageShsOut": 365977000, "weightedAverageShsOutDil": 369886000, "link": "https://www.sec.gov/Archives/edgar/data/740260/000074026020000042/0000740260-20-000042-index.htm", "finalLink": "https://www.sec.gov/Archives/edgar/data/740260/000074026020000042/vtr123119doc10k.htm", "calculatedOtherExpenses": 1030465000, "calculatedOperatingExpenses": 1196461000, "calculatedNetInterest": -440678000, "calculatedOtherIncome": -42097000, "calculatedIncomeNonControlling": 6281000, "calculatedEbitda": 1934367000}, {"date": "2018-12-31", "symbol": "VTR", "reportedCurrency": "USD", "cik": "0000740260", "fillingDate": "2019-02-08", "acceptedDate": "2019-02-08 17:23:47", "calendarYear": "2018", "period": "FY", "revenue": 3745810000, "costOfRevenue": 1691298000, "grossProfit": 2054512000, "grossProfitRatio": 0.5484827047, "researchAndDevelopmentExpenses": 0, "generalAndAdministrativeExpenses": 151982000, "sellingAndMarketingExpenses": 0, "sellingGeneralAndAdministrativeExpenses": 151982000, "otherExpenses": -66768000, "operatingExpenses": 1071621000, "costAndExpenses": 2762919000, "interestIncome": 24892000, "interestExpense": 442497000, "depreciationAndAmortization": 938525000, "ebitda": 1799614000, "ebitdaratio": 0.4804338714, "operatingIncome": 861089000, "operatingIncomeRatio": 0.2298805866, "totalOtherIncomeExpensesNet": -164356000, "incomeBeforeTax": 376038000, "incomeBeforeTaxRatio": 0.1003889679, "incomeTaxExpense": -39953000, "netIncome": 409467000, "netIncomeRatio": 0.1093133394, "eps": 1.15, "epsdiluted": 1.14, "weightedAverageShsOut": 356265000, "weightedAverageShsOutDil": 359301000, "link": "https://www.sec.gov/Archives/edgar/data/740260/000074026019000037/0000740260-19-000037-index.htm", "finalLink": "https://www.sec.gov/Archives/edgar/data/740260/000074026019000037/a4q18doc10k.htm", "calculatedOtherExpenses": 1041441000, "calculatedOperatingExpenses": 1193423000, "calculatedNetInterest": -417605000, "calculatedOtherIncome": -67446000, "calculatedIncomeNonControlling": 6524000, "calculatedEbitda": 1799614000}, {"date": "2017-12-31", "symbol": "VTR", "reportedCurrency": "USD", "cik": "0000740260", "fillingDate": "2018-02-09", "acceptedDate": "2018-02-09 15:49:50", "calendarYear": "2017", "period": "FY", "revenue": 3574149000, "costOfRevenue": 1486463000, "grossProfit": 2087686000, "grossProfitRatio": 0.5841071539, "researchAndDevelopmentExpenses": 0, "generalAndAdministrativeExpenses": 135490000, "sellingAndMarketingExpenses": 0, "sellingGeneralAndAdministrativeExpenses": 135490000, "otherExpenses": -20052000, "operatingExpenses": 1023438000, "costAndExpenses": 2509901000, "interestIncome": 6034000, "interestExpense": 448196000, "depreciationAndAmortization": 904006000, "ebitda": 1947641000, "ebitdaratio": 0.5449244002, "operatingIncome": 622086000, "operatingIncomeRatio": 0.1740515015, "totalOtherIncomeExpensesNet": -31902000, "incomeBeforeTax": 584150000, "incomeBeforeTaxRatio": 0.1634375064, "incomeTaxExpense": -59799000, "netIncome": 1356470000, "netIncomeRatio": 0.3795225101, "eps": 3.82, "epsdiluted": 3.78, "weightedAverageShsOut": 355326000, "weightedAverageShsOutDil": 358566000, "link": "https://www.sec.gov/Archives/edgar/data/740260/000074026018000054/0000740260-18-000054-index.htm", "finalLink": "https://www.sec.gov/Archives/edgar/data/740260/000074026018000054/vtr-2017123110k.htm", "calculatedOtherExpenses": 1330110000, "calculatedOperatingExpenses": 1465600000, "calculatedNetInterest": -442162000, "calculatedOtherIncome": 404226000, "calculatedIncomeNonControlling": -712521000, "calculatedEbitda": 1526092000}, {"date": "2016-12-31", "symbol": "VTR", "reportedCurrency": "USD", "cik": "0000740260", "fillingDate": "2017-02-14", "acceptedDate": "2017-02-13 21:18:07", "calendarYear": "2016", "period": "FY", "revenue": 3443522000, "costOfRevenue": 1442073000, "grossProfit": 2001449000, "grossProfitRatio": 0.5812214936, "researchAndDevelopmentExpenses": 0, "generalAndAdministrativeExpenses": 126875000, "sellingAndMarketingExpenses": 0, "sellingGeneralAndAdministrativeExpenses": 126875000, "otherExpenses": -9988000, "operatingExpenses": 1025799000, "costAndExpenses": 2467872000, "interestIncome": 876000, "interestExpense": 419740000, "depreciationAndAmortization": 909281000, "ebitda": 1879301000, "ebitdaratio": 0.5457496714, "operatingIncome": 556786000, "operatingIncomeRatio": 0.1616908502, "totalOtherIncomeExpensesNet": -33044000, "incomeBeforeTax": 522866000, "incomeBeforeTaxRatio": 0.1518404703, "incomeTaxExpense": -31343000, "netIncome": 649231000, "netIncomeRatio": 0.1885369108, "eps": 1.88, "epsdiluted": 1.86, "weightedAverageShsOut": 344703000, "weightedAverageShsOutDil": 348390000, "link": "https://www.sec.gov/Archives/edgar/data/740260/000074026017000056/0000740260-17-000056-index.htm", "finalLink": "https://www.sec.gov/Archives/edgar/data/740260/000074026017000056/vtr-20161231x10k.htm", "calculatedOtherExpenses": 1317788000, "calculatedOperatingExpenses": 1444663000, "calculatedNetInterest": -418864000, "calculatedOtherIncome": 384944000, "calculatedIncomeNonControlling": -95022000, "calculatedEbitda": 1466067000}, {"date": "2015-12-31", "symbol": "VTR", "reportedCurrency": "USD", "cik": "0000740260", "fillingDate": "2016-02-12", "acceptedDate": "2016-02-12 16:59:29", "calendarYear": "2015", "period": "FY", "revenue": 3286398000, "costOfRevenue": 1410205000, "grossProfit": 1876193000, "grossProfitRatio": 0.5708964648, "researchAndDevelopmentExpenses": 0, "generalAndAdministrativeExpenses": 128035000, "sellingAndMarketingExpenses": 0, "sellingGeneralAndAdministrativeExpenses": 128035000, "otherExpenses": -17957000, "operatingExpenses": 1022092000, "costAndExpenses": 2432297000, "interestIncome": 1052000, "interestExpense": 367114000, "depreciationAndAmortization": 979111000, "ebitda": 1813835000, "ebitdaratio": 0.5519218914, "operatingIncome": 834724000, "operatingIncomeRatio": 0.253993582, "totalOtherIncomeExpensesNet": -136732000, "incomeBeforeTax": 350255000, "incomeBeforeTaxRatio": 0.1065771705, "incomeTaxExpense": -39284000, "netIncome": 417843000, "netIncomeRatio": 0.1271431519, "eps": 1.26, "epsdiluted": 1.25, "weightedAverageShsOut": 330311000, "weightedAverageShsOutDil": 334007000, "link": "https://www.sec.gov/Archives/edgar/data/740260/000074026016000201/0000740260-16-000201-index.htm", "finalLink": "https://www.sec.gov/Archives/edgar/data/740260/000074026016000201/vtr-20151231x10k.htm", "calculatedOtherExpenses": 913434000, "calculatedOperatingExpenses": 1041469000, "calculatedNetInterest": -366062000, "calculatedOtherIncome": -118407000, "calculatedIncomeNonControlling": -28304000, "calculatedEbitda": 1813835000}, {"date": "2014-12-31", "symbol": "VTR", "reportedCurrency": "USD", "cik": "0000740260", "fillingDate": "2015-02-13", "acceptedDate": "2015-02-13 16:57:46", "calendarYear": "2014", "period": "FY", "revenue": 3075746000, "costOfRevenue": 1212190000, "grossProfit": 1863556000, "grossProfitRatio": 0.6058874823, "researchAndDevelopmentExpenses": 0, "generalAndAdministrativeExpenses": 121746000, "sellingAndMarketingExpenses": 0, "sellingGeneralAndAdministrativeExpenses": 121746000, "otherExpenses": -38925000, "operatingExpenses": 948657000, "costAndExpenses": 2160847000, "interestIncome": 4267000, "interestExpense": 376842000, "depreciationAndAmortization": 828155000, "ebitda": 1703990000, "ebitdaratio": 0.554008686, "operatingIncome": 875835000, "operatingIncomeRatio": 0.2847553081, "totalOtherIncomeExpensesNet": -89679000, "incomeBeforeTax": 448378000, "incomeBeforeTaxRatio": 0.1457786176, "incomeTaxExpense": -8732000, "netIncome": 475767000, "netIncomeRatio": 0.1546834492, "eps": 1.62, "epsdiluted": 1.6, "weightedAverageShsOut": 294175000, "weightedAverageShsOutDil": 296677000, "link": "https://www.sec.gov/Archives/edgar/data/740260/000074026015000062/0000740260-15-000062-index.htm", "finalLink": "https://www.sec.gov/Archives/edgar/data/740260/000074026015000062/vtr-20141231x10k.htm", "calculatedOtherExpenses": 865975000, "calculatedOperatingExpenses": 987721000, "calculatedNetInterest": -372575000, "calculatedOtherIncome": -54882000, "calculatedIncomeNonControlling": -18657000, "calculatedEbitda": 1703990000}, {"date": "2013-12-31", "symbol": "VTR", "reportedCurrency": "USD", "cik": "0000740260", "fillingDate": "2014-02-18", "acceptedDate": "2014-02-18 13:38:12", "calendarYear": "2013", "period": "FY", "revenue": 2810053000, "costOfRevenue": 1117947000, "grossProfit": 1692106000, "grossProfitRatio": 0.6021615962, "researchAndDevelopmentExpenses": 0, "generalAndAdministrativeExpenses": 115106000, "sellingAndMarketingExpenses": 0, "sellingGeneralAndAdministrativeExpenses": 115106000, "otherExpenses": -18732000, "operatingExpenses": 837065000, "costAndExpenses": 1955012000, "interestIncome": 2047000, "interestExpense": 334484000, "depreciationAndAmortization": 753136000, "ebitda": 1588937000, "ebitdaratio": 0.5654473421, "operatingIncome": 835801000, "operatingIncomeRatio": 0.2974324684, "totalOtherIncomeExpensesNet": -42075000, "incomeBeforeTax": 478482000, "incomeBeforeTaxRatio": 0.1702750802, "incomeTaxExpense": -11828000, "netIncome": 453509000, "netIncomeRatio": 0.1613880592, "eps": 1.55, "epsdiluted": 1.54, "weightedAverageShsOut": 292654000, "weightedAverageShsOutDil": 295110000, "link": "https://www.sec.gov/Archives/edgar/data/740260/000074026014000063/0000740260-14-000063-index.htm", "finalLink": "https://www.sec.gov/Archives/edgar/data/740260/000074026014000063/vtr-20131231x10k.htm", "calculatedOtherExpenses": 741199000, "calculatedOperatingExpenses": 856305000, "calculatedNetInterest": -332437000, "calculatedOtherIncome": -24882000, "calculatedIncomeNonControlling": 36801000, "calculatedEbitda": 1588937000}, {"date": "2012-12-31", "symbol": "VTR", "reportedCurrency": "USD", "cik": "0000740260", "fillingDate": "2013-02-19", "acceptedDate": "2013-02-19 07:19:03", "calendarYear": "2012", "period": "FY", "revenue": 2485299000, "costOfRevenue": 979225000, "grossProfit": 1506074000, "grossProfitRatio": 0.6059930817, "researchAndDevelopmentExpenses": 0, "generalAndAdministrativeExpenses": 98801000, "sellingAndMarketingExpenses": 0, "sellingGeneralAndAdministrativeExpenses": 98801000, "otherExpenses": -6956000, "operatingExpenses": 824782000, "costAndExpenses": 1804007000, "interestIncome": 1106000, "interestExpense": 293401000, "depreciationAndAmortization": 724832000, "ebitda": 1418471000, "ebitdaratio": 0.5707446066, "operatingIncome": 693639000, "operatingIncomeRatio": 0.2790968008, "totalOtherIncomeExpensesNet": -89625000, "incomeBeforeTax": 298266000, "incomeBeforeTaxRatio": 0.1200121193, "incomeTaxExpense": -6282000, "netIncome": 362800000, "netIncomeRatio": 0.1459784115, "eps": 1.24, "epsdiluted": 1.23, "weightedAverageShsOut": 292064000, "weightedAverageShsOutDil": 294488000, "link": "https://www.sec.gov/Archives/edgar/data/740260/000074026013000047/0000740260-13-000047-index.htm", "finalLink": "https://www.sec.gov/Archives/edgar/data/740260/000074026013000047/vtr-20121231x10k.htm", "calculatedOtherExpenses": 713634000, "calculatedOperatingExpenses": 812435000, "calculatedNetInterest": -292295000, "calculatedOtherIncome": -103078000, "calculatedIncomeNonControlling": -58252000, "calculatedEbitda": 1418471000}, {"date": "2011-12-31", "symbol": "VTR", "reportedCurrency": "USD", "cik": "0000740260", "fillingDate": "2012-02-22", "acceptedDate": "2012-02-22 15:52:06", "calendarYear": "2011", "period": "FY", "revenue": 1764991000, "costOfRevenue": 678643000, "grossProfit": 1086348000, "grossProfitRatio": 0.6154977561, "researchAndDevelopmentExpenses": 0, "generalAndAdministrativeExpenses": 0, "sellingAndMarketingExpenses": 0, "sellingGeneralAndAdministrativeExpenses": 74537000, "otherExpenses": 0, "operatingExpenses": 365125000, "costAndExpenses": 1043768000, "interestIncome": 0, "interestExpense": 236807000, "depreciationAndAmortization": 459704000, "ebitda": 1180875000, "ebitdaratio": 0.6690544031, "operatingIncome": 51169000, "operatingIncomeRatio": 0.0289910827, "totalOtherIncomeExpensesNet": -153975000, "incomeBeforeTax": 330441000, "incomeBeforeTaxRatio": 0.1872196515, "incomeTaxExpense": -31137000, "netIncome": 364493000, "netIncomeRatio": 0.2065126678, "eps": 1.6, "epsdiluted": 1.58, "weightedAverageShsOut": 228453000, "weightedAverageShsOutDil": 230790000, "link": "https://www.sec.gov/Archives/edgar/data/740260/000104746912001287/0001047469-12-001287-index.htm", "finalLink": "https://www.sec.gov/Archives/edgar/data/740260/000104746912001287/a2207416z10-k.htm", "calculatedOtherExpenses": 960642000, "calculatedOperatingExpenses": 1035179000, "calculatedNetInterest": -236807000, "calculatedOtherIncome": 516079000, "calculatedIncomeNonControlling": -2915000, "calculatedEbitda": 510873000}, {"date": "2010-12-31", "symbol": "VTR", "reportedCurrency": "USD", "cik": "0000740260", "fillingDate": "2011-02-18", "acceptedDate": "2011-02-18 16:54:54", "calendarYear": "2010", "period": "FY", "revenue": 1016867000, "costOfRevenue": 325471000, "grossProfit": 691396000, "grossProfitRatio": 0.6799276602, "researchAndDevelopmentExpenses": 0, "generalAndAdministrativeExpenses": 0, "sellingAndMarketingExpenses": 0, "sellingGeneralAndAdministrativeExpenses": 49830000, "otherExpenses": 0, "operatingExpenses": 265221000, "costAndExpenses": 590692000, "interestIncome": 0, "interestExpense": 178863000, "depreciationAndAmortization": 214707000, "ebitda": 640218000, "ebitdaratio": 0.6295985611, "operatingIncome": 52215000, "operatingIncomeRatio": 0.0513488981, "totalOtherIncomeExpensesNet": -20179000, "incomeBeforeTax": 227133000, "incomeBeforeTaxRatio": 0.2233654942, "incomeTaxExpense": 5201000, "netIncome": 246167000, "netIncomeRatio": 0.242083773, "eps": 1.57, "epsdiluted": 1.56, "weightedAverageShsOut": 156608000, "weightedAverageShsOutDil": 157657000, "link": "https://www.sec.gov/Archives/edgar/data/740260/000095012311015746/0000950123-11-015746-index.htm", "finalLink": "https://www.sec.gov/Archives/edgar/data/740260/000095012311015746/c62406e10vk.htm", "calculatedOtherExpenses": 589351000, "calculatedOperatingExpenses": 639181000, "calculatedNetInterest": -178863000, "calculatedOtherIncome": 353781000, "calculatedIncomeNonControlling": -24235000, "calculatedEbitda": 266922000}, {"date": "2009-12-31", "symbol": "VTR", "reportedCurrency": "USD", "cik": "0000740260", "fillingDate": "2010-02-19", "acceptedDate": "2010-02-19 16:32:37", "calendarYear": "2009", "period": "FY", "revenue": 931575000, "costOfRevenue": 302813000, "grossProfit": 628762000, "grossProfitRatio": 0.6749451198, "researchAndDevelopmentExpenses": 0, "generalAndAdministrativeExpenses": 38830000, "sellingAndMarketingExpenses": 0, "sellingGeneralAndAdministrativeExpenses": 38830000, "otherExpenses": 263983000, "operatingExpenses": 244491000, "costAndExpenses": 547304000, "interestIncome": 842000, "interestExpense": 176990000, "depreciationAndAmortization": 207611000, "ebitda": 591882000, "ebitdaratio": 0.6353562515, "operatingIncome": 208123000, "operatingIncomeRatio": 0.2234098167, "totalOtherIncomeExpensesNet": -13015000, "incomeBeforeTax": 194266000, "incomeBeforeTaxRatio": 0.2085350079, "incomeTaxExpense": -1719000, "netIncome": 266495000, "netIncomeRatio": 0.2860692913, "eps": 1.75, "epsdiluted": 1.74, "weightedAverageShsOut": 152566000, "weightedAverageShsOutDil": 152758000, "link": "https://www.sec.gov/Archives/edgar/data/740260/000119312510035246/0001193125-10-035246-index.htm", "finalLink": "https://www.sec.gov/Archives/edgar/data/740260/000119312510035246/d10k.htm", "calculatedOtherExpenses": 381809000, "calculatedOperatingExpenses": 420639000, "calculatedNetInterest": -176148000, "calculatedOtherIncome": 162291000, "calculatedIncomeNonControlling": -70510000, "calculatedEbitda": 415734000}, {"date": "2008-12-31", "symbol": "VTR", "reportedCurrency": "USD", "cik": "0000740260", "fillingDate": "2009-02-27", "acceptedDate": "2009-02-27 13:34:42", "calendarYear": "2008", "period": "FY", "revenue": 929766000, "costOfRevenue": 306944000, "grossProfit": 622822000, "grossProfitRatio": 0.6698696231, "researchAndDevelopmentExpenses": 0, "generalAndAdministrativeExpenses": 36425000, "sellingAndMarketingExpenses": 4226000, "sellingGeneralAndAdministrativeExpenses": 40651000, "otherExpenses": 161700000, "operatingExpenses": 274353000, "costAndExpenses": 581297000, "interestIncome": 0, "interestExpense": 203184000, "depreciationAndAmortization": 235719000, "ebitda": 584188000, "ebitdaratio": 0.6283172325, "operatingIncome": 145285000, "operatingIncomeRatio": 0.1562597471, "totalOtherIncomeExpensesNet": 19030000, "incomeBeforeTax": 145285000, "incomeBeforeTaxRatio": 0.1562597471, "incomeTaxExpense": -15885000, "netIncome": 226288000, "netIncomeRatio": 0.2433816681, "eps": 1.62, "epsdiluted": 1.62, "weightedAverageShsOut": 139572000, "weightedAverageShsOutDil": 139912000, "link": "https://www.sec.gov/Archives/edgar/data/740260/000119312509040636/0001193125-09-040636-index.htm", "finalLink": "https://www.sec.gov/Archives/edgar/data/740260/000119312509040636/d10k.htm", "calculatedOtherExpenses": 436886000, "calculatedOperatingExpenses": 477537000, "calculatedNetInterest": -203184000, "calculatedOtherIncome": 203184000, "calculatedIncomeNonControlling": -65118000, "calculatedEbitda": 381004000}, {"date": "2007-12-31", "symbol": "VTR", "reportedCurrency": "USD", "cik": "0000740260", "fillingDate": "2008-02-29", "acceptedDate": "2008-02-28 20:43:06", "calendarYear": "2007", "period": "FY", "revenue": 771791000, "costOfRevenue": 198125000, "grossProfit": 573666000, "grossProfitRatio": 0.7432919016, "researchAndDevelopmentExpenses": 0, "generalAndAdministrativeExpenses": 36425000, "sellingAndMarketingExpenses": 0, "sellingGeneralAndAdministrativeExpenses": 36425000, "otherExpenses": 161700000, "operatingExpenses": 246118000, "costAndExpenses": 444243000, "interestIncome": 2994000, "interestExpense": 204218000, "depreciationAndAmortization": 237501000, "ebitda": 565049000, "ebitdaratio": 0.7321269618, "operatingIncome": 126324000, "operatingIncomeRatio": 0.1636764357, "totalOtherIncomeExpensesNet": -2979000, "incomeBeforeTax": 120351000, "incomeBeforeTaxRatio": 0.1559372939, "incomeTaxExpense": -28042000, "netIncome": 282318000, "netIncomeRatio": 0.3657959214, "eps": 2.26, "epsdiluted": 2.25, "weightedAverageShsOut": 122597000, "weightedAverageShsOutDil": 123012000, "link": "https://www.sec.gov/Archives/edgar/data/740260/000119312508042265/0001193125-08-042265-index.htm", "finalLink": "https://www.sec.gov/Archives/edgar/data/740260/000119312508042265/d10k.htm", "calculatedOtherExpenses": 410917000, "calculatedOperatingExpenses": 447342000, "calculatedNetInterest": -201224000, "calculatedOtherIncome": 195251000, "calculatedIncomeNonControlling": -133925000, "calculatedEbitda": 363825000}, {"date": "2006-12-31", "symbol": "VTR", "reportedCurrency": "USD", "cik": "0000740260", "fillingDate": "2007-02-22", "acceptedDate": "2007-02-21 19:18:53", "calendarYear": "2006", "period": "FY", "revenue": 418449000, "costOfRevenue": 0, "grossProfit": 418449000, "grossProfitRatio": 1, "researchAndDevelopmentExpenses": 0, "generalAndAdministrativeExpenses": 26136000, "sellingAndMarketingExpenses": 0, "sellingGeneralAndAdministrativeExpenses": 26136000, "otherExpenses": 0, "operatingExpenses": 154552000, "costAndExpenses": 154552000, "interestIncome": 0, "interestExpense": 0, "depreciationAndAmortization": 119653000, "ebitda": 384823000, "ebitdaratio": 0.9196413422, "operatingIncome": 125422000, "operatingIncomeRatio": 0.2997306721, "totalOtherIncomeExpensesNet": -1273000, "incomeBeforeTax": 130583000, "incomeBeforeTaxRatio": 0.3120643137, "incomeTaxExpense": 132467000, "netIncome": 131430000, "netIncomeRatio": 0.3140884552, "eps": 1.26, "epsdiluted": 1.25, "weightedAverageShsOut": 104206000, "weightedAverageShsOutDil": 104731000, "link": "https://www.sec.gov/Archives/edgar/data/740260/000119312507036220/0001193125-07-036220-index.htm", "finalLink": "https://www.sec.gov/Archives/edgar/data/740260/000119312507036220/d10k.htm", "calculatedOtherExpenses": 266891000, "calculatedOperatingExpenses": 293027000, "calculatedNetInterest": 0, "calculatedOtherIncome": 5161000, "calculatedIncomeNonControlling": -133314000, "calculatedEbitda": 245075000}, {"date": "2005-12-31", "symbol": "VTR", "reportedCurrency": "USD", "cik": "0000740260", "fillingDate": "2006-02-28", "acceptedDate": "2006-02-28 17:14:47", "calendarYear": "2005", "period": "FY", "revenue": 324719000, "costOfRevenue": 0, "grossProfit": 324719000, "grossProfitRatio": 1, "researchAndDevelopmentExpenses": 0, "generalAndAdministrativeExpenses": 23104000, "sellingAndMarketingExpenses": 0, "sellingGeneralAndAdministrativeExpenses": 23104000, "otherExpenses": 0, "operatingExpenses": 100609000, "costAndExpenses": 100609000, "interestIncome": 0, "interestExpense": 0, "depreciationAndAmortization": 88002000, "ebitda": 313663000, "ebitdaratio": 0.9659521001, "operatingIncome": 100220000, "operatingIncomeRatio": 0.3086360823, "totalOtherIncomeExpensesNet": -1551000, "incomeBeforeTax": 120900000, "incomeBeforeTaxRatio": 0.3723219153, "incomeTaxExpense": 93527000, "netIncome": 130583000, "netIncomeRatio": 0.4021415439, "eps": 1.37, "epsdiluted": 1.36, "weightedAverageShsOut": 95037000, "weightedAverageShsOutDil": 95775000, "link": "https://www.sec.gov/Archives/edgar/data/740260/000119312506041443/0001193125-06-041443-index.htm", "finalLink": "https://www.sec.gov/Archives/edgar/data/740260/000119312506041443/d10k.htm", "calculatedOtherExpenses": 201395000, "calculatedOperatingExpenses": 224499000, "calculatedNetInterest": 0, "calculatedOtherIncome": 20680000, "calculatedIncomeNonControlling": -103210000, "calculatedEbitda": 188222000}, {"date": "2004-12-31", "symbol": "VTR", "reportedCurrency": "USD", "cik": "0000740260", "fillingDate": "2005-03-01", "acceptedDate": "2005-03-01 17:19:24", "calendarYear": "2004", "period": "FY", "revenue": 232911000, "costOfRevenue": 0, "grossProfit": 232911000, "grossProfitRatio": 1, "researchAndDevelopmentExpenses": 0, "generalAndAdministrativeExpenses": 16917000, "sellingAndMarketingExpenses": 0, "sellingGeneralAndAdministrativeExpenses": 16917000, "otherExpenses": 0, "operatingExpenses": 68496000, "costAndExpenses": 68496000, "interestIncome": 0, "interestExpense": 0, "depreciationAndAmortization": 54340000, "ebitda": 154295000, "ebitdaratio": 0.6624633444, "operatingIncome": 87096000, "operatingIncomeRatio": 0.3739454126, "totalOtherIncomeExpensesNet": 64460000, "incomeBeforeTax": 100173000, "incomeBeforeTaxRatio": 0.4300913224, "incomeTaxExpense": 43515000, "netIncome": 120900000, "netIncomeRatio": 0.5190823963, "eps": 1.45, "epsdiluted": 1.43, "weightedAverageShsOut": 83491000, "weightedAverageShsOutDil": 84352000, "link": "https://www.sec.gov/Archives/edgar/data/740260/000119312505039956/0001193125-05-039956-index.htm", "finalLink": "https://www.sec.gov/Archives/edgar/data/740260/000119312505039956/d10k.htm", "calculatedOtherExpenses": 128898000, "calculatedOperatingExpenses": 145815000, "calculatedNetInterest": 0, "calculatedOtherIncome": 13077000, "calculatedIncomeNonControlling": -64242000, "calculatedEbitda": 141436000}, {"date": "2003-12-31", "symbol": "VTR", "reportedCurrency": "USD", "cik": "0000740260", "fillingDate": "2004-02-27", "acceptedDate": "2004-02-27 16:14:24", "calendarYear": "2003", "period": "FY", "revenue": 205003000, "costOfRevenue": 0, "grossProfit": 205003000, "grossProfitRatio": 1, "researchAndDevelopmentExpenses": 0, "generalAndAdministrativeExpenses": 12724000, "sellingAndMarketingExpenses": 0, "sellingGeneralAndAdministrativeExpenses": 12724000, "otherExpenses": 0, "operatingExpenses": 66643000, "costAndExpenses": 66643000, "interestIncome": 0, "interestExpense": 80197000, "depreciationAndAmortization": 39510000, "ebitda": 159190000, "ebitdaratio": 0.7765252216, "operatingIncome": 119680000, "operatingIncomeRatio": 0.5837963347, "totalOtherIncomeExpensesNet": 20164000, "incomeBeforeTax": 96734000, "incomeBeforeTaxRatio": 0.4718662654, "incomeTaxExpense": -22909000, "netIncome": 162753000, "netIncomeRatio": 0.793905455, "eps": 2.05, "epsdiluted": 2.03, "weightedAverageShsOut": 79340000, "weightedAverageShsOutDil": 80094000, "link": "https://www.sec.gov/Archives/edgar/data/740260/000119312504031291/0001193125-04-031291-index.htm", "finalLink": "https://www.sec.gov/Archives/edgar/data/740260/000119312504031291/d10k.htm", "calculatedOtherExpenses": 72599000, "calculatedOperatingExpenses": 85323000, "calculatedNetInterest": -80197000, "calculatedOtherIncome": 57251000, "calculatedIncomeNonControlling": -43110000, "calculatedEbitda": 159190000}, {"date": "2002-12-31", "symbol": "VTR", "reportedCurrency": "USD", "cik": "0000740260", "fillingDate": "2003-02-26", "acceptedDate": "2003-02-26 08:51:09", "calendarYear": "2002", "period": "FY", "revenue": 196704000, "costOfRevenue": 0, "grossProfit": 196704000, "grossProfitRatio": 1, "researchAndDevelopmentExpenses": 0, "generalAndAdministrativeExpenses": 9763000, "sellingAndMarketingExpenses": 0, "sellingGeneralAndAdministrativeExpenses": 9763000, "otherExpenses": 0, "operatingExpenses": 69492000, "costAndExpenses": 69492000, "interestIncome": 0, "interestExpense": 86175000, "depreciationAndAmortization": 41249000, "ebitda": 171073000, "ebitdaratio": 0.8696976167, "operatingIncome": 129824000, "operatingIncomeRatio": 0.6599967464, "totalOtherIncomeExpensesNet": -79136000, "incomeBeforeTax": 50688000, "incomeBeforeTaxRatio": 0.2576866764, "incomeTaxExpense": -2200000, "netIncome": 65706000, "netIncomeRatio": 0.3340348951, "eps": 0.95, "epsdiluted": 0.93, "weightedAverageShsOut": 69336000, "weightedAverageShsOutDil": 70290000, "link": "https://www.sec.gov/Archives/edgar/data/740260/000093066103000809/0000930661-03-000809-index.htm", "finalLink": "https://www.sec.gov/Archives/edgar/data/740260/000093066103000809/d10k.htm", "calculatedOtherExpenses": 57117000, "calculatedOperatingExpenses": 66880000, "calculatedNetInterest": -86175000, "calculatedOtherIncome": 7039000, "calculatedIncomeNonControlling": -12818000, "calculatedEbitda": 171073000}, {"date": "2001-12-31", "symbol": "VTR", "reportedCurrency": "USD", "cik": "0000740260", "fillingDate": "2002-03-26", "acceptedDate": "2002-03-26 00:00:00", "calendarYear": "2001", "period": "FY", "revenue": 204581000, "costOfRevenue": 0, "grossProfit": 204581000, "grossProfitRatio": 1, "researchAndDevelopmentExpenses": 0, "generalAndAdministrativeExpenses": 10244000, "sellingAndMarketingExpenses": 0, "sellingGeneralAndAdministrativeExpenses": 10244000, "otherExpenses": 0, "operatingExpenses": 63266000, "costAndExpenses": 63266000, "interestIncome": 0, "interestExpense": 0, "depreciationAndAmortization": 40365000, "ebitda": 185087000, "ebitdaratio": 0.9047125588, "operatingIncome": 144722000, "operatingIncomeRatio": 0.7074068462, "totalOtherIncomeExpensesNet": -90439000, "incomeBeforeTax": 54283000, "incomeBeforeTaxRatio": 0.2653374458, "incomeTaxExpense": 2685000, "netIncome": 50566000, "netIncomeRatio": 0.2471686031, "eps": 0.74, "epsdiluted": 0.73, "weightedAverageShsOut": 68409000, "weightedAverageShsOutDil": 69363000, "link": "https://www.sec.gov/Archives/edgar/data/740260/000093066102000854/0000930661-02-000854-index.htm", "finalLink": "https://www.sec.gov/Archives/edgar/data/740260/000093066102000854/d10k.txt", "calculatedOtherExpenses": 49615000, "calculatedOperatingExpenses": 59859000, "calculatedNetInterest": 0, "calculatedOtherIncome": -90439000, "calculatedIncomeNonControlling": 1032000, "calculatedEbitda": 185087000}, {"date": "2000-12-31", "symbol": "VTR", "reportedCurrency": "USD", "cik": "0000740260", "fillingDate": "2001-04-16", "acceptedDate": "2001-04-16 00:00:00", "calendarYear": "2000", "period": "FY", "revenue": 242322000, "costOfRevenue": 0, "grossProfit": 242322000, "grossProfitRatio": 1, "researchAndDevelopmentExpenses": 0, "generalAndAdministrativeExpenses": 9689000, "sellingAndMarketingExpenses": 0, "sellingGeneralAndAdministrativeExpenses": 9689000, "otherExpenses": 0, "operatingExpenses": 64029000, "costAndExpenses": 64029000, "interestIncome": 0, "interestExpense": 0, "depreciationAndAmortization": 43603000, "ebitda": 366115000, "ebitdaratio": 1.5108615809, "operatingIncome": 322512000, "operatingIncomeRatio": 1.3309233169, "totalOtherIncomeExpensesNet": -144219000, "incomeBeforeTax": -61245000, "incomeBeforeTaxRatio": -0.252742219, "incomeTaxExpense": 243745000, "netIncome": -65452000, "netIncomeRatio": -0.2701034161, "eps": -0.96, "epsdiluted": -0.96, "weightedAverageShsOut": 68010000, "weightedAverageShsOutDil": 68131000, "link": "https://www.sec.gov/Archives/edgar/data/740260/000095013001500708/0000950130-01-500708-index.htm", "finalLink": "https://www.sec.gov/Archives/edgar/data/740260/000095013001500708/d10k.txt", "calculatedOtherExpenses": -89879000, "calculatedOperatingExpenses": -80190000, "calculatedNetInterest": 0, "calculatedOtherIncome": -383757000, "calculatedIncomeNonControlling": -239538000, "calculatedEbitda": 366115000}, {"date": "1999-12-31", "symbol": "VTR", "reportedCurrency": "USD", "cik": "0000740260", "fillingDate": "2000-03-29", "acceptedDate": "2000-03-29 00:00:00", "calendarYear": "1999", "period": "FY", "revenue": 233245000, "costOfRevenue": 0, "grossProfit": 233245000, "grossProfitRatio": 1, "researchAndDevelopmentExpenses": 0, "generalAndAdministrativeExpenses": 7767000, "sellingAndMarketingExpenses": 0, "sellingGeneralAndAdministrativeExpenses": 7767000, "otherExpenses": 0, "operatingExpenses": 100657000, "costAndExpenses": 100657000, "interestIncome": 0, "interestExpense": 0, "depreciationAndAmortization": 42803000, "ebitda": 177934000, "ebitdaratio": 0.7628630839, "operatingIncome": 135131000, "operatingIncomeRatio": 0.5793521833, "totalOtherIncomeExpensesNet": -1300000, "incomeBeforeTax": 42535000, "incomeBeforeTaxRatio": 0.1823618941, "incomeTaxExpense": 91296000, "netIncome": 42535000, "netIncomeRatio": 0.1823618941, "eps": 0.63, "epsdiluted": 0.63, "weightedAverageShsOut": 67754000, "weightedAverageShsOutDil": 67989000, "link": "https://www.sec.gov/Archives/edgar/data/740260/000094018000000356/0000940180-00-000356-index.html", "finalLink": "https://www.sec.gov/Archives/edgar/data/740260/000094018000000356/", "calculatedOtherExpenses": 90347000, "calculatedOperatingExpenses": 98114000, "calculatedNetInterest": 0, "calculatedOtherIncome": -92596000, "calculatedIncomeNonControlling": -91296000, "calculatedEbitda": 177934000}, {"date": "1998-12-31", "symbol": "VTR", "reportedCurrency": "USD", "cik": "0000740260", "fillingDate": "1999-03-31", "acceptedDate": "1999-03-31 00:00:00", "calendarYear": "1998", "period": "FY", "revenue": 149933000, "costOfRevenue": 0, "grossProfit": 149933000, "grossProfitRatio": 1, "researchAndDevelopmentExpenses": 0, "generalAndAdministrativeExpenses": 5697000, "sellingAndMarketingExpenses": 0, "sellingGeneralAndAdministrativeExpenses": 5697000, "otherExpenses": 0, "operatingExpenses": 37969000, "costAndExpenses": 37969000, "interestIncome": 0, "interestExpense": 0, "depreciationAndAmortization": 29049000, "ebitda": 141013000, "ebitdaratio": 0.9405067597, "operatingIncome": 111964000, "operatingIncomeRatio": 0.7467602196, "totalOtherIncomeExpensesNet": -56004000, "incomeBeforeTax": 55960000, "incomeBeforeTaxRatio": 0.3732333776, "incomeTaxExpense": 21151000, "netIncome": 26758000, "netIncomeRatio": 0.1784663817, "eps": 0.39, "epsdiluted": 0.39, "weightedAverageShsOut": 67681000, "weightedAverageShsOutDil": 68610256, "link": "https://www.sec.gov/Archives/edgar/data/740260/000093176399001033/0000931763-99-001033-index.html", "finalLink": "https://www.sec.gov/Archives/edgar/data/740260/", "calculatedOtherExpenses": 32272000, "calculatedOperatingExpenses": 37969000, "calculatedNetInterest": 0, "calculatedOtherIncome": -56004000, "calculatedIncomeNonControlling": 8051000, "calculatedEbitda": 141013000}, {"date": "1997-12-31", "symbol": "VTR", "reportedCurrency": "USD", "cik": "0000740260", "fillingDate": "1998-03-12", "acceptedDate": "1998-03-12 00:00:00", "calendarYear": "1997", "period": "FY", "revenue": 3116004000, "costOfRevenue": 0, "grossProfit": 3116004000, "grossProfitRatio": 1, "researchAndDevelopmentExpenses": 0, "generalAndAdministrativeExpenses": 0, "sellingAndMarketingExpenses": 0, "sellingGeneralAndAdministrativeExpenses": 0, "otherExpenses": 0, "operatingExpenses": 2788802000, "costAndExpenses": 2788802000, "interestIncome": 0, "interestExpense": 0, "depreciationAndAmortization": 123865000, "ebitda": 451067000, "ebitdaratio": 0.1447581582, "operatingIncome": 327202000, "operatingIncomeRatio": 0.1050069255, "totalOtherIncomeExpensesNet": -102736000, "incomeBeforeTax": 224466000, "incomeBeforeTaxRatio": 0.0720364929, "incomeTaxExpense": 89338000, "netIncome": 130933000, "netIncomeRatio": 0.0420195224, "eps": 1.9, "epsdiluted": 1.86, "weightedAverageShsOut": 68938000, "weightedAverageShsOutDil": 70359000, "link": "https://www.sec.gov/Archives/edgar/data/740260/000095013098001174/0000950130-98-001174-index.html", "finalLink": "https://www.sec.gov/Archives/edgar/data/740260/", "calculatedOtherExpenses": 2788802000, "calculatedOperatingExpenses": 2788802000, "calculatedNetInterest": 0, "calculatedOtherIncome": -102736000, "calculatedIncomeNonControlling": 4195000, "calculatedEbitda": 451067000}, {"date": "1996-12-31", "symbol": "VTR", "reportedCurrency": "USD", "cik": "0000740260", "fillingDate": "1997-03-26", "acceptedDate": "1997-03-26 00:00:00", "calendarYear": "1996", "period": "FY", "revenue": 2577783000, "costOfRevenue": 0, "grossProfit": 2577783000, "grossProfitRatio": 1, "researchAndDevelopmentExpenses": 0, "generalAndAdministrativeExpenses": 0, "sellingAndMarketingExpenses": 0, "sellingGeneralAndAdministrativeExpenses": 1490938000, "otherExpenses": 0, "operatingExpenses": 2529778000, "costAndExpenses": 2529778000, "interestIncome": 0, "interestExpense": 0, "depreciationAndAmortization": 99533000, "ebitda": 147538000, "ebitdaratio": 0.057234453, "operatingIncome": 48005000, "operatingIncomeRatio": 0.0186225916, "totalOtherIncomeExpensesNet": 35175000, "incomeBeforeTax": 83180000, "incomeBeforeTaxRatio": 0.0322680381, "incomeTaxExpense": 35175000, "netIncome": 48005000, "netIncomeRatio": 0.0186225916, "eps": 0.68, "epsdiluted": 0.68, "weightedAverageShsOut": 69704000, "weightedAverageShsOutDil": 70702000, "link": "https://www.sec.gov/Archives/edgar/data/740260/000093066197000698/0000930661-97-000698-index.html", "finalLink": "https://www.sec.gov/Archives/edgar/data/740260/", "calculatedOtherExpenses": 1038840000, "calculatedOperatingExpenses": 2529778000, "calculatedNetInterest": 0, "calculatedOtherIncome": 35175000, "calculatedIncomeNonControlling": 0, "calculatedEbitda": 147538000}, {"date": "1995-12-31", "symbol": "VTR", "reportedCurrency": "USD", "cik": "0000740260", "fillingDate": "1996-03-29", "acceptedDate": "1996-03-29 00:00:00", "calendarYear": "1995", "period": "FY", "revenue": 2323956000, "costOfRevenue": 0, "grossProfit": 2323956000, "grossProfitRatio": 1, "researchAndDevelopmentExpenses": 0, "generalAndAdministrativeExpenses": 0, "sellingAndMarketingExpenses": 0, "sellingGeneralAndAdministrativeExpenses": 0, "otherExpenses": 0, "operatingExpenses": 2315593000, "costAndExpenses": 2315593000, "interestIncome": 0, "interestExpense": 0, "depreciationAndAmortization": 89478000, "ebitda": 97841000, "ebitdaratio": 0.0421010553, "operatingIncome": 8363000, "operatingIncomeRatio": 0.0035986051, "totalOtherIncomeExpensesNet": 24001000, "incomeBeforeTax": 32364000, "incomeBeforeTaxRatio": 0.0139262533, "incomeTaxExpense": 24001000, "netIncome": -14889000, "netIncomeRatio": -0.0064067478, "eps": -0.24, "epsdiluted": -0.21, "weightedAverageShsOut": 62318000, "weightedAverageShsOutDil": 71967000, "link": "https://www.sec.gov/Archives/edgar/data/740260/000095010996001865/0000950109-96-001865-index.html", "finalLink": "https://www.sec.gov/Archives/edgar/data/740260/", "calculatedOtherExpenses": 2315593000, "calculatedOperatingExpenses": 2315593000, "calculatedNetInterest": 0, "calculatedOtherIncome": 24001000, "calculatedIncomeNonControlling": 23252000, "calculatedEbitda": 97841000}]}