{"originalCurrency": "USD", "convertedCurrency": "USD", "report": [{"date": "2023-12-31", "symbol": "VTRS", "reportedCurrency": "USD", "cik": "0001792044", "fillingDate": "2024-04-26", "acceptedDate": "2024-04-26 16:31:10", "calendarYear": "2023", "period": "FY", "revenue": 15381600000, "costOfRevenue": 8813800000, "grossProfit": 6567800000, "grossProfitRatio": 0.4269906902, "researchAndDevelopmentExpenses": 793000000, "generalAndAdministrativeExpenses": 0, "sellingAndMarketingExpenses": 0, "sellingGeneralAndAdministrativeExpenses": 3721700000, "otherExpenses": 9800000, "operatingExpenses": 4514700000, "costAndExpenses": 13328500000, "interestIncome": 0, "interestExpense": 574900000, "depreciationAndAmortization": 2679200000, "ebitda": 4732300000, "ebitdaratio": 0.3076598013, "operatingIncome": 2053100000, "operatingIncomeRatio": 0.1334776616, "totalOtherIncomeExpensesNet": -1850200000, "incomeBeforeTax": 202900000, "incomeBeforeTaxRatio": 0.0131910855, "incomeTaxExpense": 148200000, "netIncome": 54700000, "netIncomeRatio": 0.003556197, "eps": 0.0456, "epsdiluted": 0.0453, "weightedAverageShsOut": 1200300000, "weightedAverageShsOutDil": 1206900000, "link": "https://www.sec.gov/Archives/edgar/data/1792044/000119312524118165/0001193125-24-118165-index.htm", "finalLink": "https://www.sec.gov/Archives/edgar/data/1792044/000119312524118165/d758146d10ka.htm", "calculatedOtherExpenses": 0, "calculatedOperatingExpenses": 4514700000, "calculatedNetInterest": -574900000, "calculatedOtherIncome": -1275300000, "calculatedIncomeNonControlling": 0, "calculatedEbitda": 4732300000}, {"date": "2022-12-31", "symbol": "VTRS", "reportedCurrency": "USD", "cik": "0001792044", "fillingDate": "2023-02-27", "acceptedDate": "2023-02-27 16:06:58", "calendarYear": "2022", "period": "FY", "revenue": 16262700000, "costOfRevenue": 9765700000, "grossProfit": 6497000000, "grossProfitRatio": 0.3995031575, "researchAndDevelopmentExpenses": 662200000, "generalAndAdministrativeExpenses": 0, "sellingAndMarketingExpenses": 0, "sellingGeneralAndAdministrativeExpenses": 4179100000, "otherExpenses": 1790700000, "operatingExpenses": 4841300000, "costAndExpenses": 14607000000, "interestIncome": 592400000, "interestExpense": 592400000, "depreciationAndAmortization": 3027600000, "ebitda": 3446400000, "ebitdaratio": 0.2119205298, "operatingIncome": 418800000, "operatingIncomeRatio": 0.0257521814, "totalOtherIncomeExpensesNet": 2394400000, "incomeBeforeTax": 2813200000, "incomeBeforeTaxRatio": 0.1729848057, "incomeTaxExpense": 734600000, "netIncome": 2078600000, "netIncomeRatio": 0.1278139546, "eps": 1.71, "epsdiluted": 1.71, "weightedAverageShsOut": 1212100000, "weightedAverageShsOutDil": 1217400000, "link": "https://www.sec.gov/Archives/edgar/data/1792044/000179204423000008/0001792044-23-000008-index.htm", "finalLink": "https://www.sec.gov/Archives/edgar/data/1792044/000179204423000008/vtrs-20221231.htm", "calculatedOtherExpenses": 1236900000, "calculatedOperatingExpenses": 6078200000, "calculatedNetInterest": 0, "calculatedOtherIncome": 2394400000, "calculatedIncomeNonControlling": 0, "calculatedEbitda": 3446400000}, {"date": "2021-12-31", "symbol": "VTRS", "reportedCurrency": "USD", "cik": "0001792044", "fillingDate": "2022-02-28", "acceptedDate": "2022-02-28 16:10:26", "calendarYear": "2021", "period": "FY", "revenue": 17886300000, "costOfRevenue": 12310800000, "grossProfit": 5575500000, "grossProfitRatio": 0.3117190252, "researchAndDevelopmentExpenses": 751100000, "generalAndAdministrativeExpenses": 0, "sellingAndMarketingExpenses": 0, "sellingGeneralAndAdministrativeExpenses": 4529200000, "otherExpenses": 5800000, "operatingExpenses": 5280300000, "costAndExpenses": 17591100000, "interestIncome": 636200000, "interestExpense": 636200000, "depreciationAndAmortization": 4506500000, "ebitda": 301000000, "ebitdaratio": 0.0168285224, "operatingIncome": -4205500000, "operatingIncomeRatio": -0.2351240894, "totalOtherIncomeExpensesNet": 3541100000, "incomeBeforeTax": -664400000, "incomeBeforeTaxRatio": -0.0371457484, "incomeTaxExpense": 604700000, "netIncome": -1269100000, "netIncomeRatio": -0.0709537467, "eps": -1.05, "epsdiluted": -1.05, "weightedAverageShsOut": 1208800000, "weightedAverageShsOutDil": 1208800000, "link": "https://www.sec.gov/Archives/edgar/data/1792044/000179204422000010/0001792044-22-000010-index.htm", "finalLink": "https://www.sec.gov/Archives/edgar/data/1792044/000179204422000010/vtrs-20211231.htm", "calculatedOtherExpenses": 4500700000, "calculatedOperatingExpenses": 9781000000, "calculatedNetInterest": 0, "calculatedOtherIncome": 3541100000, "calculatedIncomeNonControlling": 0, "calculatedEbitda": 301000000}, {"date": "2020-12-31", "symbol": "VTRS", "reportedCurrency": "USD", "cik": "0001792044", "fillingDate": "2021-03-01", "acceptedDate": "2021-03-01 17:31:58", "calendarYear": "2020", "period": "FY", "revenue": 11946000000, "costOfRevenue": 8149300000, "grossProfit": 3796700000, "grossProfitRatio": 0.3178218651, "researchAndDevelopmentExpenses": 555100000, "generalAndAdministrativeExpenses": 0, "sellingAndMarketingExpenses": 0, "sellingGeneralAndAdministrativeExpenses": 3344600000, "otherExpenses": 38100000, "operatingExpenses": 3899700000, "costAndExpenses": 12049000000, "interestIncome": 497800000, "interestExpense": 497800000, "depreciationAndAmortization": 2216100000, "ebitda": 2102700000, "ebitdaratio": 0.1760170768, "operatingIncome": -113400000, "operatingIncomeRatio": -0.0094927172, "totalOtherIncomeExpensesNet": -607800000, "incomeBeforeTax": -721200000, "incomeBeforeTaxRatio": -0.0603716725, "incomeTaxExpense": -51300000, "netIncome": -669900000, "netIncomeRatio": -0.0560773481, "eps": -1.11, "epsdiluted": -1.11, "weightedAverageShsOut": 601200000, "weightedAverageShsOutDil": 601200000, "link": "https://www.sec.gov/Archives/edgar/data/1792044/000179204421000009/0001792044-21-000009-index.htm", "finalLink": "https://www.sec.gov/Archives/edgar/data/1792044/000179204421000009/vtrs-20201231.htm", "calculatedOtherExpenses": 10400000, "calculatedOperatingExpenses": 3910100000, "calculatedNetInterest": 0, "calculatedOtherIncome": -607800000, "calculatedIncomeNonControlling": 0, "calculatedEbitda": 2102700000}, {"date": "2019-12-31", "symbol": "VTRS", "reportedCurrency": "USD", "cik": "0001792044", "fillingDate": "2020-05-07", "acceptedDate": "2020-05-07 13:42:06", "calendarYear": "2019", "period": "FY", "revenue": 11500500000, "costOfRevenue": 7602900000, "grossProfit": 3897600000, "grossProfitRatio": 0.338907004, "researchAndDevelopmentExpenses": 639900000, "generalAndAdministrativeExpenses": 0, "sellingAndMarketingExpenses": 0, "sellingGeneralAndAdministrativeExpenses": 2563600000, "otherExpenses": -43800000, "operatingExpenses": 3203500000, "costAndExpenses": 10806400000, "interestIncome": 517299999, "interestExpense": 517300000, "depreciationAndAmortization": 2019300000, "ebitda": 650300000, "ebitdaratio": 0.0565453676, "operatingIncome": -1369000000, "operatingIncomeRatio": -0.1190383027, "totalOtherIncomeExpensesNet": 1523400000, "incomeBeforeTax": 154400000, "incomeBeforeTaxRatio": 0.0134255032, "incomeTaxExpense": 137600000, "netIncome": 16800000, "netIncomeRatio": 0.0014608061, "eps": 0.0326, "epsdiluted": 0.0325, "weightedAverageShsOut": 515700000, "weightedAverageShsOutDil": 516500000, "link": "https://www.sec.gov/Archives/edgar/data/1792044/000119312520136001/0001193125-20-136001-index.htm", "finalLink": "https://www.sec.gov/Archives/edgar/data/1792044/000119312520136001/d792786d10k.htm", "calculatedOtherExpenses": 2063100000, "calculatedOperatingExpenses": 5266600000, "calculatedNetInterest": -1, "calculatedOtherIncome": 1523400001, "calculatedIncomeNonControlling": 0, "calculatedEbitda": 650300000}, {"date": "2018-12-31", "symbol": "VTRS", "reportedCurrency": "USD", "cik": "0001792044", "fillingDate": "2018-12-31", "acceptedDate": "2018-12-31 00:00:00", "calendarYear": "2018", "period": "FY", "revenue": 11433900000, "costOfRevenue": 7432300000, "grossProfit": 4001600000, "grossProfitRatio": 0.3499768233, "researchAndDevelopmentExpenses": 704500000, "generalAndAdministrativeExpenses": 0, "sellingAndMarketingExpenses": 0, "sellingGeneralAndAdministrativeExpenses": 2441000000, "otherExpenses": -64900000, "operatingExpenses": 3145500000, "costAndExpenses": 10577800000, "interestIncome": 0, "interestExpense": 542300000, "depreciationAndAmortization": 2109900000, "ebitda": 791200000, "ebitdaratio": 0.0691977366, "operatingIncome": 905600000, "operatingIncomeRatio": 0.0792030716, "totalOtherIncomeExpensesNet": -15400000, "incomeBeforeTax": 298400000, "incomeBeforeTaxRatio": 0.0260978319, "incomeTaxExpense": -54100000, "netIncome": 352500000, "netIncomeRatio": 0.0308293758, "eps": 0.69, "epsdiluted": 0.68, "weightedAverageShsOut": 514500000, "weightedAverageShsOutDil": 516500000, "link": null, "finalLink": null, "calculatedOtherExpenses": -49500000, "calculatedOperatingExpenses": 3096000000, "calculatedNetInterest": -542300000, "calculatedOtherIncome": -64900000, "calculatedIncomeNonControlling": 0, "calculatedEbitda": 3015500000}, {"date": "2017-12-31", "symbol": "VTRS", "reportedCurrency": "USD", "cik": "0001792044", "fillingDate": "2017-12-31", "acceptedDate": "2017-12-31 00:00:00", "calendarYear": "2017", "period": "FY", "revenue": 11907700000, "costOfRevenue": 7124600000, "grossProfit": 4783100000, "grossProfitRatio": 0.4016812651, "researchAndDevelopmentExpenses": 783300000, "generalAndAdministrativeExpenses": 0, "sellingAndMarketingExpenses": 0, "sellingGeneralAndAdministrativeExpenses": 2575800000, "otherExpenses": 500000, "operatingExpenses": 3359100000, "costAndExpenses": 10483700000, "interestIncome": 6200000, "interestExpense": 534600000, "depreciationAndAmortization": 1805800000, "ebitda": 1424500000, "ebitdaratio": 0.1196284757, "operatingIncome": 1437100000, "operatingIncomeRatio": 0.1206866145, "totalOtherIncomeExpensesNet": 13600000, "incomeBeforeTax": 903000000, "incomeBeforeTaxRatio": 0.0758332843, "incomeTaxExpense": 207000000, "netIncome": 696000000, "netIncomeRatio": 0.0584495746, "eps": 1.3, "epsdiluted": 1.3, "weightedAverageShsOut": 534500000, "weightedAverageShsOutDil": 536700000, "link": null, "finalLink": null, "calculatedOtherExpenses": -13100000, "calculatedOperatingExpenses": 3346000000, "calculatedNetInterest": -528400000, "calculatedOtherIncome": -5700000, "calculatedIncomeNonControlling": 0, "calculatedEbitda": 3242900000}, {"date": "2016-12-31", "symbol": "VTRS", "reportedCurrency": "USD", "cik": "0001792044", "fillingDate": "2016-12-31", "acceptedDate": "2016-12-31 00:00:00", "calendarYear": "2016", "period": "FY", "revenue": 11076900000, "costOfRevenue": 6379900000, "grossProfit": 4697000000, "grossProfitRatio": 0.4240356056, "researchAndDevelopmentExpenses": 826800000, "generalAndAdministrativeExpenses": 0, "sellingAndMarketingExpenses": 0, "sellingGeneralAndAdministrativeExpenses": 2496100000, "otherExpenses": -125100000, "operatingExpenses": 3322900000, "costAndExpenses": 9702800000, "interestIncome": 12300000, "interestExpense": 454800000, "depreciationAndAmortization": 1523000000, "ebitda": 1249000000, "ebitdaratio": 0.1127571794, "operatingIncome": 701600000, "operatingIncomeRatio": 0.0633390208, "totalOtherIncomeExpensesNet": -797600000, "incomeBeforeTax": 121700000, "incomeBeforeTaxRatio": 0.0109868284, "incomeTaxExpense": -358300000, "netIncome": 480000000, "netIncomeRatio": 0.0433334236, "eps": 0.94, "epsdiluted": 0.92, "weightedAverageShsOut": 513000000, "weightedAverageShsOutDil": 520500000, "link": null, "finalLink": null, "calculatedOtherExpenses": 672500000, "calculatedOperatingExpenses": 3995400000, "calculatedNetInterest": -442500000, "calculatedOtherIncome": -137400000, "calculatedIncomeNonControlling": 0, "calculatedEbitda": 2224600000}, {"date": "2015-12-31", "symbol": "VTRS", "reportedCurrency": "USD", "cik": "0001792044", "fillingDate": "2015-12-31", "acceptedDate": "2015-12-31 00:00:00", "calendarYear": "2015", "period": "FY", "revenue": 9429300000, "costOfRevenue": 5213200000, "grossProfit": 4216100000, "grossProfitRatio": 0.4471275704, "researchAndDevelopmentExpenses": 671900000, "generalAndAdministrativeExpenses": 0, "sellingAndMarketingExpenses": 0, "sellingGeneralAndAdministrativeExpenses": 2180700000, "otherExpenses": -206100000, "operatingExpenses": 2852600000, "costAndExpenses": 8065800000, "interestIncome": 0, "interestExpense": 339400000, "depreciationAndAmortization": 1032100000, "ebitda": 1157400000, "ebitdaratio": 0.1227450606, "operatingIncome": 1460900000, "operatingIncomeRatio": 0.1549319674, "totalOtherIncomeExpensesNet": -108700000, "incomeBeforeTax": 915400000, "incomeBeforeTaxRatio": 0.0970803771, "incomeTaxExpense": 67700000, "netIncome": 847600000, "netIncomeRatio": 0.0898900236, "eps": 1.8, "epsdiluted": 1.7, "weightedAverageShsOut": 472200000, "weightedAverageShsOutDil": 497400000, "link": null, "finalLink": null, "calculatedOtherExpenses": -97400000, "calculatedOperatingExpenses": 2755200000, "calculatedNetInterest": -339400000, "calculatedOtherIncome": -206100000, "calculatedIncomeNonControlling": 100000, "calculatedEbitda": 2493000000}, {"date": "2014-12-31", "symbol": "VTRS", "reportedCurrency": "USD", "cik": "0001792044", "fillingDate": "2014-12-31", "acceptedDate": "2014-12-31 00:00:00", "calendarYear": "2014", "period": "FY", "revenue": 7719600000, "costOfRevenue": 4191600000, "grossProfit": 3528000000, "grossProfitRatio": 0.4570184984, "researchAndDevelopmentExpenses": 581800000, "generalAndAdministrativeExpenses": 0, "sellingAndMarketingExpenses": 0, "sellingGeneralAndAdministrativeExpenses": 1625700000, "otherExpenses": -44900000, "operatingExpenses": 2127500000, "costAndExpenses": 6319100000, "interestIncome": 0, "interestExpense": 333200000, "depreciationAndAmortization": 566600000, "ebitda": 1355600000, "ebitdaratio": 0.1756049536, "operatingIncome": 1352600000, "operatingIncomeRatio": 0.1752163325, "totalOtherIncomeExpensesNet": -92800000, "incomeBeforeTax": 974500000, "incomeBeforeTaxRatio": 0.1262371107, "incomeTaxExpense": 41400000, "netIncome": 929400000, "netIncomeRatio": 0.1203948391, "eps": 2.49, "epsdiluted": 2.34, "weightedAverageShsOut": 373700000, "weightedAverageShsOutDil": 398000000, "link": null, "finalLink": null, "calculatedOtherExpenses": -32100000, "calculatedOperatingExpenses": 2175400000, "calculatedNetInterest": -333200000, "calculatedOtherIncome": -44900000, "calculatedIncomeNonControlling": 3700000, "calculatedEbitda": 1919200000}, {"date": "2013-12-31", "symbol": "VTRS", "reportedCurrency": "USD", "cik": "0001792044", "fillingDate": "2013-12-31", "acceptedDate": "2013-12-31 00:00:00", "calendarYear": "2013", "period": "FY", "revenue": 6909143000, "costOfRevenue": 3868800000, "grossProfit": 3040343000, "grossProfitRatio": 0.440046327, "researchAndDevelopmentExpenses": 507823000, "generalAndAdministrativeExpenses": 0, "sellingAndMarketingExpenses": 0, "sellingGeneralAndAdministrativeExpenses": 1411629000, "otherExpenses": -74854000, "operatingExpenses": 1919452000, "costAndExpenses": 5788252000, "interestIncome": 0, "interestExpense": 313336000, "depreciationAndAmortization": 515997000, "ebitda": 1562034000, "ebitdaratio": 0.2260821639, "operatingIncome": 1135530000, "operatingIncomeRatio": 0.1643517872, "totalOtherIncomeExpensesNet": -60215000, "incomeBeforeTax": 747340000, "incomeBeforeTaxRatio": 0.1081668161, "incomeTaxExpense": 120808000, "netIncome": 623711000, "netIncomeRatio": 0.0902732799, "eps": 1.63, "epsdiluted": 1.58, "weightedAverageShsOut": 383300000, "weightedAverageShsOutDil": 394500000, "link": null, "finalLink": null, "calculatedOtherExpenses": -14639000, "calculatedOperatingExpenses": 1904813000, "calculatedNetInterest": -313336000, "calculatedOtherIncome": -74854000, "calculatedIncomeNonControlling": 2821000, "calculatedEbitda": 1651527000}, {"date": "2012-12-31", "symbol": "VTRS", "reportedCurrency": "USD", "cik": "0001792044", "fillingDate": "2012-12-31", "acceptedDate": "2012-12-31 00:00:00", "calendarYear": "2012", "period": "FY", "revenue": 6796110000, "costOfRevenue": 3887806000, "grossProfit": 2908304000, "grossProfitRatio": 0.4279365696, "researchAndDevelopmentExpenses": 401341000, "generalAndAdministrativeExpenses": 0, "sellingAndMarketingExpenses": 0, "sellingGeneralAndAdministrativeExpenses": 1400747000, "otherExpenses": 3429000, "operatingExpenses": 1802088000, "costAndExpenses": 5689894000, "interestIncome": 0, "interestExpense": 308699000, "depreciationAndAmortization": 546604000, "ebitda": 1109645000, "ebitdaratio": 0.163276492, "operatingIncome": 1109349000, "operatingIncomeRatio": 0.1632329377, "totalOtherIncomeExpensesNet": 6562000, "incomeBeforeTax": 804079000, "incomeBeforeTaxRatio": 0.1183145947, "incomeTaxExpense": 161145000, "netIncome": 640850000, "netIncomeRatio": 0.0942965903, "eps": 1.54, "epsdiluted": 1.52, "weightedAverageShsOut": 415210000, "weightedAverageShsOutDil": 420236000, "link": null, "finalLink": null, "calculatedOtherExpenses": -3133000, "calculatedOperatingExpenses": 1798955000, "calculatedNetInterest": -308699000, "calculatedOtherIncome": 3429000, "calculatedIncomeNonControlling": 2084000, "calculatedEbitda": 1655953000}, {"date": "2011-12-31", "symbol": "VTRS", "reportedCurrency": "USD", "cik": "0001792044", "fillingDate": "2011-12-31", "acceptedDate": "2011-12-31 00:00:00", "calendarYear": "2011", "period": "FY", "revenue": 6129825000, "costOfRevenue": 3566461000, "grossProfit": 2563364000, "grossProfitRatio": 0.4181789855, "researchAndDevelopmentExpenses": 294728000, "generalAndAdministrativeExpenses": 0, "sellingAndMarketingExpenses": 0, "sellingGeneralAndAdministrativeExpenses": 1214631000, "otherExpenses": 0, "operatingExpenses": 1509359000, "costAndExpenses": 5075820000, "interestIncome": 0, "interestExpense": 335944000, "depreciationAndAmortization": 510688000, "ebitda": 1564693000, "ebitdaratio": 0.2552590001, "operatingIncome": 1005449000, "operatingIncomeRatio": 0.1640257267, "totalOtherIncomeExpensesNet": -63425000, "incomeBeforeTax": 654636000, "incomeBeforeTaxRatio": 0.1067952185, "incomeTaxExpense": 115833000, "netIncome": 536810000, "netIncomeRatio": 0.0875734625, "eps": 1.25, "epsdiluted": 1.22, "weightedAverageShsOut": 430839000, "weightedAverageShsOutDil": 438785000, "link": null, "finalLink": null, "calculatedOtherExpenses": 48556000, "calculatedOperatingExpenses": 1557915000, "calculatedNetInterest": -335944000, "calculatedOtherIncome": -14869000, "calculatedIncomeNonControlling": 1993000, "calculatedEbitda": 1516137000}, {"date": "2010-12-31", "symbol": "VTRS", "reportedCurrency": "USD", "cik": "0001792044", "fillingDate": "2010-12-31", "acceptedDate": "2010-12-31 00:00:00", "calendarYear": "2010", "period": "FY", "revenue": 5450522000, "costOfRevenue": 3233125000, "grossProfit": 2217397000, "grossProfitRatio": 0.4068228694, "researchAndDevelopmentExpenses": 282146000, "generalAndAdministrativeExpenses": 0, "sellingAndMarketingExpenses": 0, "sellingGeneralAndAdministrativeExpenses": 1086609000, "otherExpenses": 0, "operatingExpenses": 1368755000, "costAndExpenses": 4601880000, "interestIncome": 0, "interestExpense": 331462000, "depreciationAndAmortization": 422788000, "ebitda": 848642000, "ebitdaratio": 0.1556992156, "operatingIncome": 721584000, "operatingIncomeRatio": 0.1323880538, "totalOtherIncomeExpensesNet": -161236000, "incomeBeforeTax": 355944000, "incomeBeforeTaxRatio": 0.0653045708, "incomeTaxExpense": 10402000, "netIncome": 345115000, "netIncomeRatio": 0.0633177886, "eps": 0.69, "epsdiluted": 0.68, "weightedAverageShsOut": 324453000, "weightedAverageShsOutDil": 328979000, "link": null, "finalLink": null, "calculatedOtherExpenses": 127058000, "calculatedOperatingExpenses": 1495813000, "calculatedNetInterest": -331462000, "calculatedOtherIncome": -34178000, "calculatedIncomeNonControlling": 427000, "calculatedEbitda": 1144372000}, {"date": "2009-12-31", "symbol": "VTRS", "reportedCurrency": "USD", "cik": "0001792044", "fillingDate": "2009-12-31", "acceptedDate": "2009-12-31 00:00:00", "calendarYear": "2009", "period": "FY", "revenue": 5092785000, "costOfRevenue": 3018313000, "grossProfit": 2074472000, "grossProfitRatio": 0.4073354756, "researchAndDevelopmentExpenses": 275258000, "generalAndAdministrativeExpenses": 0, "sellingAndMarketingExpenses": 0, "sellingGeneralAndAdministrativeExpenses": 1050145000, "otherExpenses": 0, "operatingExpenses": 1325403000, "costAndExpenses": 4343716000, "interestIncome": 0, "interestExpense": 318496000, "depreciationAndAmortization": 401157000, "ebitda": 749069000, "ebitdaratio": 0.1470843556, "operatingIncome": 523352000, "operatingIncomeRatio": 0.1027634192, "totalOtherIncomeExpensesNet": -203598000, "incomeBeforeTax": 226975000, "incomeBeforeTaxRatio": 0.0445679525, "incomeTaxExpense": -20773000, "netIncome": 232571000, "netIncomeRatio": 0.0456667619, "eps": 0.31, "epsdiluted": 0.3, "weightedAverageShsOut": 305162000, "weightedAverageShsOutDil": 306913000, "link": null, "finalLink": null, "calculatedOtherExpenses": 225717000, "calculatedOperatingExpenses": 1551120000, "calculatedNetInterest": -318496000, "calculatedOtherIncome": 22119000, "calculatedIncomeNonControlling": 15177000, "calculatedEbitda": 924509000}, {"date": "2008-12-31", "symbol": "VTRS", "reportedCurrency": "USD", "cik": "0001792044", "fillingDate": "2008-12-31", "acceptedDate": "2008-12-31 00:00:00", "calendarYear": "2008", "period": "FY", "revenue": 5137585000, "costOfRevenue": 3067364000, "grossProfit": 2070221000, "grossProfitRatio": 0.4029560581, "researchAndDevelopmentExpenses": 317217000, "generalAndAdministrativeExpenses": 0, "sellingAndMarketingExpenses": 0, "sellingGeneralAndAdministrativeExpenses": 1053485000, "otherExpenses": 0, "operatingExpenses": 1387336000, "costAndExpenses": 4454700000, "interestIncome": 0, "interestExpense": 357045000, "depreciationAndAmortization": 425279000, "ebitda": 682885000, "ebitdaratio": 0.1329194553, "operatingIncome": 297885000, "operatingIncomeRatio": 0.0579815224, "totalOtherIncomeExpensesNet": -373663000, "incomeBeforeTax": -47823000, "incomeBeforeTaxRatio": -0.0093084591, "incomeTaxExpense": 137423000, "netIncome": -181215000, "netIncomeRatio": -0.0352724091, "eps": -0.6, "epsdiluted": -0.6, "weightedAverageShsOut": 304560000, "weightedAverageShsOutDil": 304560000, "link": null, "finalLink": null, "calculatedOtherExpenses": 401634000, "calculatedOperatingExpenses": 1772336000, "calculatedNetInterest": -357045000, "calculatedOtherIncome": 11337000, "calculatedIncomeNonControlling": -4031000, "calculatedEbitda": 723164000}, {"date": "2007-03-31", "symbol": "VTRS", "reportedCurrency": "USD", "cik": "0001792044", "fillingDate": "2007-03-31", "acceptedDate": "2007-03-31 00:00:00", "calendarYear": "2007", "period": "FY", "revenue": 1611819000, "costOfRevenue": 768151000, "grossProfit": 843668000, "grossProfitRatio": 0.5234260174, "researchAndDevelopmentExpenses": 103692000, "generalAndAdministrativeExpenses": 0, "sellingAndMarketingExpenses": 0, "sellingGeneralAndAdministrativeExpenses": 215538000, "otherExpenses": -50116000, "operatingExpenses": 269114000, "costAndExpenses": 1037265000, "interestIncome": 0, "interestExpense": 195903000, "depreciationAndAmortization": 61512000, "ebitda": 682716000, "ebitdaratio": 0.4235686513, "operatingIncome": 427554000, "operatingIncomeRatio": 0.2652617943, "totalOtherIncomeExpensesNet": -46650000, "incomeBeforeTax": 425512000, "incomeBeforeTaxRatio": 0.2639949027, "incomeTaxExpense": 208017000, "netIncome": 217284000, "netIncomeRatio": 0.1348066998, "eps": 1.01, "epsdiluted": 0.99, "weightedAverageShsOut": 215096000, "weightedAverageShsOutDil": 219120000, "link": null, "finalLink": null, "calculatedOtherExpenses": 96884000, "calculatedOperatingExpenses": 416114000, "calculatedNetInterest": -195903000, "calculatedOtherIncome": 193861000, "calculatedIncomeNonControlling": 211000, "calculatedEbitda": 489066000}, {"date": "2006-03-31", "symbol": "VTRS", "reportedCurrency": "USD", "cik": "0001792044", "fillingDate": "2006-03-31", "acceptedDate": "2006-03-31 00:00:00", "calendarYear": "2006", "period": "FY", "revenue": 1257164000, "costOfRevenue": 629548000, "grossProfit": 627616000, "grossProfitRatio": 0.4992316038, "researchAndDevelopmentExpenses": 102057000, "generalAndAdministrativeExpenses": 0, "sellingAndMarketingExpenses": 0, "sellingGeneralAndAdministrativeExpenses": 225754000, "otherExpenses": 12417000, "operatingExpenses": 340228000, "costAndExpenses": 969776000, "interestIncome": 0, "interestExpense": 31285000, "depreciationAndAmortization": 46827000, "ebitda": 328130000, "ebitdaratio": 0.2610081103, "operatingIncome": 287388000, "operatingIncomeRatio": 0.2286002463, "totalOtherIncomeExpensesNet": 6085000, "incomeBeforeTax": 274605000, "incomeBeforeTaxRatio": 0.2184321218, "incomeTaxExpense": 90063000, "netIncome": 184542000, "netIncomeRatio": 0.1467923039, "eps": 0.8, "epsdiluted": 0.79, "weightedAverageShsOut": 229389000, "weightedAverageShsOutDil": 234209000, "link": null, "finalLink": null, "calculatedOtherExpenses": 12417000, "calculatedOperatingExpenses": 340228000, "calculatedNetInterest": -31285000, "calculatedOtherIncome": 18502000, "calculatedIncomeNonControlling": 0, "calculatedEbitda": 334215000}, {"date": "2005-03-31", "symbol": "VTRS", "reportedCurrency": "USD", "cik": "0001792044", "fillingDate": "2005-03-31", "acceptedDate": "2005-03-31 00:00:00", "calendarYear": "2005", "period": "FY", "revenue": 1253374000, "costOfRevenue": 629834000, "grossProfit": 623540000, "grossProfitRatio": 0.4974891772, "researchAndDevelopmentExpenses": 87881000, "generalAndAdministrativeExpenses": 0, "sellingAndMarketingExpenses": 0, "sellingGeneralAndAdministrativeExpenses": 259478000, "otherExpenses": -25990000, "operatingExpenses": 321369000, "costAndExpenses": 951203000, "interestIncome": 0, "interestExpense": -46142000, "depreciationAndAmortization": 45100000, "ebitda": 311205000, "ebitdaratio": 0.2482938054, "operatingIncome": 302171000, "operatingIncomeRatio": 0.2410860605, "totalOtherIncomeExpensesNet": 36066000, "incomeBeforeTax": 312247000, "incomeBeforeTaxRatio": 0.2491251614, "incomeTaxExpense": 108655000, "netIncome": 203592000, "netIncomeRatio": 0.162435155, "eps": 0.76, "epsdiluted": 0.74, "weightedAverageShsOut": 268985000, "weightedAverageShsOutDil": 273621000, "link": null, "finalLink": null, "calculatedOtherExpenses": -25990000, "calculatedOperatingExpenses": 321369000, "calculatedNetInterest": 46142000, "calculatedOtherIncome": -36066000, "calculatedIncomeNonControlling": 0, "calculatedEbitda": 347271000}, {"date": "2004-03-31", "symbol": "VTRS", "reportedCurrency": "USD", "cik": "0001792044", "fillingDate": "2004-03-31", "acceptedDate": "2004-03-31 00:00:00", "calendarYear": "2004", "period": "FY", "revenue": 1374617000, "costOfRevenue": 612149000, "grossProfit": 762468000, "grossProfitRatio": 0.5546766845, "researchAndDevelopmentExpenses": 100813000, "generalAndAdministrativeExpenses": 0, "sellingAndMarketingExpenses": 0, "sellingGeneralAndAdministrativeExpenses": 201612000, "otherExpenses": -34758000, "operatingExpenses": 267667000, "costAndExpenses": 879816000, "interestIncome": 0, "interestExpense": -77468000, "depreciationAndAmortization": 44323000, "ebitda": 479463000, "ebitdaratio": 0.3487975196, "operatingIncome": 494801000, "operatingIncomeRatio": 0.3599555367, "totalOtherIncomeExpensesNet": 52565000, "incomeBeforeTax": 512608000, "incomeBeforeTaxRatio": 0.3729096905, "incomeTaxExpense": 177999000, "netIncome": 334609000, "netIncomeRatio": 0.2434198035, "eps": 1.24, "epsdiluted": 1.21, "weightedAverageShsOut": 268931000, "weightedAverageShsOutDil": 276318000, "link": null, "finalLink": null, "calculatedOtherExpenses": -34758000, "calculatedOperatingExpenses": 267667000, "calculatedNetInterest": 77468000, "calculatedOtherIncome": -59661000, "calculatedIncomeNonControlling": 0, "calculatedEbitda": 539124000}, {"date": "2003-03-31", "symbol": "VTRS", "reportedCurrency": "USD", "cik": "0001792044", "fillingDate": "2003-03-31", "acceptedDate": "2003-03-31 00:00:00", "calendarYear": "2003", "period": "FY", "revenue": 1269192000, "costOfRevenue": 597756000, "grossProfit": 671436000, "grossProfitRatio": 0.5290263412, "researchAndDevelopmentExpenses": 86748000, "generalAndAdministrativeExpenses": 0, "sellingAndMarketingExpenses": 0, "sellingGeneralAndAdministrativeExpenses": 173070000, "otherExpenses": -2370000, "operatingExpenses": 257448000, "costAndExpenses": 855204000, "interestIncome": 0, "interestExpense": -31993000, "depreciationAndAmortization": 40580000, "ebitda": 435100000, "ebitdaratio": 0.3428165321, "operatingIncome": 413988000, "operatingIncomeRatio": 0.326182327, "totalOtherIncomeExpensesNet": 14895000, "incomeBeforeTax": 426513000, "incomeBeforeTaxRatio": 0.3360508103, "incomeTaxExpense": 154160000, "netIncome": 272353000, "netIncomeRatio": 0.2145877062, "eps": 0.98, "epsdiluted": 0.96, "weightedAverageShsOut": 278789000, "weightedAverageShsOutDil": 282330000, "link": null, "finalLink": null, "calculatedOtherExpenses": -2370000, "calculatedOperatingExpenses": 257448000, "calculatedNetInterest": 31993000, "calculatedOtherIncome": -19468000, "calculatedIncomeNonControlling": 0, "calculatedEbitda": 454568000}, {"date": "2002-03-31", "symbol": "VTRS", "reportedCurrency": "USD", "cik": "0001792044", "fillingDate": "2002-03-31", "acceptedDate": "2002-03-31 00:00:00", "calendarYear": "2002", "period": "FY", "revenue": 1104050000, "costOfRevenue": 480111000, "grossProfit": 623939000, "grossProfitRatio": 0.5651365427, "researchAndDevelopmentExpenses": 58847000, "generalAndAdministrativeExpenses": 169913000, "sellingAndMarketingExpenses": 0, "sellingGeneralAndAdministrativeExpenses": 169913000, "otherExpenses": 0, "operatingExpenses": 228760000, "costAndExpenses": 708871000, "interestIncome": 0, "interestExpense": -31007000, "depreciationAndAmortization": 46111000, "ebitda": 423427000, "ebitdaratio": 0.3835215796, "operatingIncome": 395179000, "operatingIncomeRatio": 0.3579357819, "totalOtherIncomeExpensesNet": 13144000, "incomeBeforeTax": 408323000, "incomeBeforeTaxRatio": 0.3698410398, "incomeTaxExpense": 148072000, "netIncome": 260251000, "netIncomeRatio": 0.2357239255, "eps": 0.92, "epsdiluted": 0.91, "weightedAverageShsOut": 282432000, "weightedAverageShsOutDil": 286578000, "link": null, "finalLink": null, "calculatedOtherExpenses": 0, "calculatedOperatingExpenses": 228760000, "calculatedNetInterest": 31007000, "calculatedOtherIncome": -17863000, "calculatedIncomeNonControlling": 0, "calculatedEbitda": 441290000}, {"date": "2001-03-31", "symbol": "VTRS", "reportedCurrency": "USD", "cik": "0001792044", "fillingDate": "2001-03-31", "acceptedDate": "2001-03-31 00:00:00", "calendarYear": "2001", "period": "FY", "revenue": 846696000, "costOfRevenue": 422129000, "grossProfit": 424567000, "grossProfitRatio": 0.5014397139, "researchAndDevelopmentExpenses": 64385000, "generalAndAdministrativeExpenses": 151212000, "sellingAndMarketingExpenses": 0, "sellingGeneralAndAdministrativeExpenses": 151212000, "otherExpenses": 147000000, "operatingExpenses": 362597000, "costAndExpenses": 784726000, "interestIncome": 0, "interestExpense": 111045000, "depreciationAndAmortization": 42392000, "ebitda": 211450000, "ebitdaratio": 0.2497354422, "operatingIncome": 19578000, "operatingIncomeRatio": 0.0231228209, "totalOtherIncomeExpensesNet": -108565000, "incomeBeforeTax": 58013000, "incomeBeforeTaxRatio": 0.0685169175, "incomeTaxExpense": 20885000, "netIncome": 37128000, "netIncomeRatio": 0.0438504493, "eps": 0.13, "epsdiluted": 0.13, "weightedAverageShsOut": 283023000, "weightedAverageShsOutDil": 285186000, "link": null, "finalLink": null, "calculatedOtherExpenses": 189392000, "calculatedOperatingExpenses": 404989000, "calculatedNetInterest": -111045000, "calculatedOtherIncome": 149480000, "calculatedIncomeNonControlling": 0, "calculatedEbitda": 61970000}, {"date": "2000-03-31", "symbol": "VTRS", "reportedCurrency": "USD", "cik": "0001792044", "fillingDate": "2000-03-31", "acceptedDate": "2000-03-31 00:00:00", "calendarYear": "2000", "period": "FY", "revenue": 790145000, "costOfRevenue": 326112000, "grossProfit": 464033000, "grossProfitRatio": 0.5872757532, "researchAndDevelopmentExpenses": 49121000, "generalAndAdministrativeExpenses": 156247000, "sellingAndMarketingExpenses": 0, "sellingGeneralAndAdministrativeExpenses": 156247000, "otherExpenses": 35706000, "operatingExpenses": 241074000, "costAndExpenses": 567186000, "interestIncome": 0, "interestExpense": -39568000, "depreciationAndAmortization": 35706000, "ebitda": 238881000, "ebitdaratio": 0.3023255225, "operatingIncome": 222959000, "operatingIncomeRatio": 0.2821747907, "totalOtherIncomeExpensesNet": 19784000, "incomeBeforeTax": 242743000, "incomeBeforeTaxRatio": 0.307213233, "incomeTaxExpense": 88497000, "netIncome": 154246000, "netIncomeRatio": 0.1952122712, "eps": 0.53, "epsdiluted": 0.53, "weightedAverageShsOut": 290745000, "weightedAverageShsOutDil": 293004000, "link": null, "finalLink": null, "calculatedOtherExpenses": 35706000, "calculatedOperatingExpenses": 241074000, "calculatedNetInterest": 39568000, "calculatedOtherIncome": -19784000, "calculatedIncomeNonControlling": 0, "calculatedEbitda": 258665000}, {"date": "1999-03-31", "symbol": "VTRS", "reportedCurrency": "USD", "cik": "0001792044", "fillingDate": "1999-03-31", "acceptedDate": "1999-03-31 00:00:00", "calendarYear": "1999", "period": "FY", "revenue": 721100000, "costOfRevenue": 309900000, "grossProfit": 411200000, "grossProfitRatio": 0.5702399112, "researchAndDevelopmentExpenses": 61800000, "generalAndAdministrativeExpenses": 125000000, "sellingAndMarketingExpenses": 0, "sellingGeneralAndAdministrativeExpenses": 125000000, "otherExpenses": 26900000, "operatingExpenses": 213700000, "costAndExpenses": 523600000, "interestIncome": 0, "interestExpense": 10400000, "depreciationAndAmortization": 26900000, "ebitda": 229600000, "ebitdaratio": 0.3184024407, "operatingIncome": 197500000, "operatingIncomeRatio": 0.2738871169, "totalOtherIncomeExpensesNet": -5200000, "incomeBeforeTax": 192300000, "incomeBeforeTaxRatio": 0.2666759118, "incomeTaxExpense": 76900000, "netIncome": 115400000, "netIncomeRatio": 0.1600332825, "eps": 0.41, "epsdiluted": 0.4, "weightedAverageShsOut": 282564000, "weightedAverageShsOutDil": 286101000, "link": null, "finalLink": null, "calculatedOtherExpenses": 26900000, "calculatedOperatingExpenses": 213700000, "calculatedNetInterest": -10400000, "calculatedOtherIncome": 5200000, "calculatedIncomeNonControlling": 0, "calculatedEbitda": 224400000}, {"date": "1998-03-31", "symbol": "VTRS", "reportedCurrency": "USD", "cik": "0001792044", "fillingDate": "1998-03-31", "acceptedDate": "1998-03-31 00:00:00", "calendarYear": "1998", "period": "FY", "revenue": 528600000, "costOfRevenue": 266600000, "grossProfit": 262000000, "grossProfitRatio": 0.4956488838, "researchAndDevelopmentExpenses": 46300000, "generalAndAdministrativeExpenses": 96700000, "sellingAndMarketingExpenses": 0, "sellingGeneralAndAdministrativeExpenses": 96700000, "otherExpenses": 21700000, "operatingExpenses": 164700000, "costAndExpenses": 431300000, "interestIncome": 0, "interestExpense": -102200000, "depreciationAndAmortization": 21700000, "ebitda": 67900000, "ebitdaratio": 0.1284525161, "operatingIncome": 97300000, "operatingIncomeRatio": 0.1840711313, "totalOtherIncomeExpensesNet": 51100000, "incomeBeforeTax": 148400000, "incomeBeforeTaxRatio": 0.2807415815, "incomeTaxExpense": 47600000, "netIncome": 100800000, "netIncomeRatio": 0.190692395, "eps": 0.37, "epsdiluted": 0.36, "weightedAverageShsOut": 274711500, "weightedAverageShsOutDil": 276846750, "link": null, "finalLink": null, "calculatedOtherExpenses": 21700000, "calculatedOperatingExpenses": 164700000, "calculatedNetInterest": 102200000, "calculatedOtherIncome": -51100000, "calculatedIncomeNonControlling": 0, "calculatedEbitda": 119000000}, {"date": "1997-03-31", "symbol": "VTRS", "reportedCurrency": "USD", "cik": "0001792044", "fillingDate": "1997-03-31", "acceptedDate": "1997-03-31 00:00:00", "calendarYear": "1997", "period": "FY", "revenue": 440200000, "costOfRevenue": 242400000, "grossProfit": 197800000, "grossProfitRatio": 0.4493412085, "researchAndDevelopmentExpenses": 42600000, "generalAndAdministrativeExpenses": 79900000, "sellingAndMarketingExpenses": 0, "sellingGeneralAndAdministrativeExpenses": 79900000, "otherExpenses": 17300000, "operatingExpenses": 139800000, "costAndExpenses": 382200000, "interestIncome": 0, "interestExpense": -58400000, "depreciationAndAmortization": 17300000, "ebitda": 46100000, "ebitdaratio": 0.1047251249, "operatingIncome": 58000000, "operatingIncomeRatio": 0.1317582917, "totalOtherIncomeExpensesNet": 29200000, "incomeBeforeTax": 87200000, "incomeBeforeTaxRatio": 0.1980917765, "incomeTaxExpense": 24100000, "netIncome": 63100000, "netIncomeRatio": 0.1433439346, "eps": 0.23, "epsdiluted": 0.23, "weightedAverageShsOut": 274333500, "weightedAverageShsOutDil": 277596709, "link": null, "finalLink": null, "calculatedOtherExpenses": 17300000, "calculatedOperatingExpenses": 139800000, "calculatedNetInterest": 58400000, "calculatedOtherIncome": -29200000, "calculatedIncomeNonControlling": 0, "calculatedEbitda": 75300000}, {"date": "1996-03-31", "symbol": "VTRS", "reportedCurrency": "USD", "cik": "0001792044", "fillingDate": "1996-03-31", "acceptedDate": "1996-03-31 00:00:00", "calendarYear": "1996", "period": "FY", "revenue": 392900000, "costOfRevenue": 184200000, "grossProfit": 208700000, "grossProfitRatio": 0.5311784169, "researchAndDevelopmentExpenses": 0, "generalAndAdministrativeExpenses": 95000000, "sellingAndMarketingExpenses": 0, "sellingGeneralAndAdministrativeExpenses": 95000000, "otherExpenses": 13500000, "operatingExpenses": 108500000, "costAndExpenses": 292700000, "interestIncome": 0, "interestExpense": -83100000, "depreciationAndAmortization": 13500000, "ebitda": 72100000, "ebitdaratio": 0.1835072538, "operatingIncome": 100200000, "operatingIncomeRatio": 0.2550267244, "totalOtherIncomeExpensesNet": 41600000, "incomeBeforeTax": 141700000, "incomeBeforeTaxRatio": 0.3606515653, "incomeTaxExpense": 39400000, "netIncome": 102300000, "netIncomeRatio": 0.2603715958, "eps": 0.38, "epsdiluted": 0.38, "weightedAverageShsOut": 268942500, "weightedAverageShsOutDil": 268942500, "link": null, "finalLink": null, "calculatedOtherExpenses": 13500000, "calculatedOperatingExpenses": 108500000, "calculatedNetInterest": 83100000, "calculatedOtherIncome": -41600000, "calculatedIncomeNonControlling": 0, "calculatedEbitda": 113700000}, {"date": "1995-03-31", "symbol": "VTRS", "reportedCurrency": "USD", "cik": "0001792044", "fillingDate": "1995-03-31", "acceptedDate": "1995-03-31 00:00:00", "calendarYear": "1995", "period": "FY", "revenue": 396100000, "costOfRevenue": 156900000, "grossProfit": 239200000, "grossProfitRatio": 0.6038879071, "researchAndDevelopmentExpenses": 0, "generalAndAdministrativeExpenses": 88600000, "sellingAndMarketingExpenses": 0, "sellingGeneralAndAdministrativeExpenses": 88600000, "otherExpenses": 12700000, "operatingExpenses": 101300000, "costAndExpenses": 258200000, "interestIncome": 0, "interestExpense": -66900000, "depreciationAndAmortization": 12700000, "ebitda": 117200000, "ebitdaratio": 0.2958848776, "operatingIncome": 137900000, "operatingIncomeRatio": 0.348144408, "totalOtherIncomeExpensesNet": 33400000, "incomeBeforeTax": 171400000, "incomeBeforeTaxRatio": 0.4327190104, "incomeTaxExpense": 50500000, "netIncome": 120900000, "netIncomeRatio": 0.305225953, "eps": 0.45, "epsdiluted": 0.45, "weightedAverageShsOut": 267667875, "weightedAverageShsOutDil": 269730177, "link": null, "finalLink": null, "calculatedOtherExpenses": 12700000, "calculatedOperatingExpenses": 101300000, "calculatedNetInterest": 66900000, "calculatedOtherIncome": -33400000, "calculatedIncomeNonControlling": 0, "calculatedEbitda": 150600000}, {"date": "1994-03-31", "symbol": "VTRS", "reportedCurrency": "USD", "cik": "0001792044", "fillingDate": "1994-03-31", "acceptedDate": "1994-03-31 00:00:00", "calendarYear": "1994", "period": "FY", "revenue": 251800000, "costOfRevenue": 114400000, "grossProfit": 137400000, "grossProfitRatio": 0.5456711676, "researchAndDevelopmentExpenses": 0, "generalAndAdministrativeExpenses": 70800000, "sellingAndMarketingExpenses": 0, "sellingGeneralAndAdministrativeExpenses": 70800000, "otherExpenses": 11200000, "operatingExpenses": 82000000, "costAndExpenses": 196400000, "interestIncome": 0, "interestExpense": -63400000, "depreciationAndAmortization": 11200000, "ebitda": 34900000, "ebitdaratio": 0.1386020651, "operatingIncome": 55400000, "operatingIncomeRatio": 0.2200158856, "totalOtherIncomeExpensesNet": 31700000, "incomeBeforeTax": 87100000, "incomeBeforeTaxRatio": 0.3459094519, "incomeTaxExpense": 14000000, "netIncome": 73100000, "netIncomeRatio": 0.2903097697, "eps": 0.28, "epsdiluted": 0.27, "weightedAverageShsOut": 265017348, "weightedAverageShsOutDil": 269362006, "link": null, "finalLink": null, "calculatedOtherExpenses": 11200000, "calculatedOperatingExpenses": 82000000, "calculatedNetInterest": 63400000, "calculatedOtherIncome": -31700000, "calculatedIncomeNonControlling": 0, "calculatedEbitda": 66600000}, {"date": "1993-03-31", "symbol": "VTRS", "reportedCurrency": "USD", "cik": "0001792044", "fillingDate": "1993-03-31", "acceptedDate": "1993-03-31 00:00:00", "calendarYear": "1993", "period": "FY", "revenue": 212000000, "costOfRevenue": 84300000, "grossProfit": 127700000, "grossProfitRatio": 0.6023584906, "researchAndDevelopmentExpenses": 0, "generalAndAdministrativeExpenses": 50200000, "sellingAndMarketingExpenses": 0, "sellingGeneralAndAdministrativeExpenses": 50200000, "otherExpenses": 5100000, "operatingExpenses": 55300000, "costAndExpenses": 139600000, "interestIncome": 0, "interestExpense": 100000, "depreciationAndAmortization": 5100000, "ebitda": 52500000, "ebitdaratio": 0.2476415094, "operatingIncome": 72400000, "operatingIncomeRatio": 0.341509434, "totalOtherIncomeExpensesNet": 25000000, "incomeBeforeTax": 97300000, "incomeBeforeTaxRatio": 0.4589622642, "incomeTaxExpense": 26700000, "netIncome": 70600000, "netIncomeRatio": 0.3330188679, "eps": 0.27, "epsdiluted": 0.27, "weightedAverageShsOut": 260149899, "weightedAverageShsOutDil": 264485845, "link": null, "finalLink": null, "calculatedOtherExpenses": 5100000, "calculatedOperatingExpenses": 55300000, "calculatedNetInterest": -100000, "calculatedOtherIncome": 25000000, "calculatedIncomeNonControlling": 0, "calculatedEbitda": 77500000}, {"date": "1992-03-31", "symbol": "VTRS", "reportedCurrency": "USD", "cik": "0001792044", "fillingDate": "1992-03-31", "acceptedDate": "1992-03-31 00:00:00", "calendarYear": "1992", "period": "FY", "revenue": 131900000, "costOfRevenue": 64800000, "grossProfit": 67100000, "grossProfitRatio": 0.5087187263, "researchAndDevelopmentExpenses": 0, "generalAndAdministrativeExpenses": 35700000, "sellingAndMarketingExpenses": 0, "sellingGeneralAndAdministrativeExpenses": 35700000, "otherExpenses": 5100000, "operatingExpenses": 40800000, "costAndExpenses": 105600000, "interestIncome": 0, "interestExpense": -48000000, "depreciationAndAmortization": 5100000, "ebitda": 7200000, "ebitdaratio": 0.0545868082, "operatingIncome": 26300000, "operatingIncomeRatio": 0.1993934799, "totalOtherIncomeExpensesNet": 24200000, "incomeBeforeTax": 50100000, "incomeBeforeTaxRatio": 0.379833207, "incomeTaxExpense": 10000000, "netIncome": 40100000, "netIncomeRatio": 0.3040181956, "eps": 0.16, "epsdiluted": 0.16, "weightedAverageShsOut": 257528370, "weightedAverageShsOutDil": 257528370, "link": null, "finalLink": null, "calculatedOtherExpenses": 5100000, "calculatedOperatingExpenses": 40800000, "calculatedNetInterest": 48000000, "calculatedOtherIncome": -24200000, "calculatedIncomeNonControlling": 0, "calculatedEbitda": 31400000}, {"date": "1991-03-31", "symbol": "VTRS", "reportedCurrency": "USD", "cik": "0001792044", "fillingDate": "1991-03-31", "acceptedDate": "1991-03-31 00:00:00", "calendarYear": "1991", "period": "FY", "revenue": 91100000, "costOfRevenue": 52000000, "grossProfit": 39100000, "grossProfitRatio": 0.4291986828, "researchAndDevelopmentExpenses": 0, "generalAndAdministrativeExpenses": 17700000, "sellingAndMarketingExpenses": 0, "sellingGeneralAndAdministrativeExpenses": 17700000, "otherExpenses": 2900000, "operatingExpenses": 20600000, "costAndExpenses": 72600000, "interestIncome": 0, "interestExpense": -40900000, "depreciationAndAmortization": 2900000, "ebitda": 900000, "ebitdaratio": 0.0098792536, "operatingIncome": 18500000, "operatingIncomeRatio": 0.2030735456, "totalOtherIncomeExpensesNet": 20500000, "incomeBeforeTax": 38900000, "incomeBeforeTaxRatio": 0.4270032931, "incomeTaxExpense": 6200000, "netIncome": 32700000, "netIncomeRatio": 0.358946213, "eps": 0.13, "epsdiluted": 0.13, "weightedAverageShsOut": 253453007, "weightedAverageShsOutDil": 253453007, "link": null, "finalLink": null, "calculatedOtherExpenses": 2900000, "calculatedOperatingExpenses": 20600000, "calculatedNetInterest": 40900000, "calculatedOtherIncome": -20500000, "calculatedIncomeNonControlling": 0, "calculatedEbitda": 21400000}, {"date": "1990-03-31", "symbol": "VTRS", "reportedCurrency": "USD", "cik": "0001792044", "fillingDate": "1990-03-31", "acceptedDate": "1990-03-31 00:00:00", "calendarYear": "1990", "period": "FY", "revenue": 95400000, "costOfRevenue": 55500000, "grossProfit": 39900000, "grossProfitRatio": 0.4182389937, "researchAndDevelopmentExpenses": 0, "generalAndAdministrativeExpenses": 16700000, "sellingAndMarketingExpenses": 0, "sellingGeneralAndAdministrativeExpenses": 16700000, "otherExpenses": 3000000, "operatingExpenses": 19700000, "costAndExpenses": 75200000, "interestIncome": 0, "interestExpense": -23900000, "depreciationAndAmortization": 3000000, "ebitda": 11300000, "ebitdaratio": 0.1184486373, "operatingIncome": 20200000, "operatingIncomeRatio": 0.2117400419, "totalOtherIncomeExpensesNet": 11900000, "incomeBeforeTax": 32200000, "incomeBeforeTaxRatio": 0.3375262055, "incomeTaxExpense": 6000000, "netIncome": 26200000, "netIncomeRatio": 0.2746331237, "eps": 0.11, "epsdiluted": 0.11, "weightedAverageShsOut": 245380386, "weightedAverageShsOutDil": 245380386, "link": null, "finalLink": null, "calculatedOtherExpenses": 3000000, "calculatedOperatingExpenses": 19700000, "calculatedNetInterest": 23900000, "calculatedOtherIncome": -11900000, "calculatedIncomeNonControlling": 0, "calculatedEbitda": 23200000}, {"date": "1989-03-31", "symbol": "VTRS", "reportedCurrency": "USD", "cik": "0001792044", "fillingDate": "1989-03-31", "acceptedDate": "1989-03-31 00:00:00", "calendarYear": "1989", "period": "FY", "revenue": 87900000, "costOfRevenue": 49800000, "grossProfit": 38100000, "grossProfitRatio": 0.433447099, "researchAndDevelopmentExpenses": 0, "generalAndAdministrativeExpenses": 14800000, "sellingAndMarketingExpenses": 0, "sellingGeneralAndAdministrativeExpenses": 14800000, "otherExpenses": 2100000, "operatingExpenses": 16900000, "costAndExpenses": 66700000, "interestIncome": 0, "interestExpense": 300000, "depreciationAndAmortization": 2100000, "ebitda": 20800000, "ebitdaratio": 0.236632537, "operatingIncome": 21200000, "operatingIncomeRatio": 0.2411831627, "totalOtherIncomeExpensesNet": 2500000, "incomeBeforeTax": 23500000, "incomeBeforeTaxRatio": 0.2673492605, "incomeTaxExpense": 5200000, "netIncome": 18300000, "netIncomeRatio": 0.2081911263, "eps": 0.0756, "epsdiluted": 0.0756, "weightedAverageShsOut": 241964274, "weightedAverageShsOutDil": 241964274, "link": null, "finalLink": null, "calculatedOtherExpenses": 2100000, "calculatedOperatingExpenses": 16900000, "calculatedNetInterest": -300000, "calculatedOtherIncome": 2600000, "calculatedIncomeNonControlling": 0, "calculatedEbitda": 23300000}, {"date": "1988-03-31", "symbol": "VTRS", "reportedCurrency": "USD", "cik": "0001792044", "fillingDate": "1988-03-31", "acceptedDate": "1988-03-31 00:00:00", "calendarYear": "1988", "period": "FY", "revenue": 96000000, "costOfRevenue": 43100000, "grossProfit": 52900000, "grossProfitRatio": 0.5510416667, "researchAndDevelopmentExpenses": 0, "generalAndAdministrativeExpenses": 14200000, "sellingAndMarketingExpenses": 0, "sellingGeneralAndAdministrativeExpenses": 14200000, "otherExpenses": 1800000, "operatingExpenses": 16000000, "costAndExpenses": 59100000, "interestIncome": 0, "interestExpense": 400000, "depreciationAndAmortization": 1800000, "ebitda": 37900000, "ebitdaratio": 0.3947916667, "operatingIncome": 36900000, "operatingIncomeRatio": 0.384375, "totalOtherIncomeExpensesNet": 800000, "incomeBeforeTax": 37400000, "incomeBeforeTaxRatio": 0.3895833333, "incomeTaxExpense": 12200000, "netIncome": 25200000, "netIncomeRatio": 0.2625, "eps": 0.1, "epsdiluted": 0.1, "weightedAverageShsOut": 246276533, "weightedAverageShsOutDil": 246276533, "link": null, "finalLink": null, "calculatedOtherExpenses": 1800000, "calculatedOperatingExpenses": 16000000, "calculatedNetInterest": -400000, "calculatedOtherIncome": 900000, "calculatedIncomeNonControlling": 0, "calculatedEbitda": 38700000}, {"date": "1987-03-31", "symbol": "VTRS", "reportedCurrency": "USD", "cik": "0001792044", "fillingDate": "1987-03-31", "acceptedDate": "1987-03-31 00:00:00", "calendarYear": "1987", "period": "FY", "revenue": 95100000, "costOfRevenue": 39400000, "grossProfit": 55700000, "grossProfitRatio": 0.5856992639, "researchAndDevelopmentExpenses": 0, "generalAndAdministrativeExpenses": 12600000, "sellingAndMarketingExpenses": 0, "sellingGeneralAndAdministrativeExpenses": 12600000, "otherExpenses": 1200000, "operatingExpenses": 13800000, "costAndExpenses": 53200000, "interestIncome": 0, "interestExpense": 100000, "depreciationAndAmortization": 1200000, "ebitda": 43100000, "ebitdaratio": 0.4532071504, "operatingIncome": 41900000, "operatingIncomeRatio": 0.4405888538, "totalOtherIncomeExpensesNet": -100000, "incomeBeforeTax": 41700000, "incomeBeforeTaxRatio": 0.4384858044, "incomeTaxExpense": 18400000, "netIncome": 23300000, "netIncomeRatio": 0.2450052576, "eps": 0.0979, "epsdiluted": 0.0979, "weightedAverageShsOut": 238056316, "weightedAverageShsOutDil": 238056316, "link": null, "finalLink": null, "calculatedOtherExpenses": 1200000, "calculatedOperatingExpenses": 13800000, "calculatedNetInterest": -100000, "calculatedOtherIncome": -100000, "calculatedIncomeNonControlling": 0, "calculatedEbitda": 43100000}, {"date": "1986-03-31", "symbol": "VTRS", "reportedCurrency": "USD", "cik": "0001792044", "fillingDate": "1986-03-31", "acceptedDate": "1986-03-31 00:00:00", "calendarYear": "1986", "period": "FY", "revenue": 80800000, "costOfRevenue": 33100000, "grossProfit": 47700000, "grossProfitRatio": 0.5903465347, "researchAndDevelopmentExpenses": 0, "generalAndAdministrativeExpenses": 10600000, "sellingAndMarketingExpenses": 0, "sellingGeneralAndAdministrativeExpenses": 10600000, "otherExpenses": 900000, "operatingExpenses": 11500000, "costAndExpenses": 44600000, "interestIncome": 0, "interestExpense": 200000, "depreciationAndAmortization": 900000, "ebitda": 34900000, "ebitdaratio": 0.4319306931, "operatingIncome": 36200000, "operatingIncomeRatio": 0.448019802, "totalOtherIncomeExpensesNet": 2200000, "incomeBeforeTax": 38200000, "incomeBeforeTaxRatio": 0.4727722772, "incomeTaxExpense": 17500000, "netIncome": 20700000, "netIncomeRatio": 0.2561881188, "eps": 0.0845, "epsdiluted": 0.0845, "weightedAverageShsOut": 244886370, "weightedAverageShsOutDil": 244886370, "link": null, "finalLink": null, "calculatedOtherExpenses": 900000, "calculatedOperatingExpenses": 11500000, "calculatedNetInterest": -200000, "calculatedOtherIncome": 2200000, "calculatedIncomeNonControlling": 0, "calculatedEbitda": 37100000}]}