{"originalCurrency": "USD", "convertedCurrency": "USD", "report": [{"date": "2023-09-30", "symbol": "VVV", "reportedCurrency": "USD", "cik": "0001674910", "fillingDate": "2023-11-20", "acceptedDate": "2023-11-20 09:23:41", "calendarYear": "2023", "period": "FY", "revenue": 1443500000, "costOfRevenue": 899000000, "grossProfit": 544500000, "grossProfitRatio": 0.3772081746, "researchAndDevelopmentExpenses": 0, "generalAndAdministrativeExpenses": 264500000, "sellingAndMarketingExpenses": 60500000, "sellingGeneralAndAdministrativeExpenses": 264500000, "otherExpenses": 27600000, "operatingExpenses": 264500000, "costAndExpenses": 1163500000, "interestIncome": 38300000, "interestExpense": 38300000, "depreciationAndAmortization": 88800000, "ebitda": 401600000, "ebitdaratio": 0.2782126775, "operatingIncome": 247200000, "operatingIncomeRatio": 0.171250433, "totalOtherIncomeExpensesNet": -5200000, "incomeBeforeTax": 236500000, "incomeBeforeTaxRatio": 0.163837894, "incomeTaxExpense": 37100000, "netIncome": 199400000, "netIncomeRatio": 0.1381364738, "eps": 1.23, "epsdiluted": 1.23, "weightedAverageShsOut": 161600000, "weightedAverageShsOutDil": 161600000, "link": "https://www.sec.gov/Archives/edgar/data/1674910/000167491023000125/0001674910-23-000125-index.htm", "finalLink": "https://www.sec.gov/Archives/edgar/data/1674910/000167491023000125/vvv-20230930.htm", "calculatedOtherExpenses": 32800000, "calculatedOperatingExpenses": 297300000, "calculatedNetInterest": 0, "calculatedOtherIncome": -10700000, "calculatedIncomeNonControlling": 0, "calculatedEbitda": 336000000}, {"date": "2022-09-30", "symbol": "VVV", "reportedCurrency": "USD", "cik": "0001674910", "fillingDate": "2022-11-23", "acceptedDate": "2022-11-23 16:16:24", "calendarYear": "2022", "period": "FY", "revenue": 1236100000, "costOfRevenue": 759700000, "grossProfit": 476400000, "grossProfitRatio": 0.3854057115, "researchAndDevelopmentExpenses": 0, "generalAndAdministrativeExpenses": 244700000, "sellingAndMarketingExpenses": 54800000, "sellingGeneralAndAdministrativeExpenses": 244700000, "otherExpenses": -9100000, "operatingExpenses": 235600000, "costAndExpenses": 995300000, "interestIncome": 69300000, "interestExpense": 69300000, "depreciationAndAmortization": 85000000, "ebitda": 305300000, "ebitdaratio": 0.2469864898, "operatingIncome": 220300000, "operatingIncomeRatio": 0.1782218267, "totalOtherIncomeExpensesNet": -76200000, "incomeBeforeTax": 144100000, "incomeBeforeTaxRatio": 0.1165763288, "incomeTaxExpense": 34700000, "netIncome": 109400000, "netIncomeRatio": 0.0885041663, "eps": 0.61, "epsdiluted": 0.61, "weightedAverageShsOut": 179100000, "weightedAverageShsOutDil": 180400000, "link": "https://www.sec.gov/Archives/edgar/data/1674910/000167491022000135/0001674910-22-000135-index.htm", "finalLink": "https://www.sec.gov/Archives/edgar/data/1674910/000167491022000135/valvoline10-k09302022.htm", "calculatedOtherExpenses": 11400000, "calculatedOperatingExpenses": 256100000, "calculatedNetInterest": 0, "calculatedOtherIncome": -76200000, "calculatedIncomeNonControlling": 0, "calculatedEbitda": 305300000}, {"date": "2021-09-30", "symbol": "VVV", "reportedCurrency": "USD", "cik": "0001674910", "fillingDate": "2021-11-19", "acceptedDate": "2021-11-19 17:01:24", "calendarYear": "2021", "period": "FY", "revenue": 2981000000, "costOfRevenue": 2001000000, "grossProfit": 980000000, "grossProfitRatio": 0.328748742, "researchAndDevelopmentExpenses": 15000000, "generalAndAdministrativeExpenses": 223900000, "sellingAndMarketingExpenses": 48100000, "sellingGeneralAndAdministrativeExpenses": 520000000, "otherExpenses": 126000000, "operatingExpenses": 520000000, "costAndExpenses": 2521000000, "interestIncome": 71900000, "interestExpense": 111000000, "depreciationAndAmortization": 194000000, "ebitda": 722000000, "ebitdaratio": 0.2422006038, "operatingIncome": 528000000, "operatingIncomeRatio": 0.1771217712, "totalOtherIncomeExpensesNet": 15000000, "incomeBeforeTax": 543000000, "incomeBeforeTaxRatio": 0.1821536397, "incomeTaxExpense": 123000000, "netIncome": 420300000, "netIncomeRatio": 0.1409929554, "eps": 2.3, "epsdiluted": 2.29, "weightedAverageShsOut": 182500000, "weightedAverageShsOutDil": 183500000, "link": "https://www.sec.gov/Archives/edgar/data/1674910/000167491021000136/0001674910-21-000136-index.htm", "finalLink": "https://www.sec.gov/Archives/edgar/data/1674910/000167491021000136/vvv-20210930.htm", "calculatedOtherExpenses": -83000000, "calculatedOperatingExpenses": 452000000, "calculatedNetInterest": -39100000, "calculatedOtherIncome": 54100000, "calculatedIncomeNonControlling": -300000, "calculatedEbitda": 722000000}, {"date": "2020-09-30", "symbol": "VVV", "reportedCurrency": "USD", "cik": "0001674910", "fillingDate": "2020-11-24", "acceptedDate": "2020-11-24 17:01:23", "calendarYear": "2020", "period": "FY", "revenue": 2353000000, "costOfRevenue": 1490000000, "grossProfit": 863000000, "grossProfitRatio": 0.3667658309, "researchAndDevelopmentExpenses": 13000000, "generalAndAdministrativeExpenses": 406800000, "sellingAndMarketingExpenses": 35200000, "sellingGeneralAndAdministrativeExpenses": 442000000, "otherExpenses": 59000000, "operatingExpenses": 442000000, "costAndExpenses": 1932000000, "interestIncome": 72700000, "interestExpense": 93000000, "depreciationAndAmortization": 95000000, "ebitda": 580000000, "ebitdaratio": 0.2464938377, "operatingIncome": 485000000, "operatingIncomeRatio": 0.206119847, "totalOtherIncomeExpensesNet": -34000000, "incomeBeforeTax": 451000000, "incomeBeforeTaxRatio": 0.1916702082, "incomeTaxExpense": 134000000, "netIncome": 316600000, "netIncomeRatio": 0.1345516362, "eps": 1.7, "epsdiluted": 1.69, "weightedAverageShsOut": 187000000, "weightedAverageShsOutDil": 188000000, "link": "https://www.sec.gov/Archives/edgar/data/1674910/000167491020000221/0001674910-20-000221-index.htm", "finalLink": "https://www.sec.gov/Archives/edgar/data/1674910/000167491020000221/vvv-20200930.htm", "calculatedOtherExpenses": -77000000, "calculatedOperatingExpenses": 378000000, "calculatedNetInterest": -20300000, "calculatedOtherIncome": -13700000, "calculatedIncomeNonControlling": 400000, "calculatedEbitda": 580000000}, {"date": "2019-09-30", "symbol": "VVV", "reportedCurrency": "USD", "cik": "0001674910", "fillingDate": "2019-11-22", "acceptedDate": "2019-11-22 16:45:18", "calendarYear": "2019", "period": "FY", "revenue": 2390000000, "costOfRevenue": 1580000000, "grossProfit": 810000000, "grossProfitRatio": 0.3389121339, "researchAndDevelopmentExpenses": 13000000, "generalAndAdministrativeExpenses": 376000000, "sellingAndMarketingExpenses": 73000000, "sellingGeneralAndAdministrativeExpenses": 449000000, "otherExpenses": -60000000, "operatingExpenses": 449000000, "costAndExpenses": 2029000000, "interestIncome": 73000000, "interestExpense": 73000000, "depreciationAndAmortization": 4000000, "ebitda": 402000000, "ebitdaratio": 0.1682008368, "operatingIncome": 398000000, "operatingIncomeRatio": 0.1665271967, "totalOtherIncomeExpensesNet": -133000000, "incomeBeforeTax": 265000000, "incomeBeforeTaxRatio": 0.1108786611, "incomeTaxExpense": 57000000, "netIncome": 208000000, "netIncomeRatio": 0.0870292887, "eps": 1.1, "epsdiluted": 1.1, "weightedAverageShsOut": 189000000, "weightedAverageShsOutDil": 189000000, "link": "https://www.sec.gov/Archives/edgar/data/1674910/000167491019000209/0001674910-19-000209-index.htm", "finalLink": "https://www.sec.gov/Archives/edgar/data/1674910/000167491019000209/vvv-20190930.htm", "calculatedOtherExpenses": -50000000, "calculatedOperatingExpenses": 412000000, "calculatedNetInterest": 0, "calculatedOtherIncome": -133000000, "calculatedIncomeNonControlling": 0, "calculatedEbitda": 402000000}, {"date": "2018-09-30", "symbol": "VVV", "reportedCurrency": "USD", "cik": "0001674910", "fillingDate": "2018-11-21", "acceptedDate": "2018-11-21 12:02:09", "calendarYear": "2018", "period": "FY", "revenue": 2285000000, "costOfRevenue": 1479000000, "grossProfit": 806000000, "grossProfitRatio": 0.3527352298, "researchAndDevelopmentExpenses": 14000000, "generalAndAdministrativeExpenses": 430000000, "sellingAndMarketingExpenses": 63000000, "sellingGeneralAndAdministrativeExpenses": 430000000, "otherExpenses": -19000000, "operatingExpenses": 430000000, "costAndExpenses": 1909000000, "interestIncome": 0, "interestExpense": 63000000, "depreciationAndAmortization": 54000000, "ebitda": 463000000, "ebitdaratio": 0.2026258206, "operatingIncome": 395000000, "operatingIncomeRatio": 0.1728665208, "totalOtherIncomeExpensesNet": 19000000, "incomeBeforeTax": 332000000, "incomeBeforeTaxRatio": 0.1452954048, "incomeTaxExpense": 166000000, "netIncome": 166000000, "netIncomeRatio": 0.0726477024, "eps": 0.84, "epsdiluted": 0.84, "weightedAverageShsOut": 197000000, "weightedAverageShsOutDil": 197000000, "link": "https://www.sec.gov/Archives/edgar/data/1674910/000167491018000131/0001674910-18-000131-index.htm", "finalLink": "https://www.sec.gov/Archives/edgar/data/1674910/000167491018000131/valvoline10-k9302018.htm", "calculatedOtherExpenses": -33000000, "calculatedOperatingExpenses": 411000000, "calculatedNetInterest": -63000000, "calculatedOtherIncome": 0, "calculatedIncomeNonControlling": 0, "calculatedEbitda": 449000000}, {"date": "2017-09-30", "symbol": "VVV", "reportedCurrency": "USD", "cik": "0001674910", "fillingDate": "2017-11-17", "acceptedDate": "2017-11-17 12:10:16", "calendarYear": "2017", "period": "FY", "revenue": 2084000000, "costOfRevenue": 1306000000, "grossProfit": 778000000, "grossProfitRatio": 0.3733205374, "researchAndDevelopmentExpenses": 13000000, "generalAndAdministrativeExpenses": 375000000, "sellingAndMarketingExpenses": 61000000, "sellingGeneralAndAdministrativeExpenses": 375000000, "otherExpenses": 136000000, "operatingExpenses": 375000000, "costAndExpenses": 1681000000, "interestIncome": 0, "interestExpense": 42000000, "depreciationAndAmortization": 42000000, "ebitda": 606000000, "ebitdaratio": 0.2907869482, "operatingIncome": 532000000, "operatingIncomeRatio": 0.2552783109, "totalOtherIncomeExpensesNet": 129000000, "incomeBeforeTax": 490000000, "incomeBeforeTaxRatio": 0.2351247601, "incomeTaxExpense": 186000000, "netIncome": 304000000, "netIncomeRatio": 0.1458733205, "eps": 1.49, "epsdiluted": 1.49, "weightedAverageShsOut": 204000000, "weightedAverageShsOutDil": 204026845, "link": "https://www.sec.gov/Archives/edgar/data/1674910/000167491017000042/0001674910-17-000042-index.htm", "finalLink": "https://www.sec.gov/Archives/edgar/data/1674910/000167491017000042/valvoline10-k9302017.htm", "calculatedOtherExpenses": -142000000, "calculatedOperatingExpenses": 246000000, "calculatedNetInterest": -42000000, "calculatedOtherIncome": 0, "calculatedIncomeNonControlling": 0, "calculatedEbitda": 574000000}, {"date": "2016-09-30", "symbol": "VVV", "reportedCurrency": "USD", "cik": "0001674910", "fillingDate": "2016-12-19", "acceptedDate": "2016-12-19 09:14:40", "calendarYear": "2016", "period": "FY", "revenue": 1929000000, "costOfRevenue": 1168000000, "grossProfit": 761000000, "grossProfitRatio": 0.3945049248, "researchAndDevelopmentExpenses": 13000000, "generalAndAdministrativeExpenses": 212000000, "sellingAndMarketingExpenses": 58000000, "sellingGeneralAndAdministrativeExpenses": 270000000, "otherExpenses": 342000000, "operatingExpenses": 342000000, "costAndExpenses": 1510000000, "interestIncome": 0, "interestExpense": 9000000, "depreciationAndAmortization": 38000000, "ebitda": 469000000, "ebitdaratio": 0.243131156, "operatingIncome": 431000000, "operatingIncomeRatio": 0.22343183, "totalOtherIncomeExpensesNet": 11000000, "incomeBeforeTax": 421000000, "incomeBeforeTaxRatio": 0.2182477968, "incomeTaxExpense": 148000000, "netIncome": 273000000, "netIncomeRatio": 0.1415241058, "eps": 1.61, "epsdiluted": 1.6, "weightedAverageShsOut": 170000000, "weightedAverageShsOutDil": 170625000, "link": "https://www.sec.gov/Archives/edgar/data/1674910/000167491016000004/0001674910-16-000004-index.htm", "finalLink": "https://www.sec.gov/Archives/edgar/data/1674910/000167491016000004/valvoline10-k9302016.htm", "calculatedOtherExpenses": 47000000, "calculatedOperatingExpenses": 330000000, "calculatedNetInterest": -9000000, "calculatedOtherIncome": -1000000, "calculatedIncomeNonControlling": 0, "calculatedEbitda": 469000000}, {"date": "2015-09-30", "symbol": "VVV", "reportedCurrency": "USD", "cik": "0001674910", "fillingDate": "2015-09-30", "acceptedDate": "2015-09-29 20:00:00", "calendarYear": "2015", "period": "FY", "revenue": 1966900000, "costOfRevenue": 1281800000, "grossProfit": 685100000, "grossProfitRatio": 0.3483146067, "researchAndDevelopmentExpenses": 11000000, "generalAndAdministrativeExpenses": 234800000, "sellingAndMarketingExpenses": 56000000, "sellingGeneralAndAdministrativeExpenses": 290800000, "otherExpenses": 359800000, "operatingExpenses": 359800000, "costAndExpenses": 1641600000, "interestIncome": 0, "interestExpense": 0, "depreciationAndAmortization": 38000000, "ebitda": 389600000, "ebitdaratio": 0.1980781941, "operatingIncome": 323100000, "operatingIncomeRatio": 0.1642686461, "totalOtherIncomeExpensesNet": -28500000, "incomeBeforeTax": 296800000, "incomeBeforeTaxRatio": 0.1508973512, "incomeTaxExpense": 100700000, "netIncome": 196100000, "netIncomeRatio": 0.0997000356, "eps": 1.15, "epsdiluted": 1.15, "weightedAverageShsOut": 170000000, "weightedAverageShsOutDil": 170434782, "link": "", "finalLink": "", "calculatedOtherExpenses": 60200000, "calculatedOperatingExpenses": 362000000, "calculatedNetInterest": 0, "calculatedOtherIncome": -26300000, "calculatedIncomeNonControlling": 0, "calculatedEbitda": 361100000}, {"date": "2014-09-30", "symbol": "VVV", "reportedCurrency": "USD", "cik": "0001674910", "fillingDate": "2014-09-30", "acceptedDate": "2014-09-29 20:00:00", "calendarYear": "2014", "period": "FY", "revenue": 2041000000, "costOfRevenue": 1409000000, "grossProfit": 632000000, "grossProfitRatio": 0.3096521313, "researchAndDevelopmentExpenses": 11000000, "generalAndAdministrativeExpenses": 95000000, "sellingAndMarketingExpenses": 56000000, "sellingGeneralAndAdministrativeExpenses": 303000000, "otherExpenses": 378000000, "operatingExpenses": 378000000, "costAndExpenses": 1787000000, "interestIncome": 0, "interestExpense": 0, "depreciationAndAmortization": 37000000, "ebitda": 301000000, "ebitdaratio": 0.1474767271, "operatingIncome": 264000000, "operatingIncomeRatio": 0.1293483586, "totalOtherIncomeExpensesNet": 10000000, "incomeBeforeTax": 264000000, "incomeBeforeTaxRatio": 0.1293483586, "incomeTaxExpense": 91000000, "netIncome": 173000000, "netIncomeRatio": 0.0847623714, "eps": 0.84, "epsdiluted": 0.84, "weightedAverageShsOut": 205000000, "weightedAverageShsOutDil": 205952380, "link": "", "finalLink": "", "calculatedOtherExpenses": 54000000, "calculatedOperatingExpenses": 368000000, "calculatedNetInterest": 0, "calculatedOtherIncome": 0, "calculatedIncomeNonControlling": 0, "calculatedEbitda": 301000000}, {"date": "2013-09-30", "symbol": "VVV", "reportedCurrency": "USD", "cik": "0001674910", "fillingDate": "2013-09-30", "acceptedDate": "2013-09-29 20:00:00", "calendarYear": "2013", "period": "FY", "revenue": 1996200000, "costOfRevenue": 1338300000, "grossProfit": 657900000, "grossProfitRatio": 0.3295761948, "researchAndDevelopmentExpenses": 11300000, "generalAndAdministrativeExpenses": 88200000, "sellingAndMarketingExpenses": 61000000, "sellingGeneralAndAdministrativeExpenses": 213400000, "otherExpenses": 290100000, "operatingExpenses": 290100000, "costAndExpenses": 1628400000, "interestIncome": 0, "interestExpense": 0, "depreciationAndAmortization": 35700000, "ebitda": 403500000, "ebitdaratio": 0.2021340547, "operatingIncome": 380600000, "operatingIncomeRatio": 0.1906622583, "totalOtherIncomeExpensesNet": 12800000, "incomeBeforeTax": 380600000, "incomeBeforeTaxRatio": 0.1906622583, "incomeTaxExpense": 134500000, "netIncome": 246100000, "netIncomeRatio": 0.1232842401, "eps": 1.23, "epsdiluted": 1.23, "weightedAverageShsOut": 200000000, "weightedAverageShsOutDil": 200000000, "link": "", "finalLink": "", "calculatedOtherExpenses": 52600000, "calculatedOperatingExpenses": 277300000, "calculatedNetInterest": 0, "calculatedOtherIncome": 0, "calculatedIncomeNonControlling": 0, "calculatedEbitda": 416300000}]}