{"originalCurrency": "USD", "convertedCurrency": "USD", "report": [{"date": "2023-12-31", "symbol": "W", "reportedCurrency": "USD", "cik": "0001616707", "fillingDate": "2024-02-22", "acceptedDate": "2024-02-22 16:06:13", "calendarYear": "2023", "period": "FY", "revenue": 12003000000, "costOfRevenue": 8336000000, "grossProfit": 3667000000, "grossProfitRatio": 0.3055069566, "researchAndDevelopmentExpenses": 279000000, "generalAndAdministrativeExpenses": 1050000000, "sellingAndMarketingExpenses": 3844000000, "sellingGeneralAndAdministrativeExpenses": 4401000000, "otherExpenses": 2033000000, "operatingExpenses": 4401000000, "costAndExpenses": 12737000000, "interestIncome": 0, "interestExpense": 17000000, "depreciationAndAmortization": 417000000, "ebitda": -317000000, "ebitdaratio": -0.0264100642, "operatingIncome": -734000000, "operatingIncomeRatio": -0.0611513788, "totalOtherIncomeExpensesNet": 5000000, "incomeBeforeTax": -729000000, "incomeBeforeTaxRatio": -0.0607348163, "incomeTaxExpense": 9000000, "netIncome": -738000000, "netIncomeRatio": -0.0614846288, "eps": -6.47, "epsdiluted": -6.47, "weightedAverageShsOut": 114000000, "weightedAverageShsOutDil": 114000000, "link": "https://www.sec.gov/Archives/edgar/data/1616707/000161670724000014/0001616707-24-000014-index.htm", "finalLink": "https://www.sec.gov/Archives/edgar/data/1616707/000161670724000014/w-20231231.htm", "calculatedOtherExpenses": -279000000, "calculatedOperatingExpenses": 4401000000, "calculatedNetInterest": -17000000, "calculatedOtherIncome": 22000000, "calculatedIncomeNonControlling": 0, "calculatedEbitda": -317000000}, {"date": "2022-12-31", "symbol": "W", "reportedCurrency": "USD", "cik": "0001616707", "fillingDate": "2023-02-23", "acceptedDate": "2023-02-23 16:02:25", "calendarYear": "2022", "period": "FY", "revenue": 12218000000, "costOfRevenue": 8802000000, "grossProfit": 3416000000, "grossProfitRatio": 0.2795874939, "researchAndDevelopmentExpenses": 224000000, "generalAndAdministrativeExpenses": 632000000, "sellingAndMarketingExpenses": 4098000000, "sellingGeneralAndAdministrativeExpenses": 4730000000, "otherExpenses": -4000000, "operatingExpenses": 4730000000, "costAndExpenses": 13532000000, "interestIncome": 26000000, "interestExpense": 27000000, "depreciationAndAmortization": 367000000, "ebitda": -947000000, "ebitdaratio": -0.0775085939, "operatingIncome": -1314000000, "operatingIncomeRatio": -0.1075462432, "totalOtherIncomeExpensesNet": -5000000, "incomeBeforeTax": -1319000000, "incomeBeforeTaxRatio": -0.1079554755, "incomeTaxExpense": 12000000, "netIncome": -1331000000, "netIncomeRatio": -0.108937633, "eps": -12.56, "epsdiluted": -12.56, "weightedAverageShsOut": 106000000, "weightedAverageShsOutDil": 106000000, "link": "https://www.sec.gov/Archives/edgar/data/1616707/000161670723000037/0001616707-23-000037-index.htm", "finalLink": "https://www.sec.gov/Archives/edgar/data/1616707/000161670723000037/w-20221231.htm", "calculatedOtherExpenses": -224000000, "calculatedOperatingExpenses": 4730000000, "calculatedNetInterest": -1000000, "calculatedOtherIncome": -4000000, "calculatedIncomeNonControlling": 0, "calculatedEbitda": -947000000}, {"date": "2021-12-31", "symbol": "W", "reportedCurrency": "USD", "cik": "0001616707", "fillingDate": "2022-02-24", "acceptedDate": "2022-02-24 16:44:43", "calendarYear": "2021", "period": "FY", "revenue": 13708000000, "costOfRevenue": 9813000000, "grossProfit": 3895000000, "grossProfitRatio": 0.2841406478, "researchAndDevelopmentExpenses": 171000000, "generalAndAdministrativeExpenses": 584000000, "sellingAndMarketingExpenses": 3393000000, "sellingGeneralAndAdministrativeExpenses": 3393000000, "otherExpenses": 584000000, "operatingExpenses": 3977000000, "costAndExpenses": 13790000000, "interestIncome": 33000000, "interestExpense": 32000000, "depreciationAndAmortization": 322000000, "ebitda": 236000000, "ebitdaratio": 0.0172162241, "operatingIncome": -86000000, "operatingIncomeRatio": -0.0062737088, "totalOtherIncomeExpensesNet": -44000000, "incomeBeforeTax": -130000000, "incomeBeforeTaxRatio": -0.0094835133, "incomeTaxExpense": 1000000, "netIncome": -131000000, "netIncomeRatio": -0.0095564634, "eps": -1.26, "epsdiluted": -1.26, "weightedAverageShsOut": 104000000, "weightedAverageShsOutDil": 104000000, "link": "https://www.sec.gov/Archives/edgar/data/1616707/000161670722000031/0001616707-22-000031-index.htm", "finalLink": "https://www.sec.gov/Archives/edgar/data/1616707/000161670722000031/w-20211231.htm", "calculatedOtherExpenses": 417000000, "calculatedOperatingExpenses": 3981000000, "calculatedNetInterest": 1000000, "calculatedOtherIncome": -45000000, "calculatedIncomeNonControlling": 0, "calculatedEbitda": 236000000}, {"date": "2020-12-31", "symbol": "W", "reportedCurrency": "USD", "cik": "0001616707", "fillingDate": "2021-02-25", "acceptedDate": "2021-02-25 17:08:01", "calendarYear": "2020", "period": "FY", "revenue": 14145156000, "costOfRevenue": 10032985000, "grossProfit": 4112171000, "grossProfitRatio": 0.2907123117, "researchAndDevelopmentExpenses": 132000000, "generalAndAdministrativeExpenses": 509559000, "sellingAndMarketingExpenses": 3242263000, "sellingGeneralAndAdministrativeExpenses": 3242263000, "otherExpenses": 509559000, "operatingExpenses": 3751822000, "costAndExpenses": 13784807000, "interestIncome": 112000000, "interestExpense": 146397000, "depreciationAndAmortization": 277078000, "ebitda": 637427000, "ebitdaratio": 0.0450632711, "operatingIncome": 360349000, "operatingIncomeRatio": 0.0254750814, "totalOtherIncomeExpensesNet": -155030000, "incomeBeforeTax": 205319000, "incomeBeforeTaxRatio": 0.0145151457, "incomeTaxExpense": 20323000, "netIncome": 185000000, "netIncomeRatio": 0.0130786822, "eps": 1.93, "epsdiluted": 1.86, "weightedAverageShsOut": 95825000, "weightedAverageShsOutDil": 99337000, "link": "https://www.sec.gov/Archives/edgar/data/1616707/000161670721000064/0001616707-21-000064-index.htm", "finalLink": "https://www.sec.gov/Archives/edgar/data/1616707/000161670721000064/w-20201231.htm", "calculatedOtherExpenses": 377559000, "calculatedOperatingExpenses": 3751822000, "calculatedNetInterest": -34397000, "calculatedOtherIncome": -120633000, "calculatedIncomeNonControlling": -4000, "calculatedEbitda": 637427000}, {"date": "2019-12-31", "symbol": "W", "reportedCurrency": "USD", "cik": "0001616707", "fillingDate": "2020-02-28", "acceptedDate": "2020-02-28 16:12:14", "calendarYear": "2019", "period": "FY", "revenue": 9127057000, "costOfRevenue": 6979725000, "grossProfit": 2147332000, "grossProfitRatio": 0.2352710189, "researchAndDevelopmentExpenses": 82000000, "generalAndAdministrativeExpenses": 356727000, "sellingAndMarketingExpenses": 2720546000, "sellingGeneralAndAdministrativeExpenses": 2720546000, "otherExpenses": 356727000, "operatingExpenses": 3077273000, "costAndExpenses": 10056998000, "interestIncome": 55000000, "interestExpense": 54514000, "depreciationAndAmortization": 192419000, "ebitda": -737522000, "ebitdaratio": -0.0808061131, "operatingIncome": -929941000, "operatingIncomeRatio": -0.1018883743, "totalOtherIncomeExpensesNet": -51633000, "incomeBeforeTax": -981574000, "incomeBeforeTaxRatio": -0.10754551, "incomeTaxExpense": 3010000, "netIncome": -984584000, "netIncomeRatio": -0.1078752987, "eps": -10.68, "epsdiluted": -10.68, "weightedAverageShsOut": 92200000, "weightedAverageShsOutDil": 92200000, "link": "https://www.sec.gov/Archives/edgar/data/1616707/000161670720000025/0001616707-20-000025-index.htm", "finalLink": "https://www.sec.gov/Archives/edgar/data/1616707/000161670720000025/a2019-12x31form10xk.htm", "calculatedOtherExpenses": 274727000, "calculatedOperatingExpenses": 3077273000, "calculatedNetInterest": 486000, "calculatedOtherIncome": -52119000, "calculatedIncomeNonControlling": 0, "calculatedEbitda": -737522000}, {"date": "2018-12-31", "symbol": "W", "reportedCurrency": "USD", "cik": "0001616707", "fillingDate": "2019-02-25", "acceptedDate": "2019-02-25 16:44:58", "calendarYear": "2018", "period": "FY", "revenue": 6779174000, "costOfRevenue": 5192451000, "grossProfit": 1586723000, "grossProfitRatio": 0.2340584561, "researchAndDevelopmentExpenses": 0, "generalAndAdministrativeExpenses": 260046000, "sellingAndMarketingExpenses": 1799956000, "sellingGeneralAndAdministrativeExpenses": 1799956000, "otherExpenses": -204000, "operatingExpenses": 2060002000, "costAndExpenses": 7252453000, "interestIncome": 0, "interestExpense": 0, "depreciationAndAmortization": 123542000, "ebitda": -349737000, "ebitdaratio": -0.0515899135, "operatingIncome": -473279000, "operatingIncomeRatio": -0.0698136676, "totalOtherIncomeExpensesNet": -204000, "incomeBeforeTax": -502043000, "incomeBeforeTaxRatio": -0.0740566624, "incomeTaxExpense": 2037000, "netIncome": -504080000, "netIncomeRatio": -0.0743571414, "eps": -5.63, "epsdiluted": -5.63, "weightedAverageShsOut": 89472000, "weightedAverageShsOutDil": 89472000, "link": "https://www.sec.gov/Archives/edgar/data/1616707/000161670719000042/0001616707-19-000042-index.htm", "finalLink": "https://www.sec.gov/Archives/edgar/data/1616707/000161670719000042/a2018-12x31form10xk.htm", "calculatedOtherExpenses": 260046000, "calculatedOperatingExpenses": 2060002000, "calculatedNetInterest": 0, "calculatedOtherIncome": -28764000, "calculatedIncomeNonControlling": 0, "calculatedEbitda": -349737000}, {"date": "2017-12-31", "symbol": "W", "reportedCurrency": "USD", "cik": "0001616707", "fillingDate": "2018-02-26", "acceptedDate": "2018-02-26 16:49:25", "calendarYear": "2017", "period": "FY", "revenue": 4720895000, "costOfRevenue": 3602072000, "grossProfit": 1118823000, "grossProfitRatio": 0.2369938327, "researchAndDevelopmentExpenses": 0, "generalAndAdministrativeExpenses": 169516000, "sellingAndMarketingExpenses": 1184760000, "sellingGeneralAndAdministrativeExpenses": 1184760000, "otherExpenses": 758000, "operatingExpenses": 1354276000, "costAndExpenses": 4956348000, "interestIncome": 0, "interestExpense": 0, "depreciationAndAmortization": 87020000, "ebitda": -148433000, "ebitdaratio": -0.0314417076, "operatingIncome": -235453000, "operatingIncomeRatio": -0.049874653, "totalOtherIncomeExpensesNet": 758000, "incomeBeforeTax": -244128000, "incomeBeforeTaxRatio": -0.0517122283, "incomeTaxExpense": 486000, "netIncome": -244614000, "netIncomeRatio": -0.0518151749, "eps": -2.81, "epsdiluted": -2.81, "weightedAverageShsOut": 86983000, "weightedAverageShsOutDil": 86983000, "link": "https://www.sec.gov/Archives/edgar/data/1616707/000161670718000087/0001616707-18-000087-index.htm", "finalLink": "https://www.sec.gov/Archives/edgar/data/1616707/000161670718000087/a2017-12x31form10xk.htm", "calculatedOtherExpenses": 169516000, "calculatedOperatingExpenses": 1354276000, "calculatedNetInterest": 0, "calculatedOtherIncome": -8675000, "calculatedIncomeNonControlling": 0, "calculatedEbitda": -148433000}, {"date": "2016-12-31", "symbol": "W", "reportedCurrency": "USD", "cik": "0001616707", "fillingDate": "2017-02-28", "acceptedDate": "2017-02-28 16:13:07", "calendarYear": "2016", "period": "FY", "revenue": 3380360000, "costOfRevenue": 2572549000, "grossProfit": 807811000, "grossProfitRatio": 0.2389718847, "researchAndDevelopmentExpenses": 0, "generalAndAdministrativeExpenses": 417368000, "sellingAndMarketingExpenses": 876145000, "sellingGeneralAndAdministrativeExpenses": 876145000, "otherExpenses": 1756000, "operatingExpenses": 1004028000, "costAndExpenses": 3576577000, "interestIncome": 0, "interestExpense": 0, "depreciationAndAmortization": 55572000, "ebitda": -140645000, "ebitdaratio": -0.0416065153, "operatingIncome": -196217000, "operatingIncomeRatio": -0.0580461844, "totalOtherIncomeExpensesNet": 1756000, "incomeBeforeTax": -193767000, "incomeBeforeTaxRatio": -0.0573214096, "incomeTaxExpense": 608000, "netIncome": -194375000, "netIncomeRatio": -0.0575012721, "eps": -2.29, "epsdiluted": -2.29, "weightedAverageShsOut": 84977000, "weightedAverageShsOutDil": 84977000, "link": "https://www.sec.gov/Archives/edgar/data/1616707/000161670717000133/0001616707-17-000133-index.htm", "finalLink": "https://www.sec.gov/Archives/edgar/data/1616707/000161670717000133/a2016-12x31form10xk.htm", "calculatedOtherExpenses": 127883000, "calculatedOperatingExpenses": 1004028000, "calculatedNetInterest": 0, "calculatedOtherIncome": 2450000, "calculatedIncomeNonControlling": 0, "calculatedEbitda": -140645000}, {"date": "2015-12-31", "symbol": "W", "reportedCurrency": "USD", "cik": "0001616707", "fillingDate": "2016-02-29", "acceptedDate": "2016-02-29 16:10:35", "calendarYear": "2015", "period": "FY", "revenue": 2249885000, "costOfRevenue": 1709161000, "grossProfit": 540724000, "grossProfitRatio": 0.2403340615, "researchAndDevelopmentExpenses": 0, "generalAndAdministrativeExpenses": 236810000, "sellingAndMarketingExpenses": 539953000, "sellingGeneralAndAdministrativeExpenses": 539953000, "otherExpenses": 2718000, "operatingExpenses": 622074000, "costAndExpenses": 2331235000, "interestIncome": 0, "interestExpense": 0, "depreciationAndAmortization": 32446000, "ebitda": -48904000, "ebitdaratio": -0.0217362221, "operatingIncome": -81350000, "operatingIncomeRatio": -0.0361574036, "totalOtherIncomeExpensesNet": 2718000, "incomeBeforeTax": -77348000, "incomeBeforeTaxRatio": -0.034378646, "incomeTaxExpense": 95000, "netIncome": -77443000, "netIncomeRatio": -0.0344208704, "eps": -0.92, "epsdiluted": -0.92, "weightedAverageShsOut": 83726000, "weightedAverageShsOutDil": 83726000, "link": "https://www.sec.gov/Archives/edgar/data/1616707/000161670716000017/0001616707-16-000017-index.htm", "finalLink": "https://www.sec.gov/Archives/edgar/data/1616707/000161670716000017/a2015-12x31form10xk.htm", "calculatedOtherExpenses": 82121000, "calculatedOperatingExpenses": 622074000, "calculatedNetInterest": 0, "calculatedOtherIncome": 4002000, "calculatedIncomeNonControlling": 0, "calculatedEbitda": -48904000}, {"date": "2014-12-31", "symbol": "W", "reportedCurrency": "USD", "cik": "0001616707", "fillingDate": "2015-03-19", "acceptedDate": "2015-03-19 16:36:09", "calendarYear": "2014", "period": "FY", "revenue": 1318951000, "costOfRevenue": 1007853000, "grossProfit": 311098000, "grossProfitRatio": 0.2358677464, "researchAndDevelopmentExpenses": 0, "generalAndAdministrativeExpenses": 186505000, "sellingAndMarketingExpenses": 402098000, "sellingGeneralAndAdministrativeExpenses": 402098000, "otherExpenses": -489000, "operatingExpenses": 458882000, "costAndExpenses": 1466735000, "interestIncome": 0, "interestExpense": 0, "depreciationAndAmortization": 22003000, "ebitda": -125781000, "ebitdaratio": -0.0953644222, "operatingIncome": -147784000, "operatingIncomeRatio": -0.1120466189, "totalOtherIncomeExpensesNet": -489000, "incomeBeforeTax": -147923000, "incomeBeforeTaxRatio": -0.1121520056, "incomeTaxExpense": 175000, "netIncome": -148098000, "netIncomeRatio": -0.1122846868, "eps": -2.92, "epsdiluted": -2.92, "weightedAverageShsOut": 50641601, "weightedAverageShsOutDil": 50641601, "link": "https://www.sec.gov/Archives/edgar/data/1616707/000104746915002471/0001047469-15-002471-index.htm", "finalLink": "https://www.sec.gov/Archives/edgar/data/1616707/000104746915002471/a2223583z10-k.htm", "calculatedOtherExpenses": 56784000, "calculatedOperatingExpenses": 458882000, "calculatedNetInterest": 0, "calculatedOtherIncome": -139000, "calculatedIncomeNonControlling": 0, "calculatedEbitda": -125781000}, {"date": "2013-12-31", "symbol": "W", "reportedCurrency": "USD", "cik": "0001616707", "fillingDate": "2013-12-31", "acceptedDate": "2013-12-30 19:00:00", "calendarYear": "2013", "period": "FY", "revenue": 915843000, "costOfRevenue": 691602000, "grossProfit": 224241000, "grossProfitRatio": 0.2448465512, "researchAndDevelopmentExpenses": 0, "generalAndAdministrativeExpenses": 62246000, "sellingAndMarketingExpenses": 177475000, "sellingGeneralAndAdministrativeExpenses": 239721000, "otherExpenses": 294000, "operatingExpenses": 240260000, "costAndExpenses": 931862000, "interestIncome": 0, "interestExpense": 0, "depreciationAndAmortization": 13091000, "ebitda": -2928000, "ebitdaratio": -0.0031970545, "operatingIncome": -16019000, "operatingIncomeRatio": -0.0174909892, "totalOtherIncomeExpensesNet": 294000, "incomeBeforeTax": -15480000, "incomeBeforeTaxRatio": -0.0169024604, "incomeTaxExpense": 46000, "netIncome": -15526000, "netIncomeRatio": -0.0169526873, "eps": -0.22, "epsdiluted": -0.22, "weightedAverageShsOut": 70348285, "weightedAverageShsOutDil": 70348285, "link": "", "finalLink": "", "calculatedOtherExpenses": 539000, "calculatedOperatingExpenses": 240260000, "calculatedNetInterest": 0, "calculatedOtherIncome": 539000, "calculatedIncomeNonControlling": 0, "calculatedEbitda": -2928000}, {"date": "2012-12-31", "symbol": "W", "reportedCurrency": "USD", "cik": "0001616707", "fillingDate": "2012-12-31", "acceptedDate": "2012-12-30 19:00:00", "calendarYear": "2012", "period": "FY", "revenue": 601028000, "costOfRevenue": 455879000, "grossProfit": 145149000, "grossProfitRatio": 0.2415012279, "researchAndDevelopmentExpenses": 0, "generalAndAdministrativeExpenses": 78691000, "sellingAndMarketingExpenses": 87640000, "sellingGeneralAndAdministrativeExpenses": 166331000, "otherExpenses": 155000, "operatingExpenses": 166543000, "costAndExpenses": 622422000, "interestIncome": 0, "interestExpense": 0, "depreciationAndAmortization": 9335000, "ebitda": -12059000, "ebitdaratio": -0.0200639571, "operatingIncome": -21394000, "operatingIncomeRatio": -0.0355956794, "totalOtherIncomeExpensesNet": 155000, "incomeBeforeTax": -21005000, "incomeBeforeTaxRatio": -0.034948455, "incomeTaxExpense": 50000, "netIncome": -21055000, "netIncomeRatio": -0.0350316458, "eps": -0.3, "epsdiluted": -0.3, "weightedAverageShsOut": 70348285, "weightedAverageShsOutDil": 70348285, "link": "", "finalLink": "", "calculatedOtherExpenses": 212000, "calculatedOperatingExpenses": 166543000, "calculatedNetInterest": 0, "calculatedOtherIncome": 389000, "calculatedIncomeNonControlling": 0, "calculatedEbitda": -12059000}]}