{"originalCurrency": "USD", "convertedCurrency": "USD", "report": [{"date": "2023-12-31", "symbol": "WAB", "reportedCurrency": "USD", "cik": "0000943452", "fillingDate": "2024-02-14", "acceptedDate": "2024-02-14 16:02:42", "calendarYear": "2023", "period": "FY", "revenue": 9677000000, "costOfRevenue": 7014000000, "grossProfit": 2663000000, "grossProfitRatio": 0.2751885915, "researchAndDevelopmentExpenses": 218000000, "generalAndAdministrativeExpenses": 0, "sellingAndMarketingExpenses": 0, "sellingGeneralAndAdministrativeExpenses": 1121000000, "otherExpenses": 39000000, "operatingExpenses": 1339000000, "costAndExpenses": 8353000000, "interestIncome": 0, "interestExpense": 218000000, "depreciationAndAmortization": 529000000, "ebitda": 1853000000, "ebitdaratio": 0.1914849643, "operatingIncome": 1324000000, "operatingIncomeRatio": 0.1368192622, "totalOtherIncomeExpensesNet": -232000000, "incomeBeforeTax": 1092000000, "incomeBeforeTaxRatio": 0.1128448899, "incomeTaxExpense": 267000000, "netIncome": 815000000, "netIncomeRatio": 0.0842203162, "eps": 4.56, "epsdiluted": 4.54, "weightedAverageShsOut": 178800000, "weightedAverageShsOutDil": 179500000, "link": "https://www.sec.gov/Archives/edgar/data/943452/000162828024004774/0001628280-24-004774-index.htm", "finalLink": "https://www.sec.gov/Archives/edgar/data/943452/000162828024004774/wab-20231231.htm", "calculatedOtherExpenses": 0, "calculatedOperatingExpenses": 1339000000, "calculatedNetInterest": -218000000, "calculatedOtherIncome": -14000000, "calculatedIncomeNonControlling": 10000000, "calculatedEbitda": 1853000000}, {"date": "2022-12-31", "symbol": "WAB", "reportedCurrency": "USD", "cik": "0000943452", "fillingDate": "2023-02-15", "acceptedDate": "2023-02-15 13:38:58", "calendarYear": "2022", "period": "FY", "revenue": 8362000000, "costOfRevenue": 5822000000, "grossProfit": 2540000000, "grossProfitRatio": 0.3037550825, "researchAndDevelopmentExpenses": 209000000, "generalAndAdministrativeExpenses": 0, "sellingAndMarketingExpenses": 0, "sellingGeneralAndAdministrativeExpenses": 1029000000, "otherExpenses": 291000000, "operatingExpenses": 1529000000, "costAndExpenses": 7351000000, "interestIncome": 186000000, "interestExpense": 186000000, "depreciationAndAmortization": 449000000, "ebitda": 1460000000, "ebitdaratio": 0.1745993781, "operatingIncome": 1011000000, "operatingIncomeRatio": 0.1209040899, "totalOtherIncomeExpensesNet": -157000000, "incomeBeforeTax": 854000000, "incomeBeforeTaxRatio": 0.1021286773, "incomeTaxExpense": 213000000, "netIncome": 633000000, "netIncomeRatio": 0.0756995934, "eps": 3.47, "epsdiluted": 3.46, "weightedAverageShsOut": 182200000, "weightedAverageShsOutDil": 182800000, "link": "https://www.sec.gov/Archives/edgar/data/943452/000162828023003675/0001628280-23-003675-index.htm", "finalLink": "https://www.sec.gov/Archives/edgar/data/943452/000162828023003675/wab-20221231.htm", "calculatedOtherExpenses": 291000000, "calculatedOperatingExpenses": 1529000000, "calculatedNetInterest": 0, "calculatedOtherIncome": -157000000, "calculatedIncomeNonControlling": 8000000, "calculatedEbitda": 1460000000}, {"date": "2021-12-31", "symbol": "WAB", "reportedCurrency": "USD", "cik": "0000943452", "fillingDate": "2022-02-17", "acceptedDate": "2022-02-17 13:49:07", "calendarYear": "2021", "period": "FY", "revenue": 7822000000, "costOfRevenue": 5453000000, "grossProfit": 2369000000, "grossProfitRatio": 0.3028637177, "researchAndDevelopmentExpenses": 176000000, "generalAndAdministrativeExpenses": 0, "sellingAndMarketingExpenses": 0, "sellingGeneralAndAdministrativeExpenses": 1030000000, "otherExpenses": 287000000, "operatingExpenses": 1493000000, "costAndExpenses": 6946000000, "interestIncome": 177000000, "interestExpense": 177000000, "depreciationAndAmortization": 325000000, "ebitda": 1201000000, "ebitdaratio": 0.1535412938, "operatingIncome": 876000000, "operatingIncomeRatio": 0.1119918179, "totalOtherIncomeExpensesNet": -139000000, "incomeBeforeTax": 737000000, "incomeBeforeTaxRatio": 0.0942214267, "incomeTaxExpense": 172000000, "netIncome": 558000000, "netIncomeRatio": 0.0713372539, "eps": 2.96, "epsdiluted": 2.96, "weightedAverageShsOut": 187700000, "weightedAverageShsOutDil": 188100000, "link": "https://www.sec.gov/Archives/edgar/data/943452/000162828022002997/0001628280-22-002997-index.htm", "finalLink": "https://www.sec.gov/Archives/edgar/data/943452/000162828022002997/wab-20211231.htm", "calculatedOtherExpenses": 287000000, "calculatedOperatingExpenses": 1493000000, "calculatedNetInterest": 0, "calculatedOtherIncome": -139000000, "calculatedIncomeNonControlling": 7000000, "calculatedEbitda": 1201000000}, {"date": "2020-12-31", "symbol": "WAB", "reportedCurrency": "USD", "cik": "0000943452", "fillingDate": "2021-02-19", "acceptedDate": "2021-02-19 15:05:40", "calendarYear": "2020", "period": "FY", "revenue": 7556100000, "costOfRevenue": 5419000000, "grossProfit": 2137100000, "grossProfitRatio": 0.2828310901, "researchAndDevelopmentExpenses": 162100000, "generalAndAdministrativeExpenses": 0, "sellingAndMarketingExpenses": 0, "sellingGeneralAndAdministrativeExpenses": 948100000, "otherExpenses": 282400000, "operatingExpenses": 1392600000, "costAndExpenses": 6811600000, "interestIncome": 199000000, "interestExpense": 198900000, "depreciationAndAmortization": 294000000, "ebitda": 1038500000, "ebitdaratio": 0.1374386257, "operatingIncome": 744500000, "operatingIncomeRatio": 0.0985296648, "totalOtherIncomeExpensesNet": -187300000, "incomeBeforeTax": 557200000, "incomeBeforeTaxRatio": 0.0737417451, "incomeTaxExpense": 144900000, "netIncome": 414000000, "netIncomeRatio": 0.0547901695, "eps": 2.18, "epsdiluted": 2.17, "weightedAverageShsOut": 189900000, "weightedAverageShsOutDil": 190400000, "link": "https://www.sec.gov/Archives/edgar/data/943452/000162828021002557/0001628280-21-002557-index.htm", "finalLink": "https://www.sec.gov/Archives/edgar/data/943452/000162828021002557/wab-20201231.htm", "calculatedOtherExpenses": 282400000, "calculatedOperatingExpenses": 1392600000, "calculatedNetInterest": 100000, "calculatedOtherIncome": -187400000, "calculatedIncomeNonControlling": -1700000, "calculatedEbitda": 1038500000}, {"date": "2019-12-31", "symbol": "WAB", "reportedCurrency": "USD", "cik": "0000943452", "fillingDate": "2020-02-24", "acceptedDate": "2020-02-24 15:43:54", "calendarYear": "2019", "period": "FY", "revenue": 8200000000, "costOfRevenue": 5922000000, "grossProfit": 2278000000, "grossProfitRatio": 0.277804878, "researchAndDevelopmentExpenses": 209900000, "generalAndAdministrativeExpenses": 0, "sellingAndMarketingExpenses": 0, "sellingGeneralAndAdministrativeExpenses": 1166600000, "otherExpenses": 238400000, "operatingExpenses": 1614900000, "costAndExpenses": 7536900000, "interestIncome": 219000000, "interestExpense": 219100000, "depreciationAndAmortization": 241200000, "ebitda": 904300000, "ebitdaratio": 0.1102804878, "operatingIncome": 663100000, "operatingIncomeRatio": 0.0808658537, "totalOtherIncomeExpensesNet": -216300000, "incomeBeforeTax": 446800000, "incomeBeforeTaxRatio": 0.0544878049, "incomeTaxExpense": 120300000, "netIncome": 326700000, "netIncomeRatio": 0.0398414634, "eps": 1.91, "epsdiluted": 1.84, "weightedAverageShsOut": 170500000, "weightedAverageShsOutDil": 177300000, "link": "https://www.sec.gov/Archives/edgar/data/943452/000162828020002098/0001628280-20-002098-index.htm", "finalLink": "https://www.sec.gov/Archives/edgar/data/943452/000162828020002098/wab-20191231.htm", "calculatedOtherExpenses": 238400000, "calculatedOperatingExpenses": 1614900000, "calculatedNetInterest": -100000, "calculatedOtherIncome": -216200000, "calculatedIncomeNonControlling": -200000, "calculatedEbitda": 904300000}, {"date": "2018-12-31", "symbol": "WAB", "reportedCurrency": "USD", "cik": "0000943452", "fillingDate": "2019-02-27", "acceptedDate": "2019-02-27 13:55:48", "calendarYear": "2018", "period": "FY", "revenue": 4363547000, "costOfRevenue": 3129662000, "grossProfit": 1233885000, "grossProfitRatio": 0.2827711034, "researchAndDevelopmentExpenses": 87450000, "generalAndAdministrativeExpenses": 0, "sellingAndMarketingExpenses": 0, "sellingGeneralAndAdministrativeExpenses": 633244000, "otherExpenses": 6380000, "operatingExpenses": 760448000, "costAndExpenses": 3890110000, "interestIncome": 0, "interestExpense": 112235000, "depreciationAndAmortization": 39754000, "ebitda": 519571000, "ebitdaratio": 0.1190707926, "operatingIncome": 473437000, "operatingIncomeRatio": 0.1084982011, "totalOtherIncomeExpensesNet": 6380000, "incomeBeforeTax": 367582000, "incomeBeforeTaxRatio": 0.0842392668, "incomeTaxExpense": 75879000, "netIncome": 294944000, "netIncomeRatio": 0.0675927176, "eps": 3.07, "epsdiluted": 3.06, "weightedAverageShsOut": 96000000, "weightedAverageShsOutDil": 96500000, "link": "https://www.sec.gov/Archives/edgar/data/943452/000162828019002095/0001628280-19-002095-index.htm", "finalLink": "https://www.sec.gov/Archives/edgar/data/943452/000162828019002095/wab1231201810k.htm", "calculatedOtherExpenses": 39754000, "calculatedOperatingExpenses": 760448000, "calculatedNetInterest": -112235000, "calculatedOtherIncome": 6380000, "calculatedIncomeNonControlling": -3241000, "calculatedEbitda": 513191000}, {"date": "2017-12-31", "symbol": "WAB", "reportedCurrency": "USD", "cik": "0000943452", "fillingDate": "2018-02-26", "acceptedDate": "2018-02-26 16:30:27", "calendarYear": "2017", "period": "FY", "revenue": 3881756000, "costOfRevenue": 2816443000, "grossProfit": 1065313000, "grossProfitRatio": 0.2744410004, "researchAndDevelopmentExpenses": 95166000, "generalAndAdministrativeExpenses": 0, "sellingAndMarketingExpenses": 0, "sellingGeneralAndAdministrativeExpenses": 512552000, "otherExpenses": 12907000, "operatingExpenses": 644234000, "costAndExpenses": 3460677000, "interestIncome": 0, "interestExpense": 77884000, "depreciationAndAmortization": 103248000, "ebitda": 539813000, "ebitdaratio": 0.1390641246, "operatingIncome": 421079000, "operatingIncomeRatio": 0.1084764215, "totalOtherIncomeExpensesNet": 8868000, "incomeBeforeTax": 352063000, "incomeBeforeTaxRatio": 0.0906968393, "incomeTaxExpense": 89773000, "netIncome": 262261000, "netIncomeRatio": 0.067562464, "eps": 2.74, "epsdiluted": 2.72, "weightedAverageShsOut": 95500000, "weightedAverageShsOutDil": 96100000, "link": "https://www.sec.gov/Archives/edgar/data/943452/000162828018002245/0001628280-18-002245-index.htm", "finalLink": "https://www.sec.gov/Archives/edgar/data/943452/000162828018002245/wab1231201710k.htm", "calculatedOtherExpenses": 36516000, "calculatedOperatingExpenses": 644234000, "calculatedNetInterest": -77884000, "calculatedOtherIncome": 8868000, "calculatedIncomeNonControlling": 29000, "calculatedEbitda": 524327000}, {"date": "2016-12-31", "symbol": "WAB", "reportedCurrency": "USD", "cik": "0000943452", "fillingDate": "2017-02-28", "acceptedDate": "2017-02-28 09:55:44", "calendarYear": "2016", "period": "FY", "revenue": 2931188000, "costOfRevenue": 2006949000, "grossProfit": 924239000, "grossProfitRatio": 0.3153120851, "researchAndDevelopmentExpenses": 71375000, "generalAndAdministrativeExpenses": 0, "sellingAndMarketingExpenses": 0, "sellingGeneralAndAdministrativeExpenses": 371805000, "otherExpenses": -2963000, "operatingExpenses": 465878000, "costAndExpenses": 2472827000, "interestIncome": 0, "interestExpense": 42561000, "depreciationAndAmortization": 22698000, "ebitda": 478096000, "ebitdaratio": 0.1631065629, "operatingIncome": 458361000, "operatingIncomeRatio": 0.1563737979, "totalOtherIncomeExpensesNet": -2963000, "incomeBeforeTax": 412837000, "incomeBeforeTaxRatio": 0.1408428937, "incomeTaxExpense": 99433000, "netIncome": 304887000, "netIncomeRatio": 0.1040148227, "eps": 3.37, "epsdiluted": 3.34, "weightedAverageShsOut": 90359000, "weightedAverageShsOutDil": 91141000, "link": "https://www.sec.gov/Archives/edgar/data/943452/000162828017001863/0001628280-17-001863-index.htm", "finalLink": "https://www.sec.gov/Archives/edgar/data/943452/000162828017001863/wab1231201610k.htm", "calculatedOtherExpenses": 22698000, "calculatedOperatingExpenses": 465878000, "calculatedNetInterest": -42561000, "calculatedOtherIncome": -2963000, "calculatedIncomeNonControlling": 8517000, "calculatedEbitda": 481059000}, {"date": "2015-12-31", "symbol": "WAB", "reportedCurrency": "USD", "cik": "0000943452", "fillingDate": "2016-02-19", "acceptedDate": "2016-02-19 14:03:28", "calendarYear": "2015", "period": "FY", "revenue": 3307998000, "costOfRevenue": 2260182000, "grossProfit": 1047816000, "grossProfitRatio": 0.3167523076, "researchAndDevelopmentExpenses": 71213000, "generalAndAdministrativeExpenses": 0, "sellingAndMarketingExpenses": 0, "sellingGeneralAndAdministrativeExpenses": 347373000, "otherExpenses": -5311000, "operatingExpenses": 440249000, "costAndExpenses": 2700431000, "interestIncome": 0, "interestExpense": 16888000, "depreciationAndAmortization": 21663000, "ebitda": 623919000, "ebitdaratio": 0.1886092434, "operatingIncome": 607567000, "operatingIncomeRatio": 0.1836660723, "totalOtherIncomeExpensesNet": -5311000, "incomeBeforeTax": 585368000, "incomeBeforeTaxRatio": 0.176955367, "incomeTaxExpense": 186740000, "netIncome": 398628000, "netIncomeRatio": 0.120504305, "eps": 4.14, "epsdiluted": 4.1, "weightedAverageShsOut": 96074000, "weightedAverageShsOutDil": 97006000, "link": "https://www.sec.gov/Archives/edgar/data/943452/000162828016011421/0001628280-16-011421-index.htm", "finalLink": "https://www.sec.gov/Archives/edgar/data/943452/000162828016011421/wab1231201510k.htm", "calculatedOtherExpenses": 21663000, "calculatedOperatingExpenses": 440249000, "calculatedNetInterest": -16888000, "calculatedOtherIncome": -5311000, "calculatedIncomeNonControlling": 0, "calculatedEbitda": 629230000}, {"date": "2014-12-31", "symbol": "WAB", "reportedCurrency": "USD", "cik": "0000943452", "fillingDate": "2015-02-20", "acceptedDate": "2015-02-20 14:12:04", "calendarYear": "2014", "period": "FY", "revenue": 3044454000, "costOfRevenue": 2108472000, "grossProfit": 935982000, "grossProfitRatio": 0.3074383781, "researchAndDevelopmentExpenses": 61886000, "generalAndAdministrativeExpenses": 0, "sellingAndMarketingExpenses": 0, "sellingGeneralAndAdministrativeExpenses": 324539000, "otherExpenses": -1680000, "operatingExpenses": 408873000, "costAndExpenses": 2517345000, "interestIncome": 0, "interestExpense": 17574000, "depreciationAndAmortization": 22448000, "ebitda": 547877000, "ebitdaratio": 0.1799590337, "operatingIncome": 527109000, "operatingIncomeRatio": 0.1731374493, "totalOtherIncomeExpensesNet": -1680000, "incomeBeforeTax": 507855000, "incomeBeforeTaxRatio": 0.1668131626, "incomeTaxExpense": 156175000, "netIncome": 351680000, "netIncomeRatio": 0.1155149659, "eps": 3.66, "epsdiluted": 3.62, "weightedAverageShsOut": 95781000, "weightedAverageShsOutDil": 96885000, "link": "https://www.sec.gov/Archives/edgar/data/943452/000156459015000794/0001564590-15-000794-index.htm", "finalLink": "https://www.sec.gov/Archives/edgar/data/943452/000156459015000794/wab-10k_20141231.htm", "calculatedOtherExpenses": 22448000, "calculatedOperatingExpenses": 408873000, "calculatedNetInterest": -17574000, "calculatedOtherIncome": -1680000, "calculatedIncomeNonControlling": 0, "calculatedEbitda": 549557000}, {"date": "2013-12-31", "symbol": "WAB", "reportedCurrency": "USD", "cik": "0000943452", "fillingDate": "2014-02-21", "acceptedDate": "2014-02-21 16:09:45", "calendarYear": "2013", "period": "FY", "revenue": 2566392000, "costOfRevenue": 1802365000, "grossProfit": 764027000, "grossProfitRatio": 0.2977047154, "researchAndDevelopmentExpenses": 46289000, "generalAndAdministrativeExpenses": 0, "sellingAndMarketingExpenses": 0, "sellingGeneralAndAdministrativeExpenses": 262718000, "otherExpenses": -882000, "operatingExpenses": 326717000, "costAndExpenses": 2129082000, "interestIncome": 0, "interestExpense": 15341000, "depreciationAndAmortization": 17710000, "ebitda": 454138000, "ebitdaratio": 0.1769558197, "operatingIncome": 437310000, "operatingIncomeRatio": 0.1703987544, "totalOtherIncomeExpensesNet": -882000, "incomeBeforeTax": 421087000, "incomeBeforeTaxRatio": 0.1640774285, "incomeTaxExpense": 128852000, "netIncome": 292235000, "netIncomeRatio": 0.1138699778, "eps": 3.05, "epsdiluted": 3.01, "weightedAverageShsOut": 95463000, "weightedAverageShsOutDil": 96832000, "link": "https://www.sec.gov/Archives/edgar/data/943452/000156459014000306/0001564590-14-000306-index.htm", "finalLink": "https://www.sec.gov/Archives/edgar/data/943452/000156459014000306/wab-10k_20131231.htm", "calculatedOtherExpenses": 17710000, "calculatedOperatingExpenses": 326717000, "calculatedNetInterest": -15341000, "calculatedOtherIncome": -882000, "calculatedIncomeNonControlling": 0, "calculatedEbitda": 455020000}, {"date": "2012-12-31", "symbol": "WAB", "reportedCurrency": "USD", "cik": "0000943452", "fillingDate": "2013-02-22", "acceptedDate": "2013-02-22 13:30:54", "calendarYear": "2012", "period": "FY", "revenue": 2391122000, "costOfRevenue": 1696555000, "grossProfit": 694567000, "grossProfitRatio": 0.2904774411, "researchAndDevelopmentExpenses": 41307000, "generalAndAdministrativeExpenses": 0, "sellingAndMarketingExpenses": 0, "sellingGeneralAndAdministrativeExpenses": 245709000, "otherExpenses": -670000, "operatingExpenses": 302288000, "costAndExpenses": 1998843000, "interestIncome": 0, "interestExpense": 14251000, "depreciationAndAmortization": 15272000, "ebitda": 406881000, "ebitdaratio": 0.1701632121, "operatingIncome": 392279000, "operatingIncomeRatio": 0.1640564555, "totalOtherIncomeExpensesNet": -670000, "incomeBeforeTax": 377358000, "incomeBeforeTaxRatio": 0.1578162888, "incomeTaxExpense": 125626000, "netIncome": 251732000, "netIncomeRatio": 0.1052777734, "eps": 2.62, "epsdiluted": 2.6, "weightedAverageShsOut": 95469000, "weightedAverageShsOutDil": 96742000, "link": "https://www.sec.gov/Archives/edgar/data/943452/000119312513071115/0001193125-13-071115-index.htm", "finalLink": "https://www.sec.gov/Archives/edgar/data/943452/000119312513071115/d448585d10k.htm", "calculatedOtherExpenses": 15272000, "calculatedOperatingExpenses": 302288000, "calculatedNetInterest": -14251000, "calculatedOtherIncome": -670000, "calculatedIncomeNonControlling": 0, "calculatedEbitda": 407551000}, {"date": "2011-12-31", "symbol": "WAB", "reportedCurrency": "USD", "cik": "0000943452", "fillingDate": "2012-02-24", "acceptedDate": "2012-02-24 13:05:42", "calendarYear": "2011", "period": "FY", "revenue": 1967637000, "costOfRevenue": 1397213000, "grossProfit": 570424000, "grossProfitRatio": 0.2899030665, "researchAndDevelopmentExpenses": 37193000, "generalAndAdministrativeExpenses": 0, "sellingAndMarketingExpenses": 0, "sellingGeneralAndAdministrativeExpenses": 247534000, "otherExpenses": 14996000, "operatingExpenses": 299723000, "costAndExpenses": 1696936000, "interestIncome": 0, "interestExpense": -15007000, "depreciationAndAmortization": 14996000, "ebitda": 286077000, "ebitdaratio": 0.1453911468, "operatingIncome": 270701000, "operatingIncomeRatio": 0.1375766973, "totalOtherIncomeExpensesNet": -380000, "incomeBeforeTax": 255314000, "incomeBeforeTaxRatio": 0.1297566574, "incomeTaxExpense": 85165000, "netIncome": 170149000, "netIncomeRatio": 0.0864737754, "eps": 1.77, "epsdiluted": 1.76, "weightedAverageShsOut": 95639000, "weightedAverageShsOutDil": 96657000, "link": "https://www.sec.gov/Archives/edgar/data/943452/000119312512077488/0001193125-12-077488-index.htm", "finalLink": "https://www.sec.gov/Archives/edgar/data/943452/000119312512077488/d260748d10k.htm", "calculatedOtherExpenses": 14996000, "calculatedOperatingExpenses": 299723000, "calculatedNetInterest": 15007000, "calculatedOtherIncome": -30394000, "calculatedIncomeNonControlling": 0, "calculatedEbitda": 285697000}, {"date": "2010-12-31", "symbol": "WAB", "reportedCurrency": "USD", "cik": "0000943452", "fillingDate": "2011-02-25", "acceptedDate": "2011-02-25 13:05:53", "calendarYear": "2010", "period": "FY", "revenue": 1507012000, "costOfRevenue": 1057934000, "grossProfit": 449078000, "grossProfitRatio": 0.2979923186, "researchAndDevelopmentExpenses": 40203000, "generalAndAdministrativeExpenses": 0, "sellingAndMarketingExpenses": 0, "sellingGeneralAndAdministrativeExpenses": 195892000, "otherExpenses": 10173000, "operatingExpenses": 246268000, "costAndExpenses": 1304202000, "interestIncome": 0, "interestExpense": -15923000, "depreciationAndAmortization": 10173000, "ebitda": 213043000, "ebitdaratio": 0.1413678192, "operatingIncome": 202810000, "operatingIncomeRatio": 0.1345775614, "totalOtherIncomeExpensesNet": -60000, "incomeBeforeTax": 186827000, "incomeBeforeTaxRatio": 0.1239718065, "incomeTaxExpense": 63728000, "netIncome": 123099000, "netIncomeRatio": 0.0816841538, "eps": 1.29, "epsdiluted": 1.28, "weightedAverageShsOut": 95194000, "weightedAverageShsOutDil": 96010000, "link": "https://www.sec.gov/Archives/edgar/data/943452/000119312511046939/0001193125-11-046939-index.htm", "finalLink": "https://www.sec.gov/Archives/edgar/data/943452/000119312511046939/d10k.htm", "calculatedOtherExpenses": 10173000, "calculatedOperatingExpenses": 246268000, "calculatedNetInterest": 15923000, "calculatedOtherIncome": -31906000, "calculatedIncomeNonControlling": 0, "calculatedEbitda": 212983000}, {"date": "2009-12-31", "symbol": "WAB", "reportedCurrency": "USD", "cik": "0000943452", "fillingDate": "2010-02-24", "acceptedDate": "2010-02-24 11:49:42", "calendarYear": "2009", "period": "FY", "revenue": 1401616000, "costOfRevenue": 1008290000, "grossProfit": 393326000, "grossProfitRatio": 0.2806232235, "researchAndDevelopmentExpenses": 42447000, "generalAndAdministrativeExpenses": 0, "sellingAndMarketingExpenses": 0, "sellingGeneralAndAdministrativeExpenses": 160998000, "otherExpenses": 9849000, "operatingExpenses": 213294000, "costAndExpenses": 1221584000, "interestIncome": 0, "interestExpense": -16674000, "depreciationAndAmortization": 35519000, "ebitda": 215550000, "ebitdaratio": 0.1537867718, "operatingIncome": 180032000, "operatingIncomeRatio": 0.1284460223, "totalOtherIncomeExpensesNet": 1000, "incomeBeforeTax": 163359000, "incomeBeforeTaxRatio": 0.1165504675, "incomeTaxExpense": 48304000, "netIncome": 115055000, "netIncomeRatio": 0.0820873906, "eps": 1.21, "epsdiluted": 1.2, "weightedAverageShsOut": 94998000, "weightedAverageShsOutDil": 95954000, "link": "https://www.sec.gov/Archives/edgar/data/943452/000119312510038499/0001193125-10-038499-index.htm", "finalLink": "https://www.sec.gov/Archives/edgar/data/943452/000119312510038499/d10k.htm", "calculatedOtherExpenses": 9849000, "calculatedOperatingExpenses": 213294000, "calculatedNetInterest": 16674000, "calculatedOtherIncome": -33347000, "calculatedIncomeNonControlling": 0, "calculatedEbitda": 215551000}, {"date": "2008-12-31", "symbol": "WAB", "reportedCurrency": "USD", "cik": "0000943452", "fillingDate": "2009-02-27", "acceptedDate": "2009-02-27 12:19:41", "calendarYear": "2008", "period": "FY", "revenue": 1574749000, "costOfRevenue": 1147563000, "grossProfit": 427186000, "grossProfitRatio": 0.2712724377, "researchAndDevelopmentExpenses": 38981000, "generalAndAdministrativeExpenses": 0, "sellingAndMarketingExpenses": 0, "sellingGeneralAndAdministrativeExpenses": 170597000, "otherExpenses": 5092000, "operatingExpenses": 214670000, "costAndExpenses": 1362233000, "interestIncome": 0, "interestExpense": -8508000, "depreciationAndAmortization": 29826000, "ebitda": 242050000, "ebitdaratio": 0.1537070352, "operatingIncome": 212516000, "operatingIncomeRatio": 0.1349523003, "totalOtherIncomeExpensesNet": 292000, "incomeBeforeTax": 204300000, "incomeBeforeTaxRatio": 0.1297349609, "incomeTaxExpense": 73746000, "netIncome": 130551000, "netIncomeRatio": 0.0829027356, "eps": 1.35, "epsdiluted": 1.33, "weightedAverageShsOut": 96464000, "weightedAverageShsOutDil": 97694000, "link": "https://www.sec.gov/Archives/edgar/data/943452/000119312509040484/0001193125-09-040484-index.htm", "finalLink": "https://www.sec.gov/Archives/edgar/data/943452/000119312509040484/d10k.htm", "calculatedOtherExpenses": 5092000, "calculatedOperatingExpenses": 214670000, "calculatedNetInterest": 8508000, "calculatedOtherIncome": -16724000, "calculatedIncomeNonControlling": 3000, "calculatedEbitda": 242342000}, {"date": "2007-12-31", "symbol": "WAB", "reportedCurrency": "USD", "cik": "0000943452", "fillingDate": "2008-02-29", "acceptedDate": "2008-02-29 14:01:14", "calendarYear": "2007", "period": "FY", "revenue": 1360088000, "costOfRevenue": 990469000, "grossProfit": 369619000, "grossProfitRatio": 0.2717610919, "researchAndDevelopmentExpenses": 37434000, "generalAndAdministrativeExpenses": 0, "sellingAndMarketingExpenses": 0, "sellingGeneralAndAdministrativeExpenses": 148437000, "otherExpenses": 4007000, "operatingExpenses": 189878000, "costAndExpenses": 1180347000, "interestIncome": 0, "interestExpense": -3637000, "depreciationAndAmortization": 29140000, "ebitda": 212531000, "ebitdaratio": 0.156262683, "operatingIncome": 179741000, "operatingIncomeRatio": 0.1321539489, "totalOtherIncomeExpensesNet": -3650000, "incomeBeforeTax": 172454000, "incomeBeforeTaxRatio": 0.1267962073, "incomeTaxExpense": 63067000, "netIncome": 109570000, "netIncomeRatio": 0.0805609637, "eps": 1.13, "epsdiluted": 1.12, "weightedAverageShsOut": 97060000, "weightedAverageShsOutDil": 98282000, "link": "https://www.sec.gov/Archives/edgar/data/943452/000119312508043352/0001193125-08-043352-index.htm", "finalLink": "https://www.sec.gov/Archives/edgar/data/943452/000119312508043352/d10k.htm", "calculatedOtherExpenses": 4007000, "calculatedOperatingExpenses": 189878000, "calculatedNetInterest": 3637000, "calculatedOtherIncome": -10924000, "calculatedIncomeNonControlling": -183000, "calculatedEbitda": 208881000}, {"date": "2006-12-31", "symbol": "WAB", "reportedCurrency": "USD", "cik": "0000943452", "fillingDate": "2007-03-01", "acceptedDate": "2007-03-01 08:48:24", "calendarYear": "2006", "period": "FY", "revenue": 1087620000, "costOfRevenue": 790843000, "grossProfit": 296777000, "grossProfitRatio": 0.2728682812, "researchAndDevelopmentExpenses": 32701000, "generalAndAdministrativeExpenses": 0, "sellingAndMarketingExpenses": 0, "sellingGeneralAndAdministrativeExpenses": 130294000, "otherExpenses": 4222000, "operatingExpenses": 167217000, "costAndExpenses": 958060000, "interestIncome": 0, "interestExpense": -1586000, "depreciationAndAmortization": 25894000, "ebitda": 156871000, "ebitdaratio": 0.14423328, "operatingIncome": 129560000, "operatingIncomeRatio": 0.1191224876, "totalOtherIncomeExpensesNet": -1417000, "incomeBeforeTax": 126557000, "incomeBeforeTaxRatio": 0.116361413, "incomeTaxExpense": 40063000, "netIncome": 84804000, "netIncomeRatio": 0.0779720858, "eps": 0.88, "epsdiluted": 0.87, "weightedAverageShsOut": 96644000, "weightedAverageShsOutDil": 98216000, "link": "https://www.sec.gov/Archives/edgar/data/943452/000119312507043570/0001193125-07-043570-index.htm", "finalLink": "https://www.sec.gov/Archives/edgar/data/943452/000119312507043570/d10k.htm", "calculatedOtherExpenses": 4222000, "calculatedOperatingExpenses": 167217000, "calculatedNetInterest": 1586000, "calculatedOtherIncome": -4589000, "calculatedIncomeNonControlling": 1690000, "calculatedEbitda": 155454000}, {"date": "2005-12-31", "symbol": "WAB", "reportedCurrency": "USD", "cik": "0000943452", "fillingDate": "2006-03-16", "acceptedDate": "2006-03-16 16:52:41", "calendarYear": "2005", "period": "FY", "revenue": 1034024000, "costOfRevenue": 774378000, "grossProfit": 259646000, "grossProfitRatio": 0.2511024889, "researchAndDevelopmentExpenses": 0, "generalAndAdministrativeExpenses": 0, "sellingAndMarketingExpenses": 0, "sellingGeneralAndAdministrativeExpenses": 154458000, "otherExpenses": 3931000, "operatingExpenses": 158389000, "costAndExpenses": 932767000, "interestIncome": 0, "interestExpense": -8686000, "depreciationAndAmortization": 25670000, "ebitda": 129982000, "ebitdaratio": 0.1257050126, "operatingIncome": 101257000, "operatingIncomeRatio": 0.0979251932, "totalOtherIncomeExpensesNet": -3055000, "incomeBeforeTax": 89516000, "incomeBeforeTaxRatio": 0.0865705245, "incomeTaxExpense": 31831000, "netIncome": 55776000, "netIncomeRatio": 0.0539407209, "eps": 0.6, "epsdiluted": 0.59, "weightedAverageShsOut": 93690000, "weightedAverageShsOutDil": 95190000, "link": "https://www.sec.gov/Archives/edgar/data/943452/000119312506056807/0001193125-06-056807-index.htm", "finalLink": "https://www.sec.gov/Archives/edgar/data/943452/000119312506056807/d10k.htm", "calculatedOtherExpenses": 3931000, "calculatedOperatingExpenses": 158389000, "calculatedNetInterest": 8686000, "calculatedOtherIncome": -20427000, "calculatedIncomeNonControlling": 1909000, "calculatedEbitda": 126927000}, {"date": "2004-12-31", "symbol": "WAB", "reportedCurrency": "USD", "cik": "0000943452", "fillingDate": "2005-03-16", "acceptedDate": "2005-03-16 14:59:01", "calendarYear": "2004", "period": "FY", "revenue": 822018000, "costOfRevenue": 616854000, "grossProfit": 205164000, "grossProfitRatio": 0.2495857755, "researchAndDevelopmentExpenses": 0, "generalAndAdministrativeExpenses": 0, "sellingAndMarketingExpenses": 0, "sellingGeneralAndAdministrativeExpenses": 146416000, "otherExpenses": 3343000, "operatingExpenses": 149759000, "costAndExpenses": 766613000, "interestIncome": 0, "interestExpense": -11528000, "depreciationAndAmortization": 26112000, "ebitda": 82537000, "ebitdaratio": 0.100407777, "operatingIncome": 55405000, "operatingIncomeRatio": 0.0674012005, "totalOtherIncomeExpensesNet": -1020000, "incomeBeforeTax": 42857000, "incomeBeforeTaxRatio": 0.0521363279, "incomeTaxExpense": 10761000, "netIncome": 32445000, "netIncomeRatio": 0.0394699386, "eps": 0.36, "epsdiluted": 0.36, "weightedAverageShsOut": 89986000, "weightedAverageShsOutDil": 91574000, "link": "https://www.sec.gov/Archives/edgar/data/943452/000119312505052564/0001193125-05-052564-index.htm", "finalLink": "https://www.sec.gov/Archives/edgar/data/943452/000119312505052564/d10k.htm", "calculatedOtherExpenses": 3343000, "calculatedOperatingExpenses": 149759000, "calculatedNetInterest": 11528000, "calculatedOtherIncome": -24076000, "calculatedIncomeNonControlling": -349000, "calculatedEbitda": 81517000}, {"date": "2003-12-31", "symbol": "WAB", "reportedCurrency": "USD", "cik": "0000943452", "fillingDate": "2004-03-15", "acceptedDate": "2004-03-15 13:26:21", "calendarYear": "2003", "period": "FY", "revenue": 717924000, "costOfRevenue": 528474000, "grossProfit": 189450000, "grossProfitRatio": 0.2638858709, "researchAndDevelopmentExpenses": 0, "generalAndAdministrativeExpenses": 0, "sellingAndMarketingExpenses": 0, "sellingGeneralAndAdministrativeExpenses": 133432000, "otherExpenses": 4309000, "operatingExpenses": 137741000, "costAndExpenses": 666215000, "interestIncome": 0, "interestExpense": -10377000, "depreciationAndAmortization": 25284000, "ebitda": 83283000, "ebitdaratio": 0.1160053153, "operatingIncome": 51709000, "operatingIncomeRatio": 0.0720257297, "totalOtherIncomeExpensesNet": -6290000, "incomeBeforeTax": 35042000, "incomeBeforeTaxRatio": 0.0488101805, "incomeTaxExpense": 12790000, "netIncome": 22703000, "netIncomeRatio": 0.0316231245, "eps": 0.26, "epsdiluted": 0.26, "weightedAverageShsOut": 87076000, "weightedAverageShsOutDil": 87948000, "link": "https://www.sec.gov/Archives/edgar/data/943452/000119312504041920/0001193125-04-041920-index.htm", "finalLink": "https://www.sec.gov/Archives/edgar/data/943452/000119312504041920/d10k.htm", "calculatedOtherExpenses": 4309000, "calculatedOperatingExpenses": 137741000, "calculatedNetInterest": 10377000, "calculatedOtherIncome": -27044000, "calculatedIncomeNonControlling": -451000, "calculatedEbitda": 76993000}, {"date": "2002-12-31", "symbol": "WAB", "reportedCurrency": "USD", "cik": "0000943452", "fillingDate": "2003-03-31", "acceptedDate": "2003-03-31 15:07:43", "calendarYear": "2002", "period": "FY", "revenue": 696195000, "costOfRevenue": 516724000, "grossProfit": 179471000, "grossProfitRatio": 0.257788407, "researchAndDevelopmentExpenses": 0, "generalAndAdministrativeExpenses": 0, "sellingAndMarketingExpenses": 0, "sellingGeneralAndAdministrativeExpenses": 126615000, "otherExpenses": 5322000, "operatingExpenses": 131937000, "costAndExpenses": 648661000, "interestIncome": 0, "interestExpense": 0, "depreciationAndAmortization": 25513000, "ebitda": 78605000, "ebitdaratio": 0.1129065851, "operatingIncome": 47534000, "operatingIncomeRatio": 0.0682768477, "totalOtherIncomeExpensesNet": -5558000, "incomeBeforeTax": 25755000, "incomeBeforeTaxRatio": 0.0369939457, "incomeTaxExpense": 8242000, "netIncome": -45449000, "netIncomeRatio": -0.0652819971, "eps": -0.52, "epsdiluted": -0.52, "weightedAverageShsOut": 86582000, "weightedAverageShsOutDil": 87234000, "link": "https://www.sec.gov/Archives/edgar/data/943452/000095012803000469/0000950128-03-000469-index.htm", "finalLink": "https://www.sec.gov/Archives/edgar/data/943452/000095012803000469/j9924801e10vk.txt", "calculatedOtherExpenses": 5322000, "calculatedOperatingExpenses": 131937000, "calculatedNetInterest": 0, "calculatedOtherIncome": -21779000, "calculatedIncomeNonControlling": 62962000, "calculatedEbitda": 73047000}, {"date": "2001-12-31", "symbol": "WAB", "reportedCurrency": "USD", "cik": "0000943452", "fillingDate": "2002-04-01", "acceptedDate": "2002-04-01 00:00:00", "calendarYear": "2001", "period": "FY", "revenue": 783698000, "costOfRevenue": 573772000, "grossProfit": 209926000, "grossProfitRatio": 0.2678659382, "researchAndDevelopmentExpenses": 0, "generalAndAdministrativeExpenses": 129879000, "sellingAndMarketingExpenses": 0, "sellingGeneralAndAdministrativeExpenses": 129879000, "otherExpenses": 22266000, "operatingExpenses": 152145000, "costAndExpenses": 725917000, "interestIncome": 0, "interestExpense": 0, "depreciationAndAmortization": 33061000, "ebitda": 105948000, "ebitdaratio": 0.1351898308, "operatingIncome": 54058000, "operatingIncomeRatio": 0.0689781013, "totalOtherIncomeExpensesNet": -15106000, "incomeBeforeTax": 18427000, "incomeBeforeTaxRatio": 0.0235128838, "incomeTaxExpense": 4465000, "netIncome": 61780000, "netIncomeRatio": 0.0788313866, "eps": 0.72, "epsdiluted": 0.72, "weightedAverageShsOut": 85898000, "weightedAverageShsOutDil": 86396000, "link": "https://www.sec.gov/Archives/edgar/data/943452/000095012802000341/0000950128-02-000341-index.htm", "finalLink": "https://www.sec.gov/Archives/edgar/data/943452/000095012802000341/j9354401e10-k.txt", "calculatedOtherExpenses": 25989000, "calculatedOperatingExpenses": 155868000, "calculatedNetInterest": 0, "calculatedOtherIncome": -35631000, "calculatedIncomeNonControlling": -47818000, "calculatedEbitda": 87119000}, {"date": "2000-12-30", "symbol": "WAB", "reportedCurrency": "USD", "cik": "0000943452", "fillingDate": "2001-03-28", "acceptedDate": "2001-03-28 00:00:00", "calendarYear": "2000", "period": "FY", "revenue": 1027976000, "costOfRevenue": 723157000, "grossProfit": 304819000, "grossProfitRatio": 0.2965234597, "researchAndDevelopmentExpenses": 0, "generalAndAdministrativeExpenses": 146535000, "sellingAndMarketingExpenses": 0, "sellingGeneralAndAdministrativeExpenses": 146535000, "otherExpenses": 41662000, "operatingExpenses": 188197000, "costAndExpenses": 911354000, "interestIncome": 0, "interestExpense": 0, "depreciationAndAmortization": 41662000, "ebitda": 181806000, "ebitdaratio": 0.1768582146, "operatingIncome": 116622000, "operatingIncomeRatio": 0.1134481739, "totalOtherIncomeExpensesNet": -23522000, "incomeBeforeTax": 47595000, "incomeBeforeTaxRatio": 0.0462997191, "incomeTaxExpense": 22202000, "netIncome": 25393000, "netIncomeRatio": 0.0247019386, "eps": 0.3, "epsdiluted": 0.3, "weightedAverageShsOut": 86636000, "weightedAverageShsOutDil": 86764000, "link": "https://www.sec.gov/Archives/edgar/data/943452/000095012801000547/0000950128-01-000547-index.htm", "finalLink": "https://www.sec.gov/Archives/edgar/data/943452/000095012801000547/j8723501e10-k.txt", "calculatedOtherExpenses": 41662000, "calculatedOperatingExpenses": 188197000, "calculatedNetInterest": 0, "calculatedOtherIncome": -69027000, "calculatedIncomeNonControlling": 0, "calculatedEbitda": 158284000}, {"date": "1999-12-31", "symbol": "WAB", "reportedCurrency": "USD", "cik": "0000943452", "fillingDate": "2000-03-28", "acceptedDate": "2000-03-28 00:00:00", "calendarYear": "1999", "period": "FY", "revenue": 1121068000, "costOfRevenue": 762283000, "grossProfit": 358785000, "grossProfitRatio": 0.3200385704, "researchAndDevelopmentExpenses": 0, "generalAndAdministrativeExpenses": 156514000, "sellingAndMarketingExpenses": 0, "sellingGeneralAndAdministrativeExpenses": 156514000, "otherExpenses": 42614000, "operatingExpenses": 199128000, "costAndExpenses": 961411000, "interestIncome": 0, "interestExpense": 0, "depreciationAndAmortization": 42614000, "ebitda": 246009000, "ebitdaratio": 0.2194416396, "operatingIncome": 159657000, "operatingIncomeRatio": 0.1424150899, "totalOtherIncomeExpensesNet": -43738000, "incomeBeforeTax": 71499000, "incomeBeforeTaxRatio": 0.0637775764, "incomeTaxExpense": 33557000, "netIncome": 36623000, "netIncomeRatio": 0.0326679559, "eps": 0.36, "epsdiluted": 0.36, "weightedAverageShsOut": 50810811, "weightedAverageShsOutDil": 88248193, "link": "https://www.sec.gov/Archives/edgar/data/943452/000095012800000591/0000950128-00-000591-index.html", "finalLink": "https://www.sec.gov/Archives/edgar/data/943452/000095012800000591/", "calculatedOtherExpenses": 42614000, "calculatedOperatingExpenses": 199128000, "calculatedNetInterest": 0, "calculatedOtherIncome": -88158000, "calculatedIncomeNonControlling": 1319000, "calculatedEbitda": 202271000}, {"date": "1998-12-31", "symbol": "WAB", "reportedCurrency": "USD", "cik": "0000943452", "fillingDate": "1999-03-25", "acceptedDate": "1999-03-25 00:00:00", "calendarYear": "1998", "period": "FY", "revenue": 670900000, "costOfRevenue": 434500000, "grossProfit": 236400000, "grossProfitRatio": 0.3523624981, "researchAndDevelopmentExpenses": 0, "generalAndAdministrativeExpenses": 106400000, "sellingAndMarketingExpenses": 0, "sellingGeneralAndAdministrativeExpenses": 106400000, "otherExpenses": 25200000, "operatingExpenses": 131600000, "costAndExpenses": 566100000, "interestIncome": 0, "interestExpense": 0, "depreciationAndAmortization": 25200000, "ebitda": 130900000, "ebitdaratio": 0.1951110449, "operatingIncome": 104800000, "operatingIncomeRatio": 0.1562080787, "totalOtherIncomeExpensesNet": -900000, "incomeBeforeTax": 72600000, "incomeBeforeTaxRatio": 0.1082128484, "incomeTaxExpense": 27600000, "netIncome": 41700000, "netIncomeRatio": 0.0621553138, "eps": 1.09, "epsdiluted": 0.84, "weightedAverageShsOut": 50327869, "weightedAverageShsOutDil": 51596639, "link": "https://www.sec.gov/Archives/edgar/data/943452/000095012899000611/0000950128-99-000611-index.html", "finalLink": "https://www.sec.gov/Archives/edgar/data/943452/", "calculatedOtherExpenses": 25200000, "calculatedOperatingExpenses": 131600000, "calculatedNetInterest": 0, "calculatedOtherIncome": -32200000, "calculatedIncomeNonControlling": 3300000, "calculatedEbitda": 130000000}, {"date": "1997-12-31", "symbol": "WAB", "reportedCurrency": "USD", "cik": "0000943452", "fillingDate": "1998-03-20", "acceptedDate": "1998-03-20 00:00:00", "calendarYear": "1997", "period": "FY", "revenue": 564400000, "costOfRevenue": 361900000, "grossProfit": 202500000, "grossProfitRatio": 0.3587880936, "researchAndDevelopmentExpenses": 0, "generalAndAdministrativeExpenses": 87800000, "sellingAndMarketingExpenses": 0, "sellingGeneralAndAdministrativeExpenses": 87800000, "otherExpenses": 24600000, "operatingExpenses": 112400000, "costAndExpenses": 474300000, "interestIncome": 0, "interestExpense": 0, "depreciationAndAmortization": 24600000, "ebitda": 114500000, "ebitdaratio": 0.2028703047, "operatingIncome": 90100000, "operatingIncomeRatio": 0.1596385542, "totalOtherIncomeExpensesNet": 200000, "incomeBeforeTax": 60600000, "incomeBeforeTaxRatio": 0.1073706591, "incomeTaxExpense": 23300000, "netIncome": 37300000, "netIncomeRatio": 0.0660878809, "eps": 0.67, "epsdiluted": 0.65, "weightedAverageShsOut": 86466165, "weightedAverageShsOutDil": 86466165, "link": "https://www.sec.gov/Archives/edgar/data/943452/000095012898000645/0000950128-98-000645-index.html", "finalLink": "https://www.sec.gov/Archives/edgar/data/943452/", "calculatedOtherExpenses": 24600000, "calculatedOperatingExpenses": 112400000, "calculatedNetInterest": 0, "calculatedOtherIncome": -29500000, "calculatedIncomeNonControlling": 0, "calculatedEbitda": 114700000}, {"date": "1996-12-31", "symbol": "WAB", "reportedCurrency": "USD", "cik": "0000943452", "fillingDate": "1997-03-26", "acceptedDate": "1997-03-26 00:00:00", "calendarYear": "1996", "period": "FY", "revenue": 453500000, "costOfRevenue": 285900000, "grossProfit": 167600000, "grossProfitRatio": 0.369570011, "researchAndDevelopmentExpenses": 18200000, "generalAndAdministrativeExpenses": 48000000, "sellingAndMarketingExpenses": 0, "sellingGeneralAndAdministrativeExpenses": 48000000, "otherExpenses": 22200000, "operatingExpenses": 88400000, "costAndExpenses": 374300000, "interestIncome": 0, "interestExpense": 0, "depreciationAndAmortization": 22200000, "ebitda": 100800000, "ebitdaratio": 0.2222712238, "operatingIncome": 79200000, "operatingIncomeRatio": 0.1746416759, "totalOtherIncomeExpensesNet": 600000, "incomeBeforeTax": 53600000, "incomeBeforeTaxRatio": 0.1181918412, "incomeTaxExpense": 20900000, "netIncome": 32700000, "netIncomeRatio": 0.0721058434, "eps": 0.57, "epsdiluted": 0.57, "weightedAverageShsOut": 56869565, "weightedAverageShsOutDil": 56869565, "link": "https://www.sec.gov/Archives/edgar/data/943452/000095012897000656/0000950128-97-000656-index.html", "finalLink": "https://www.sec.gov/Archives/edgar/data/943452/", "calculatedOtherExpenses": 22200000, "calculatedOperatingExpenses": 88400000, "calculatedNetInterest": 0, "calculatedOtherIncome": -25600000, "calculatedIncomeNonControlling": 0, "calculatedEbitda": 101400000}, {"date": "1995-12-31", "symbol": "WAB", "reportedCurrency": "USD", "cik": "0000943452", "fillingDate": "1995-12-31", "acceptedDate": "1995-12-30 19:00:00", "calendarYear": "1995", "period": "FY", "revenue": 425000000, "costOfRevenue": 260500000, "grossProfit": 164500000, "grossProfitRatio": 0.3870588235, "researchAndDevelopmentExpenses": 14600000, "generalAndAdministrativeExpenses": 0, "sellingAndMarketingExpenses": 0, "sellingGeneralAndAdministrativeExpenses": 35800000, "otherExpenses": 18600000, "operatingExpenses": 69000000, "costAndExpenses": 329500000, "interestIncome": 0, "interestExpense": 0, "depreciationAndAmortization": 18600000, "ebitda": 120100000, "ebitdaratio": 0.2825882353, "operatingIncome": 95500000, "operatingIncomeRatio": 0.2247058824, "totalOtherIncomeExpensesNet": -6000000, "incomeBeforeTax": 58500000, "incomeBeforeTaxRatio": 0.1376470588, "incomeTaxExpense": 23400000, "netIncome": 33700000, "netIncomeRatio": 0.0792941176, "eps": 0.64, "epsdiluted": 0.64, "weightedAverageShsOut": 53070866, "weightedAverageShsOutDil": 53070866, "link": "", "finalLink": "", "calculatedOtherExpenses": 18600000, "calculatedOperatingExpenses": 69000000, "calculatedNetInterest": 0, "calculatedOtherIncome": -37000000, "calculatedIncomeNonControlling": 1400000, "calculatedEbitda": 114100000}, {"date": "1994-12-31", "symbol": "WAB", "reportedCurrency": "USD", "cik": "0000943452", "fillingDate": "1994-12-31", "acceptedDate": "1994-12-30 19:00:00", "calendarYear": "1994", "period": "FY", "revenue": 347500000, "costOfRevenue": 213400000, "grossProfit": 134100000, "grossProfitRatio": 0.3858992806, "researchAndDevelopmentExpenses": 0, "generalAndAdministrativeExpenses": 0, "sellingAndMarketingExpenses": 0, "sellingGeneralAndAdministrativeExpenses": 28800000, "otherExpenses": 16100000, "operatingExpenses": 44900000, "costAndExpenses": 258300000, "interestIncome": 0, "interestExpense": 0, "depreciationAndAmortization": 16100000, "ebitda": 121100000, "ebitdaratio": 0.3484892086, "operatingIncome": 89200000, "operatingIncomeRatio": 0.2566906475, "totalOtherIncomeExpensesNet": -15800000, "incomeBeforeTax": 62400000, "incomeBeforeTaxRatio": 0.1795683453, "incomeTaxExpense": 25600000, "netIncome": 36800000, "netIncomeRatio": 0.1058992806, "eps": 0.46, "epsdiluted": 0.46, "weightedAverageShsOut": 80000000, "weightedAverageShsOutDil": 80000000, "link": "", "finalLink": "", "calculatedOtherExpenses": 16100000, "calculatedOperatingExpenses": 44900000, "calculatedNetInterest": 0, "calculatedOtherIncome": -26800000, "calculatedIncomeNonControlling": 0, "calculatedEbitda": 105300000}, {"date": "1993-12-31", "symbol": "WAB", "reportedCurrency": "USD", "cik": "0000943452", "fillingDate": "1993-12-31", "acceptedDate": "1993-12-30 19:00:00", "calendarYear": "1993", "period": "FY", "revenue": 285300000, "costOfRevenue": 180100000, "grossProfit": 105200000, "grossProfitRatio": 0.3687346653, "researchAndDevelopmentExpenses": 0, "generalAndAdministrativeExpenses": 0, "sellingAndMarketingExpenses": 0, "sellingGeneralAndAdministrativeExpenses": 27100000, "otherExpenses": 15800000, "operatingExpenses": 42900000, "costAndExpenses": 223000000, "interestIncome": 0, "interestExpense": 0, "depreciationAndAmortization": 15800000, "ebitda": 87500000, "ebitdaratio": 0.3066947073, "operatingIncome": 62300000, "operatingIncomeRatio": 0.2183666316, "totalOtherIncomeExpensesNet": -9400000, "incomeBeforeTax": 39500000, "incomeBeforeTaxRatio": 0.1384507536, "incomeTaxExpense": 13400000, "netIncome": 28100000, "netIncomeRatio": 0.0984928146, "eps": 0.35, "epsdiluted": 0.35, "weightedAverageShsOut": 80285714, "weightedAverageShsOutDil": 80285714, "link": "", "finalLink": "", "calculatedOtherExpenses": 15800000, "calculatedOperatingExpenses": 42900000, "calculatedNetInterest": 0, "calculatedOtherIncome": -22800000, "calculatedIncomeNonControlling": -2000000, "calculatedEbitda": 78100000}]}