{"originalCurrency": "USD", "convertedCurrency": "USD", "report": [{"date": "2023-09-30", "symbol": "WAFD", "reportedCurrency": "USD", "cik": "0000936528", "fillingDate": "2023-11-17", "acceptedDate": "2023-11-17 17:01:17", "calendarYear": "2023", "period": "FY", "revenue": 742611000, "costOfRevenue": 0, "grossProfit": 742611000, "grossProfitRatio": 1, "researchAndDevelopmentExpenses": 0, "generalAndAdministrativeExpenses": 216559000, "sellingAndMarketingExpenses": 0, "sellingGeneralAndAdministrativeExpenses": 216559000, "otherExpenses": -634094000, "operatingExpenses": -417535000, "costAndExpenses": -417535000, "interestIncome": 1042955000, "interestExpense": 352721000, "depreciationAndAmortization": 22970000, "ebitda": 325076000, "ebitdaratio": 0.4377473536, "operatingIncome": 325076000, "operatingIncomeRatio": 0.4377473536, "totalOtherIncomeExpensesNet": 325076000, "incomeBeforeTax": 325076000, "incomeBeforeTaxRatio": 0.4377473536, "incomeTaxExpense": 67650000, "netIncome": 257426000, "netIncomeRatio": 0.3466498611, "eps": 3.72, "epsdiluted": 3.72, "weightedAverageShsOut": 65192510, "weightedAverageShsOutDil": 65255283, "link": "https://www.sec.gov/Archives/edgar/data/936528/000093652823000207/0000936528-23-000207-index.htm", "finalLink": "https://www.sec.gov/Archives/edgar/data/936528/000093652823000207/wfsl-20230930.htm", "calculatedOtherExpenses": 200976000, "calculatedOperatingExpenses": 417535000, "calculatedNetInterest": 690234000, "calculatedOtherIncome": -690234000, "calculatedIncomeNonControlling": 0, "calculatedEbitda": 348046000}, {"date": "2022-09-30", "symbol": "WAFD", "reportedCurrency": "USD", "cik": "0000936528", "fillingDate": "2022-11-18", "acceptedDate": "2022-11-18 17:06:42", "calendarYear": "2022", "period": "FY", "revenue": 661612000, "costOfRevenue": 0, "grossProfit": 661612000, "grossProfitRatio": 1, "researchAndDevelopmentExpenses": 0, "generalAndAdministrativeExpenses": 203448000, "sellingAndMarketingExpenses": 0, "sellingGeneralAndAdministrativeExpenses": 203448000, "otherExpenses": -579648000, "operatingExpenses": -376200000, "costAndExpenses": -376200000, "interestIncome": 666359000, "interestExpense": 71770000, "depreciationAndAmortization": 64050000, "ebitda": 349462000, "ebitdaratio": 0.5281977957, "operatingIncome": 285412000, "operatingIncomeRatio": 0.4313887898, "totalOtherIncomeExpensesNet": 14625000, "incomeBeforeTax": 300037000, "incomeBeforeTaxRatio": 0.4534938907, "incomeTaxExpense": 63707000, "netIncome": 236330000, "netIncomeRatio": 0.3572033155, "eps": 3.4, "epsdiluted": 3.39, "weightedAverageShsOut": 65287650, "weightedAverageShsOutDil": 65404110, "link": "https://www.sec.gov/Archives/edgar/data/936528/000093652822000143/0000936528-22-000143-index.htm", "finalLink": "https://www.sec.gov/Archives/edgar/data/936528/000093652822000143/wfsl-20220930.htm", "calculatedOtherExpenses": 172752000, "calculatedOperatingExpenses": 376200000, "calculatedNetInterest": 594589000, "calculatedOtherIncome": -579964000, "calculatedIncomeNonControlling": 0, "calculatedEbitda": 349462000}, {"date": "2021-09-30", "symbol": "WAFD", "reportedCurrency": "USD", "cik": "0000936528", "fillingDate": "2021-11-19", "acceptedDate": "2021-11-19 17:10:08", "calendarYear": "2021", "period": "FY", "revenue": 566097000, "costOfRevenue": 0, "grossProfit": 566097000, "grossProfitRatio": 1, "researchAndDevelopmentExpenses": 0, "generalAndAdministrativeExpenses": 190474000, "sellingAndMarketingExpenses": 0, "sellingGeneralAndAdministrativeExpenses": 190474000, "otherExpenses": -523433000, "operatingExpenses": -332959000, "costAndExpenses": -332959000, "interestIncome": 591610000, "interestExpense": 86501000, "depreciationAndAmortization": 33914000, "ebitda": 267052000, "ebitdaratio": 0.4717424752, "operatingIncome": 233138000, "operatingIncomeRatio": 0.4118340143, "totalOtherIncomeExpensesNet": 233138000, "incomeBeforeTax": 233138000, "incomeBeforeTaxRatio": 0.4118340143, "incomeTaxExpense": 49523000, "netIncome": 183615000, "netIncomeRatio": 0.3243525403, "eps": 2.39, "epsdiluted": 2.39, "weightedAverageShsOut": 72529188, "weightedAverageShsOutDil": 72565920, "link": "https://www.sec.gov/Archives/edgar/data/936528/000093652821000122/0000936528-21-000122-index.htm", "finalLink": "https://www.sec.gov/Archives/edgar/data/936528/000093652821000122/wfsl-20210930.htm", "calculatedOtherExpenses": 142485000, "calculatedOperatingExpenses": 332959000, "calculatedNetInterest": 505109000, "calculatedOtherIncome": -505109000, "calculatedIncomeNonControlling": 0, "calculatedEbitda": 267052000}, {"date": "2020-09-30", "symbol": "WAFD", "reportedCurrency": "USD", "cik": "0000936528", "fillingDate": "2020-11-23", "acceptedDate": "2020-11-23 16:57:07", "calendarYear": "2020", "period": "FY", "revenue": 556494000, "costOfRevenue": 0, "grossProfit": 556494000, "grossProfitRatio": 1, "researchAndDevelopmentExpenses": 0, "generalAndAdministrativeExpenses": 158535000, "sellingAndMarketingExpenses": 0, "sellingGeneralAndAdministrativeExpenses": 158535000, "otherExpenses": -495843000, "operatingExpenses": -337308000, "costAndExpenses": -337308000, "interestIncome": 621265000, "interestExpense": 151757000, "depreciationAndAmortization": 39912000, "ebitda": 259098000, "ebitdaratio": 0.4655899255, "operatingIncome": 219186000, "operatingIncomeRatio": 0.3938694757, "totalOtherIncomeExpensesNet": 219186000, "incomeBeforeTax": 219186000, "incomeBeforeTaxRatio": 0.3938694757, "incomeTaxExpense": 45748000, "netIncome": 173438000, "netIncomeRatio": 0.3116619406, "eps": 2.26, "epsdiluted": 2.26, "weightedAverageShsOut": 76721969, "weightedAverageShsOutDil": 76731464, "link": "https://www.sec.gov/Archives/edgar/data/936528/000093652820000045/0000936528-20-000045-index.htm", "finalLink": "https://www.sec.gov/Archives/edgar/data/936528/000093652820000045/wfsl-20200930_d2.htm", "calculatedOtherExpenses": 178773000, "calculatedOperatingExpenses": 337308000, "calculatedNetInterest": 469508000, "calculatedOtherIncome": -469508000, "calculatedIncomeNonControlling": 0, "calculatedEbitda": 259098000}, {"date": "2019-09-30", "symbol": "WAFD", "reportedCurrency": "USD", "cik": "0000936528", "fillingDate": "2019-11-20", "acceptedDate": "2019-11-20 08:39:54", "calendarYear": "2019", "period": "FY", "revenue": 544188000, "costOfRevenue": 0, "grossProfit": 544188000, "grossProfitRatio": 1, "researchAndDevelopmentExpenses": 0, "generalAndAdministrativeExpenses": 143396000, "sellingAndMarketingExpenses": 0, "sellingGeneralAndAdministrativeExpenses": 143396000, "otherExpenses": 33504000, "operatingExpenses": 176900000, "costAndExpenses": 176900000, "interestIncome": 671466000, "interestExpense": 190406000, "depreciationAndAmortization": 31058000, "ebitda": 293833000, "ebitdaratio": 0.5399475916, "operatingIncome": 262775000, "operatingIncomeRatio": 0.4828754034, "totalOtherIncomeExpensesNet": 262774999, "incomeBeforeTax": 262775000, "incomeBeforeTaxRatio": 0.4828754034, "incomeTaxExpense": 52519000, "netIncome": 210256000, "netIncomeRatio": 0.3863664763, "eps": 2.61, "epsdiluted": 2.61, "weightedAverageShsOut": 80471316, "weightedAverageShsOutDil": 80495163, "link": "https://www.sec.gov/Archives/edgar/data/936528/000093652819000052/0000936528-19-000052-index.htm", "finalLink": "https://www.sec.gov/Archives/edgar/data/936528/000093652819000052/wafd930201910k.htm", "calculatedOtherExpenses": 138017000, "calculatedOperatingExpenses": 281413000, "calculatedNetInterest": 481060000, "calculatedOtherIncome": -481060000, "calculatedIncomeNonControlling": 0, "calculatedEbitda": 293833000}, {"date": "2018-09-30", "symbol": "WAFD", "reportedCurrency": "USD", "cik": "0000936528", "fillingDate": "2018-11-20", "acceptedDate": "2018-11-19 20:19:32", "calendarYear": "2018", "period": "FY", "revenue": 516115000, "costOfRevenue": 0, "grossProfit": 516115000, "grossProfitRatio": 1, "researchAndDevelopmentExpenses": 0, "generalAndAdministrativeExpenses": 135146000, "sellingAndMarketingExpenses": 0, "sellingGeneralAndAdministrativeExpenses": 135146000, "otherExpenses": 22920000, "operatingExpenses": 209081000, "costAndExpenses": 209081000, "interestIncome": 607083000, "interestExpense": 134944000, "depreciationAndAmortization": 46735000, "ebitda": 438922000, "ebitdaratio": 0.8504344962, "operatingIncome": 392187000, "operatingIncomeRatio": 0.7598829718, "totalOtherIncomeExpensesNet": -134944000, "incomeBeforeTax": 257243000, "incomeBeforeTaxRatio": 0.4984218633, "incomeTaxExpense": 53393000, "netIncome": 203850000, "netIncomeRatio": 0.3949701132, "eps": 2.4, "epsdiluted": 2.4, "weightedAverageShsOut": 85008040, "weightedAverageShsOutDil": 85109843, "link": "https://www.sec.gov/Archives/edgar/data/936528/000093652818000072/0000936528-18-000072-index.htm", "finalLink": "https://www.sec.gov/Archives/edgar/data/936528/000093652818000072/wafd930201810k.htm", "calculatedOtherExpenses": -11218000, "calculatedOperatingExpenses": 123928000, "calculatedNetInterest": 472139000, "calculatedOtherIncome": -607083000, "calculatedIncomeNonControlling": 0, "calculatedEbitda": 438922000}, {"date": "2017-09-30", "symbol": "WAFD", "reportedCurrency": "USD", "cik": "0000936528", "fillingDate": "2017-11-21", "acceptedDate": "2017-11-20 19:30:43", "calendarYear": "2017", "period": "FY", "revenue": 485635000, "costOfRevenue": 0, "grossProfit": 485635000, "grossProfitRatio": 1, "researchAndDevelopmentExpenses": 0, "generalAndAdministrativeExpenses": 123667000, "sellingAndMarketingExpenses": 0, "sellingGeneralAndAdministrativeExpenses": 123667000, "otherExpenses": 21783000, "operatingExpenses": 145450000, "costAndExpenses": 145450000, "interestIncome": 548918000, "interestExpense": 116992000, "depreciationAndAmortization": 41680000, "ebitda": 414888000, "ebitdaratio": 0.8543206318, "operatingIncome": 373208000, "operatingIncomeRatio": 0.7684948572, "totalOtherIncomeExpensesNet": -116992000, "incomeBeforeTax": 256216000, "incomeBeforeTaxRatio": 0.5275896507, "incomeTaxExpense": 82684000, "netIncome": 173532000, "netIncomeRatio": 0.3573300936, "eps": 1.95, "epsdiluted": 1.94, "weightedAverageShsOut": 88905457, "weightedAverageShsOutDil": 89224207, "link": "https://www.sec.gov/Archives/edgar/data/936528/000093652817000077/0000936528-17-000077-index.htm", "finalLink": "https://www.sec.gov/Archives/edgar/data/936528/000093652817000077/wafd930201710k.htm", "calculatedOtherExpenses": -11240000, "calculatedOperatingExpenses": 112427000, "calculatedNetInterest": 431926000, "calculatedOtherIncome": -548918000, "calculatedIncomeNonControlling": 0, "calculatedEbitda": 414888000}, {"date": "2016-09-30", "symbol": "WAFD", "reportedCurrency": "USD", "cik": "0000936528", "fillingDate": "2016-11-21", "acceptedDate": "2016-11-21 17:22:13", "calendarYear": "2016", "period": "FY", "revenue": 477331000, "costOfRevenue": 0, "grossProfit": 477331000, "grossProfitRatio": 1, "researchAndDevelopmentExpenses": 0, "generalAndAdministrativeExpenses": 124708000, "sellingAndMarketingExpenses": 0, "sellingGeneralAndAdministrativeExpenses": 124708000, "otherExpenses": 19750000, "operatingExpenses": 144458000, "costAndExpenses": 144458000, "interestIncome": 536793000, "interestExpense": 116544000, "depreciationAndAmortization": 22988000, "ebitda": 387666000, "ebitdaratio": 0.8121534114, "operatingIncome": 364678000, "operatingIncomeRatio": 0.7639939581, "totalOtherIncomeExpensesNet": -116544000, "incomeBeforeTax": 248134000, "incomeBeforeTaxRatio": 0.51983634, "incomeTaxExpense": 84085000, "netIncome": 164049000, "netIncomeRatio": 0.3436797526, "eps": 1.79, "epsdiluted": 1.78, "weightedAverageShsOut": 91399038, "weightedAverageShsOutDil": 91912918, "link": "https://www.sec.gov/Archives/edgar/data/936528/000093652816000090/0000936528-16-000090-index.htm", "finalLink": "https://www.sec.gov/Archives/edgar/data/936528/000093652816000090/wafd930201610k.htm", "calculatedOtherExpenses": -12055000, "calculatedOperatingExpenses": 112653000, "calculatedNetInterest": 420249000, "calculatedOtherIncome": -536793000, "calculatedIncomeNonControlling": 0, "calculatedEbitda": 387666000}, {"date": "2015-09-30", "symbol": "WAFD", "reportedCurrency": "USD", "cik": "0000936528", "fillingDate": "2015-12-03", "acceptedDate": "2015-12-03 11:17:50", "calendarYear": "2015", "period": "FY", "revenue": 453904000, "costOfRevenue": 0, "grossProfit": 453904000, "grossProfitRatio": 1, "researchAndDevelopmentExpenses": 0, "generalAndAdministrativeExpenses": 127855000, "sellingAndMarketingExpenses": 0, "sellingGeneralAndAdministrativeExpenses": 127855000, "otherExpenses": 10089000, "operatingExpenses": 137944000, "costAndExpenses": 127390000, "interestIncome": 530553000, "interestExpense": 117072000, "depreciationAndAmortization": 21217000, "ebitda": 387808000, "ebitdaratio": 0.8543833057, "operatingIncome": 366591000, "operatingIncomeRatio": 0.8076399415, "totalOtherIncomeExpensesNet": -117072000, "incomeBeforeTax": 249519000, "incomeBeforeTaxRatio": 0.5497175614, "incomeTaxExpense": 89203000, "netIncome": 160316000, "netIncomeRatio": 0.3531936268, "eps": 1.68, "epsdiluted": 1.67, "weightedAverageShsOut": 95644639, "weightedAverageShsOutDil": 96053959, "link": "https://www.sec.gov/Archives/edgar/data/936528/000093652815000039/0000936528-15-000039-index.htm", "finalLink": "https://www.sec.gov/Archives/edgar/data/936528/000093652815000039/wafd930201510k.htm", "calculatedOtherExpenses": -40542000, "calculatedOperatingExpenses": 87313000, "calculatedNetInterest": 413481000, "calculatedOtherIncome": -530553000, "calculatedIncomeNonControlling": 0, "calculatedEbitda": 387808000}, {"date": "2014-09-30", "symbol": "WAFD", "reportedCurrency": "USD", "cik": "0000936528", "fillingDate": "2014-11-26", "acceptedDate": "2014-11-25 20:57:47", "calendarYear": "2014", "period": "FY", "revenue": 436279000, "costOfRevenue": 0, "grossProfit": 436279000, "grossProfitRatio": 1, "researchAndDevelopmentExpenses": 0, "generalAndAdministrativeExpenses": 120739000, "sellingAndMarketingExpenses": 0, "sellingGeneralAndAdministrativeExpenses": 120739000, "otherExpenses": 8647000, "operatingExpenses": 129386000, "costAndExpenses": 129386000, "interestIncome": 533697000, "interestExpense": 128077000, "depreciationAndAmortization": 17347000, "ebitda": 390352000, "ebitdaratio": 0.894730207, "operatingIncome": 373005000, "operatingIncomeRatio": 0.8549689534, "totalOtherIncomeExpensesNet": -128077000, "incomeBeforeTax": 244928000, "incomeBeforeTaxRatio": 0.561402222, "incomeTaxExpense": 87564000, "netIncome": 157364000, "netIncomeRatio": 0.3606957933, "eps": 1.56, "epsdiluted": 1.55, "weightedAverageShsOut": 101154030, "weightedAverageShsOutDil": 101590351, "link": "https://www.sec.gov/Archives/edgar/data/936528/000093652814000037/0000936528-14-000037-index.htm", "finalLink": "https://www.sec.gov/Archives/edgar/data/936528/000093652814000037/wafd930201410k.htm", "calculatedOtherExpenses": -57465000, "calculatedOperatingExpenses": 63274000, "calculatedNetInterest": 405620000, "calculatedOtherIncome": -533697000, "calculatedIncomeNonControlling": 0, "calculatedEbitda": 390352000}, {"date": "2013-09-30", "symbol": "WAFD", "reportedCurrency": "USD", "cik": "0000936528", "fillingDate": "2013-11-26", "acceptedDate": "2013-11-26 17:04:56", "calendarYear": "2013", "period": "FY", "revenue": 402065000, "costOfRevenue": -3845000, "grossProfit": 405910000, "grossProfitRatio": 1.0095631303, "researchAndDevelopmentExpenses": 0, "generalAndAdministrativeExpenses": 103029000, "sellingAndMarketingExpenses": 0, "sellingGeneralAndAdministrativeExpenses": 103029000, "otherExpenses": 21933000, "operatingExpenses": 124962000, "costAndExpenses": 121117000, "interestIncome": 516291000, "interestExpense": 136159000, "depreciationAndAmortization": 8707000, "ebitda": 379482000, "ebitdaratio": 0.9438324649, "operatingIncome": 370775000, "operatingIncomeRatio": 0.9221767625, "totalOtherIncomeExpensesNet": -136159000, "incomeBeforeTax": 234616000, "incomeBeforeTaxRatio": 0.5835275391, "incomeTaxExpense": 83111000, "netIncome": 151505000, "netIncomeRatio": 0.3768171813, "eps": 1.45, "epsdiluted": 1.45, "weightedAverageShsOut": 104684812, "weightedAverageShsOutDil": 104837470, "link": "https://www.sec.gov/Archives/edgar/data/936528/000093652813000028/0000936528-13-000028-index.htm", "finalLink": "https://www.sec.gov/Archives/edgar/data/936528/000093652813000028/wafd930201310k.htm", "calculatedOtherExpenses": -67894000, "calculatedOperatingExpenses": 35135000, "calculatedNetInterest": 380132000, "calculatedOtherIncome": -516291000, "calculatedIncomeNonControlling": 0, "calculatedEbitda": 379482000}, {"date": "2012-09-30", "symbol": "WAFD", "reportedCurrency": "USD", "cik": "0000936528", "fillingDate": "2012-11-21", "acceptedDate": "2012-11-21 12:46:35", "calendarYear": "2012", "period": "FY", "revenue": 413539000, "costOfRevenue": 0, "grossProfit": 413539000, "grossProfitRatio": 1, "researchAndDevelopmentExpenses": 0, "generalAndAdministrativeExpenses": 93721000, "sellingAndMarketingExpenses": 0, "sellingGeneralAndAdministrativeExpenses": 93721000, "otherExpenses": -98100000, "operatingExpenses": -4379000, "costAndExpenses": -4379000, "interestIncome": 590271000, "interestExpense": 193249000, "depreciationAndAmortization": 7587000, "ebitda": 416747000, "ebitdaratio": 1.0077574304, "operatingIncome": 409160000, "operatingIncomeRatio": 0.9894109141, "totalOtherIncomeExpensesNet": -193249000, "incomeBeforeTax": 215911000, "incomeBeforeTaxRatio": 0.522105533, "incomeTaxExpense": 77728000, "netIncome": 138183000, "netIncomeRatio": 0.3341474444, "eps": 1.29, "epsdiluted": 1.29, "weightedAverageShsOut": 107108703, "weightedAverageShsOutDil": 107149240, "link": "https://www.sec.gov/Archives/edgar/data/936528/000093652812000053/0000936528-12-000053-index.htm", "finalLink": "https://www.sec.gov/Archives/edgar/data/936528/000093652812000053/wafd930201210k.htm", "calculatedOtherExpenses": -89342000, "calculatedOperatingExpenses": 4379000, "calculatedNetInterest": 397022000, "calculatedOtherIncome": -590271000, "calculatedIncomeNonControlling": 0, "calculatedEbitda": 416747000}, {"date": "2011-09-30", "symbol": "WAFD", "reportedCurrency": "USD", "cik": "0000936528", "fillingDate": "2011-11-18", "acceptedDate": "2011-11-18 17:30:53", "calendarYear": "2011", "period": "FY", "revenue": 442872000, "costOfRevenue": 0, "grossProfit": 442872000, "grossProfitRatio": 1, "researchAndDevelopmentExpenses": 0, "generalAndAdministrativeExpenses": 92616000, "sellingAndMarketingExpenses": 0, "sellingGeneralAndAdministrativeExpenses": 92616000, "otherExpenses": -134133000, "operatingExpenses": -41517000, "costAndExpenses": -41517000, "interestIncome": 644635000, "interestExpense": 227696000, "depreciationAndAmortization": 6667000, "ebitda": 408022000, "ebitdaratio": 0.9213090916, "operatingIncome": 401355000, "operatingIncomeRatio": 0.9062550805, "totalOtherIncomeExpensesNet": -227696000, "incomeBeforeTax": 173659000, "incomeBeforeTaxRatio": 0.3921200708, "incomeTaxExpense": 62518000, "netIncome": 111141000, "netIncomeRatio": 0.2509551292, "eps": 1, "epsdiluted": 1, "weightedAverageShsOut": 111383877, "weightedAverageShsOutDil": 111460106, "link": "https://www.sec.gov/Archives/edgar/data/936528/000120083611000020/0001200836-11-000020-index.htm", "finalLink": "https://www.sec.gov/Archives/edgar/data/936528/000120083611000020/wfsl930201110k.htm", "calculatedOtherExpenses": -51099000, "calculatedOperatingExpenses": 41517000, "calculatedNetInterest": 416939000, "calculatedOtherIncome": -644635000, "calculatedIncomeNonControlling": 0, "calculatedEbitda": 408022000}, {"date": "2010-09-30", "symbol": "WAFD", "reportedCurrency": "USD", "cik": "0000936528", "fillingDate": "2010-11-16", "acceptedDate": "2010-11-16 16:32:25", "calendarYear": "2010", "period": "FY", "revenue": 514889000, "costOfRevenue": 80475000, "grossProfit": 434414000, "grossProfitRatio": 0.843704177, "researchAndDevelopmentExpenses": 0, "generalAndAdministrativeExpenses": 88505000, "sellingAndMarketingExpenses": 0, "sellingGeneralAndAdministrativeExpenses": 88505000, "otherExpenses": -130793000, "operatingExpenses": -42288000, "costAndExpenses": 80475000, "interestIncome": 663560000, "interestExpense": 269101000, "depreciationAndAmortization": 5766000, "ebitda": 397892000, "ebitdaratio": 0.772772384, "operatingIncome": 392126000, "operatingIncomeRatio": 0.7615738538, "totalOtherIncomeExpensesNet": -269101000, "incomeBeforeTax": 123025000, "incomeBeforeTaxRatio": 0.2389349938, "incomeTaxExpense": 4372000, "netIncome": 118653000, "netIncomeRatio": 0.2304438432, "eps": 1.06, "epsdiluted": 1.05, "weightedAverageShsOut": 112438059, "weightedAverageShsOutDil": 112745261, "link": "https://www.sec.gov/Archives/edgar/data/936528/000119312510261986/0001193125-10-261986-index.htm", "finalLink": "https://www.sec.gov/Archives/edgar/data/936528/000119312510261986/d10k.htm", "calculatedOtherExpenses": -46217000, "calculatedOperatingExpenses": 42288000, "calculatedNetInterest": 394459000, "calculatedOtherIncome": -663560000, "calculatedIncomeNonControlling": 0, "calculatedEbitda": 397892000}, {"date": "2009-09-30", "symbol": "WAFD", "reportedCurrency": "USD", "cik": "0000936528", "fillingDate": "2009-11-02", "acceptedDate": "2009-11-02 14:56:07", "calendarYear": "2009", "period": "FY", "revenue": 375802000, "costOfRevenue": 0, "grossProfit": 375802000, "grossProfitRatio": 1, "researchAndDevelopmentExpenses": 0, "generalAndAdministrativeExpenses": 67785000, "sellingAndMarketingExpenses": 0, "sellingGeneralAndAdministrativeExpenses": 67785000, "otherExpenses": -49218000, "operatingExpenses": 18567000, "costAndExpenses": 18567000, "interestIncome": 691774000, "interestExpense": 318627000, "depreciationAndAmortization": 5153000, "ebitda": 399522000, "ebitdaratio": 1.0631183442, "operatingIncome": 394369000, "operatingIncomeRatio": 1.0494063363, "totalOtherIncomeExpensesNet": -318627000, "incomeBeforeTax": 75742000, "incomeBeforeTaxRatio": 0.2015476235, "incomeTaxExpense": 27570000, "netIncome": 48172000, "netIncomeRatio": 0.1281845227, "eps": 0.46, "epsdiluted": 0.46, "weightedAverageShsOut": 88689553, "weightedAverageShsOutDil": 88711694, "link": "https://www.sec.gov/Archives/edgar/data/936528/000119312509220293/0001193125-09-220293-index.htm", "finalLink": "https://www.sec.gov/Archives/edgar/data/936528/000119312509220293/d10k.htm", "calculatedOtherExpenses": -86352000, "calculatedOperatingExpenses": -18567000, "calculatedNetInterest": 373147000, "calculatedOtherIncome": -691774000, "calculatedIncomeNonControlling": 0, "calculatedEbitda": 399522000}, {"date": "2008-09-30", "symbol": "WAFD", "reportedCurrency": "USD", "cik": "0000936528", "fillingDate": "2008-11-28", "acceptedDate": "2008-11-28 16:21:54", "calendarYear": "2008", "period": "FY", "revenue": 332343000, "costOfRevenue": 0, "grossProfit": 332343000, "grossProfitRatio": 1, "researchAndDevelopmentExpenses": 0, "generalAndAdministrativeExpenses": 52832000, "sellingAndMarketingExpenses": 0, "sellingGeneralAndAdministrativeExpenses": 52832000, "otherExpenses": 108305000, "operatingExpenses": 161137000, "costAndExpenses": 161137000, "interestIncome": 701428000, "interestExpense": 397641000, "depreciationAndAmortization": 7232000, "ebitda": 500712000, "ebitdaratio": 1.5066121447, "operatingIncome": 493480000, "operatingIncomeRatio": 1.4848514938, "totalOtherIncomeExpensesNet": -397641000, "incomeBeforeTax": 95839000, "incomeBeforeTaxRatio": 0.2883737584, "incomeTaxExpense": 33507000, "netIncome": 62332000, "netIncomeRatio": 0.1875532206, "eps": 0.71, "epsdiluted": 0.71, "weightedAverageShsOut": 87675978, "weightedAverageShsOutDil": 87818580, "link": "https://www.sec.gov/Archives/edgar/data/936528/000119312508245206/0001193125-08-245206-index.htm", "finalLink": "https://www.sec.gov/Archives/edgar/data/936528/000119312508245206/d10k.htm", "calculatedOtherExpenses": -213969000, "calculatedOperatingExpenses": -161137000, "calculatedNetInterest": 303787000, "calculatedOtherIncome": -701428000, "calculatedIncomeNonControlling": 0, "calculatedEbitda": 500712000}, {"date": "2007-09-30", "symbol": "WAFD", "reportedCurrency": "USD", "cik": "0000936528", "fillingDate": "2007-11-28", "acceptedDate": "2007-11-28 14:34:54", "calendarYear": "2007", "period": "FY", "revenue": 275750000, "costOfRevenue": 0, "grossProfit": 275750000, "grossProfitRatio": 1, "researchAndDevelopmentExpenses": 0, "generalAndAdministrativeExpenses": 43566000, "sellingAndMarketingExpenses": 0, "sellingGeneralAndAdministrativeExpenses": 43566000, "otherExpenses": 248497000, "operatingExpenses": 292063000, "costAndExpenses": 292063000, "interestIncome": 618682000, "interestExpense": 358501000, "depreciationAndAmortization": 3296000, "ebitda": 571109000, "ebitdaratio": 2.0711115141, "operatingIncome": 567813000, "operatingIncomeRatio": 2.0591586582, "totalOtherIncomeExpensesNet": -358501000, "incomeBeforeTax": 209312000, "incomeBeforeTaxRatio": 0.7590643699, "incomeTaxExpense": 74295000, "netIncome": 135017000, "netIncomeRatio": 0.4896355394, "eps": 1.55, "epsdiluted": 1.54, "weightedAverageShsOut": 87357444, "weightedAverageShsOutDil": 87696225, "link": "https://www.sec.gov/Archives/edgar/data/936528/000119312507254817/0001193125-07-254817-index.htm", "finalLink": "https://www.sec.gov/Archives/edgar/data/936528/000119312507254817/d10k.htm", "calculatedOtherExpenses": -335629000, "calculatedOperatingExpenses": -292063000, "calculatedNetInterest": 260181000, "calculatedOtherIncome": -618682000, "calculatedIncomeNonControlling": 0, "calculatedEbitda": 571109000}, {"date": "2006-09-30", "symbol": "WAFD", "reportedCurrency": "USD", "cik": "0000936528", "fillingDate": "2006-11-22", "acceptedDate": "2006-11-22 15:58:17", "calendarYear": "2006", "period": "FY", "revenue": 272774000, "costOfRevenue": 0, "grossProfit": 272774000, "grossProfitRatio": 1, "researchAndDevelopmentExpenses": 0, "generalAndAdministrativeExpenses": 36574000, "sellingAndMarketingExpenses": 0, "sellingGeneralAndAdministrativeExpenses": 36574000, "otherExpenses": 182673000, "operatingExpenses": 219247000, "costAndExpenses": 219247000, "interestIncome": 529883000, "interestExpense": 273361000, "depreciationAndAmortization": 2811000, "ebitda": 494832000, "ebitdaratio": 1.8140731888, "operatingIncome": 492021000, "operatingIncomeRatio": 1.8037679544, "totalOtherIncomeExpensesNet": -273361000, "incomeBeforeTax": 218660000, "incomeBeforeTaxRatio": 0.8016159898, "incomeTaxExpense": 75558000, "netIncome": 143102000, "netIncomeRatio": 0.5246174489, "eps": 1.64, "epsdiluted": 1.64, "weightedAverageShsOut": 87149033, "weightedAverageShsOutDil": 87471474, "link": "https://www.sec.gov/Archives/edgar/data/936528/000119312506241018/0001193125-06-241018-index.htm", "finalLink": "https://www.sec.gov/Archives/edgar/data/936528/000119312506241018/d10k.htm", "calculatedOtherExpenses": -255821000, "calculatedOperatingExpenses": -219247000, "calculatedNetInterest": 256522000, "calculatedOtherIncome": -529883000, "calculatedIncomeNonControlling": 0, "calculatedEbitda": 494832000}, {"date": "2005-09-30", "symbol": "WAFD", "reportedCurrency": "USD", "cik": "0000936528", "fillingDate": "2005-11-08", "acceptedDate": "2005-11-08 17:26:48", "calendarYear": "2005", "period": "FY", "revenue": 274493000, "costOfRevenue": 0, "grossProfit": 274493000, "grossProfitRatio": 1, "researchAndDevelopmentExpenses": 0, "generalAndAdministrativeExpenses": 34197000, "sellingAndMarketingExpenses": 0, "sellingGeneralAndAdministrativeExpenses": 34197000, "otherExpenses": 108878000, "operatingExpenses": 143075000, "costAndExpenses": 143075000, "interestIncome": 461901000, "interestExpense": 195260000, "depreciationAndAmortization": -4914000, "ebitda": 412654000, "ebitdaratio": 1.5033315968, "operatingIncome": 417568000, "operatingIncomeRatio": 1.5212336927, "totalOtherIncomeExpensesNet": -195260000, "incomeBeforeTax": 222308000, "incomeBeforeTaxRatio": 0.8098858623, "incomeTaxExpense": 76419000, "netIncome": 145889000, "netIncomeRatio": 0.5314853202, "eps": 1.68, "epsdiluted": 1.67, "weightedAverageShsOut": 87478708, "weightedAverageShsOutDil": 87478708, "link": "https://www.sec.gov/Archives/edgar/data/936528/000119312505219971/0001193125-05-219971-index.htm", "finalLink": "https://www.sec.gov/Archives/edgar/data/936528/000119312505219971/d10k.htm", "calculatedOtherExpenses": -177272000, "calculatedOperatingExpenses": -143075000, "calculatedNetInterest": 266641000, "calculatedOtherIncome": -461901000, "calculatedIncomeNonControlling": 0, "calculatedEbitda": 412654000}, {"date": "2004-09-30", "symbol": "WAFD", "reportedCurrency": "USD", "cik": "0000936528", "fillingDate": "2004-11-30", "acceptedDate": "2004-11-29 21:57:31", "calendarYear": "2004", "period": "FY", "revenue": 249745000, "costOfRevenue": 0, "grossProfit": 249745000, "grossProfitRatio": 1, "researchAndDevelopmentExpenses": 0, "generalAndAdministrativeExpenses": 31411000, "sellingAndMarketingExpenses": 0, "sellingGeneralAndAdministrativeExpenses": 31411000, "otherExpenses": 92309000, "operatingExpenses": 123720000, "costAndExpenses": 123720000, "interestIncome": 413772000, "interestExpense": 169753000, "depreciationAndAmortization": -8771000, "ebitda": 364694000, "ebitdaratio": 1.4602654708, "operatingIncome": 373465000, "operatingIncomeRatio": 1.495385293, "totalOtherIncomeExpensesNet": -169753000, "incomeBeforeTax": 203712000, "incomeBeforeTaxRatio": 0.8156799936, "incomeTaxExpense": 71844000, "netIncome": 131868000, "netIncomeRatio": 0.5280105708, "eps": 1.53, "epsdiluted": 1.51, "weightedAverageShsOut": 87130787, "weightedAverageShsOutDil": 87329801, "link": "https://www.sec.gov/Archives/edgar/data/936528/000089102004000618/0000891020-04-000618-index.htm", "finalLink": "https://www.sec.gov/Archives/edgar/data/936528/000089102004000618/v03650e10vk.htm", "calculatedOtherExpenses": -155131000, "calculatedOperatingExpenses": -123720000, "calculatedNetInterest": 244019000, "calculatedOtherIncome": -413772000, "calculatedIncomeNonControlling": 0, "calculatedEbitda": 364694000}, {"date": "2003-09-30", "symbol": "WAFD", "reportedCurrency": "USD", "cik": "0000936528", "fillingDate": "2003-12-23", "acceptedDate": "2003-12-22 19:56:54", "calendarYear": "2003", "period": "FY", "revenue": 270124000, "costOfRevenue": 0, "grossProfit": 270124000, "grossProfitRatio": 1, "researchAndDevelopmentExpenses": 0, "generalAndAdministrativeExpenses": 30846000, "sellingAndMarketingExpenses": 0, "sellingGeneralAndAdministrativeExpenses": 30846000, "otherExpenses": 118479000, "operatingExpenses": 149325000, "costAndExpenses": 149325000, "interestIncome": 450185000, "interestExpense": 194884000, "depreciationAndAmortization": -10625000, "ebitda": 408824000, "ebitdaratio": 1.5134678888, "operatingIncome": 419449000, "operatingIncomeRatio": 1.5528016763, "totalOtherIncomeExpensesNet": -194884000, "incomeBeforeTax": 224565000, "incomeBeforeTaxRatio": 0.8313404214, "incomeTaxExpense": 79021000, "netIncome": 145544000, "netIncomeRatio": 0.5388044009, "eps": 1.72, "epsdiluted": 1.71, "weightedAverageShsOut": 84981560, "weightedAverageShsOutDil": 84981560, "link": "https://www.sec.gov/Archives/edgar/data/936528/000089102003002891/0000891020-03-002891-index.htm", "finalLink": "https://www.sec.gov/Archives/edgar/data/936528/000089102003002891/v94943e10vk.htm", "calculatedOtherExpenses": -180171000, "calculatedOperatingExpenses": -149325000, "calculatedNetInterest": 255301000, "calculatedOtherIncome": -450185000, "calculatedIncomeNonControlling": 0, "calculatedEbitda": 408824000}, {"date": "2002-09-30", "symbol": "WAFD", "reportedCurrency": "USD", "cik": "0000936528", "fillingDate": "2002-12-26", "acceptedDate": "2002-12-26 17:14:28", "calendarYear": "2002", "period": "FY", "revenue": 280582000, "costOfRevenue": 0, "grossProfit": 280582000, "grossProfitRatio": 1, "researchAndDevelopmentExpenses": 0, "generalAndAdministrativeExpenses": 34059000, "sellingAndMarketingExpenses": 0, "sellingGeneralAndAdministrativeExpenses": 34059000, "otherExpenses": 142654000, "operatingExpenses": 176713000, "costAndExpenses": 176713000, "interestIncome": 507317000, "interestExpense": 234941000, "depreciationAndAmortization": -2582000, "ebitda": 454713000, "ebitdaratio": 1.6206064537, "operatingIncome": 457295000, "operatingIncomeRatio": 1.6298087547, "totalOtherIncomeExpensesNet": -234941000, "incomeBeforeTax": 222354000, "incomeBeforeTaxRatio": 0.7924742143, "incomeTaxExpense": 78400000, "netIncome": 143954000, "netIncomeRatio": 0.5130550071, "eps": 1.75, "epsdiluted": 1.74, "weightedAverageShsOut": 84790857, "weightedAverageShsOutDil": 85278161, "link": "https://www.sec.gov/Archives/edgar/data/936528/000089102002002082/0000891020-02-002082-index.htm", "finalLink": "https://www.sec.gov/Archives/edgar/data/936528/000089102002002082/v86312e10vk.htm", "calculatedOtherExpenses": -210772000, "calculatedOperatingExpenses": -176713000, "calculatedNetInterest": 272376000, "calculatedOtherIncome": -507317000, "calculatedIncomeNonControlling": 0, "calculatedEbitda": 454713000}, {"date": "2001-09-30", "symbol": "WAFD", "reportedCurrency": "USD", "cik": "0000936528", "fillingDate": "2001-12-19", "acceptedDate": "2001-12-19 00:00:00", "calendarYear": "2001", "period": "FY", "revenue": 226427000, "costOfRevenue": 0, "grossProfit": 226427000, "grossProfitRatio": 1, "researchAndDevelopmentExpenses": 0, "generalAndAdministrativeExpenses": 28283000, "sellingAndMarketingExpenses": 0, "sellingGeneralAndAdministrativeExpenses": 28283000, "otherExpenses": 240874000, "operatingExpenses": 269157000, "costAndExpenses": 269157000, "interestIncome": 536410000, "interestExpense": 320120000, "depreciationAndAmortization": 8727000, "ebitda": 504311000, "ebitdaratio": 2.2272564668, "operatingIncome": 495584000, "operatingIncomeRatio": 2.1887142434, "totalOtherIncomeExpensesNet": -320120000, "incomeBeforeTax": 175464000, "incomeBeforeTaxRatio": 0.7749252518, "incomeTaxExpense": 61850000, "netIncome": 113614000, "netIncomeRatio": 0.501768782, "eps": 1.39, "epsdiluted": 1.38, "weightedAverageShsOut": 81736691, "weightedAverageShsOutDil": 82328986, "link": "https://www.sec.gov/Archives/edgar/data/936528/000089102001500432/0000891020-01-500432-index.htm", "finalLink": "https://www.sec.gov/Archives/edgar/data/936528/000089102001500432/v77680e10-k.txt", "calculatedOtherExpenses": -297440000, "calculatedOperatingExpenses": -269157000, "calculatedNetInterest": 216290000, "calculatedOtherIncome": -536410000, "calculatedIncomeNonControlling": 0, "calculatedEbitda": 504311000}, {"date": "2000-09-30", "symbol": "WAFD", "reportedCurrency": "USD", "cik": "0000936528", "fillingDate": "2000-12-22", "acceptedDate": "2000-12-22 00:00:00", "calendarYear": "2000", "period": "FY", "revenue": 209825000, "costOfRevenue": 0, "grossProfit": 209825000, "grossProfitRatio": 1, "researchAndDevelopmentExpenses": 0, "generalAndAdministrativeExpenses": 26739000, "sellingAndMarketingExpenses": 0, "sellingGeneralAndAdministrativeExpenses": 26739000, "otherExpenses": 226126000, "operatingExpenses": 252865000, "costAndExpenses": 252865000, "interestIncome": 498027000, "interestExpense": 299511000, "depreciationAndAmortization": -9425000, "ebitda": 453265000, "ebitdaratio": 2.1602049327, "operatingIncome": 462690000, "operatingIncomeRatio": 2.205123317, "totalOtherIncomeExpensesNet": -299511000, "incomeBeforeTax": 163179000, "incomeBeforeTaxRatio": 0.7776909329, "incomeTaxExpense": 57500000, "netIncome": 105679000, "netIncomeRatio": 0.5036530442, "eps": 1.25, "epsdiluted": 1.24, "weightedAverageShsOut": 85220612, "weightedAverageShsOutDil": 85220612, "link": "https://www.sec.gov/Archives/edgar/data/936528/000089102000002202/0000891020-00-002202-index.htm", "finalLink": "https://www.sec.gov/Archives/edgar/data/936528/000089102000002202/v68138e10-k405.txt", "calculatedOtherExpenses": -279604000, "calculatedOperatingExpenses": -252865000, "calculatedNetInterest": 198516000, "calculatedOtherIncome": -498027000, "calculatedIncomeNonControlling": 0, "calculatedEbitda": 453265000}, {"date": "1999-09-30", "symbol": "WAFD", "reportedCurrency": "USD", "cik": "0000936528", "fillingDate": "1999-12-28", "acceptedDate": "1999-12-28 00:00:00", "calendarYear": "1999", "period": "FY", "revenue": 223800000, "costOfRevenue": 0, "grossProfit": 223800000, "grossProfitRatio": 1, "researchAndDevelopmentExpenses": 0, "generalAndAdministrativeExpenses": 26500000, "sellingAndMarketingExpenses": 0, "sellingGeneralAndAdministrativeExpenses": 26500000, "otherExpenses": 171300000, "operatingExpenses": 197800000, "costAndExpenses": 197800000, "interestIncome": 455600000, "interestExpense": 244500000, "depreciationAndAmortization": -17300000, "ebitda": 404300000, "ebitdaratio": 1.8065236819, "operatingIncome": 421600000, "operatingIncomeRatio": 1.8838248436, "totalOtherIncomeExpensesNet": -244500000, "incomeBeforeTax": 177100000, "incomeBeforeTaxRatio": 0.791331546, "incomeTaxExpense": 62800000, "netIncome": 114300000, "netIncomeRatio": 0.5107238606, "eps": 1.28, "epsdiluted": 1.27, "weightedAverageShsOut": 89877374, "weightedAverageShsOutDil": 89971306, "link": "https://www.sec.gov/Archives/edgar/data/936528/000089102099002162/0000891020-99-002162-index.html", "finalLink": "https://www.sec.gov/Archives/edgar/data/936528/000089102099002162/", "calculatedOtherExpenses": -224300000, "calculatedOperatingExpenses": -197800000, "calculatedNetInterest": 211100000, "calculatedOtherIncome": -455600000, "calculatedIncomeNonControlling": 0, "calculatedEbitda": 404300000}, {"date": "1998-09-30", "symbol": "WAFD", "reportedCurrency": "USD", "cik": "0000936528", "fillingDate": "1998-12-29", "acceptedDate": "1998-12-29 00:00:00", "calendarYear": "1998", "period": "FY", "revenue": 219600000, "costOfRevenue": 0, "grossProfit": 219600000, "grossProfitRatio": 1, "researchAndDevelopmentExpenses": 0, "generalAndAdministrativeExpenses": 24900000, "sellingAndMarketingExpenses": 0, "sellingGeneralAndAdministrativeExpenses": 24900000, "otherExpenses": 181400000, "operatingExpenses": 206300000, "costAndExpenses": 206300000, "interestIncome": 460600000, "interestExpense": 252200000, "depreciationAndAmortization": -20100000, "ebitda": 405800000, "ebitdaratio": 1.8479052823, "operatingIncome": 425900000, "operatingIncomeRatio": 1.939435337, "totalOtherIncomeExpensesNet": -252200000, "incomeBeforeTax": 173700000, "incomeBeforeTaxRatio": 0.7909836066, "incomeTaxExpense": 61900000, "netIncome": 111800000, "netIncomeRatio": 0.5091074681, "eps": 1.2, "epsdiluted": 1.19, "weightedAverageShsOut": 93659334, "weightedAverageShsOutDil": 93778655, "link": "https://www.sec.gov/Archives/edgar/data/936528/000089102098001811/0000891020-98-001811-index.html", "finalLink": "https://www.sec.gov/Archives/edgar/data/936528/", "calculatedOtherExpenses": -231200000, "calculatedOperatingExpenses": -206300000, "calculatedNetInterest": 208400000, "calculatedOtherIncome": -460600000, "calculatedIncomeNonControlling": 0, "calculatedEbitda": 405800000}, {"date": "1997-09-30", "symbol": "WAFD", "reportedCurrency": "USD", "cik": "0000936528", "fillingDate": "1997-12-29", "acceptedDate": "1997-12-29 00:00:00", "calendarYear": "1997", "period": "FY", "revenue": 208500000, "costOfRevenue": 0, "grossProfit": 208500000, "grossProfitRatio": 1, "researchAndDevelopmentExpenses": 0, "generalAndAdministrativeExpenses": 24100000, "sellingAndMarketingExpenses": 0, "sellingGeneralAndAdministrativeExpenses": 24100000, "otherExpenses": 188200000, "operatingExpenses": 212300000, "costAndExpenses": 212300000, "interestIncome": 459000000, "interestExpense": 257400000, "depreciationAndAmortization": -9100000, "ebitda": 411700000, "ebitdaratio": 1.9745803357, "operatingIncome": 420800000, "operatingIncomeRatio": 2.0182254197, "totalOtherIncomeExpensesNet": -257400000, "incomeBeforeTax": 163400000, "incomeBeforeTaxRatio": 0.7836930456, "incomeTaxExpense": 58300000, "netIncome": 105100000, "netIncomeRatio": 0.5040767386, "eps": 1.15, "epsdiluted": 1.14, "weightedAverageShsOut": 91540077, "weightedAverageShsOutDil": 92540659, "link": "https://www.sec.gov/Archives/edgar/data/936528/000089102097001616/0000891020-97-001616-index.html", "finalLink": "https://www.sec.gov/Archives/edgar/data/936528/", "calculatedOtherExpenses": -236400000, "calculatedOperatingExpenses": -212300000, "calculatedNetInterest": 201600000, "calculatedOtherIncome": -459000000, "calculatedIncomeNonControlling": 0, "calculatedEbitda": 411700000}, {"date": "1996-09-30", "symbol": "WAFD", "reportedCurrency": "USD", "cik": "0000936528", "fillingDate": "1996-12-30", "acceptedDate": "1996-12-30 00:00:00", "calendarYear": "1996", "period": "FY", "revenue": 181300000, "costOfRevenue": 0, "grossProfit": 181300000, "grossProfitRatio": 1, "researchAndDevelopmentExpenses": 0, "generalAndAdministrativeExpenses": 20200000, "sellingAndMarketingExpenses": 0, "sellingGeneralAndAdministrativeExpenses": 20200000, "otherExpenses": 151800000, "operatingExpenses": 172000000, "costAndExpenses": 172000000, "interestIncome": 404200000, "interestExpense": 228800000, "depreciationAndAmortization": 5500000, "ebitda": 358800000, "ebitdaratio": 1.9790402648, "operatingIncome": 353300000, "operatingIncomeRatio": 1.9487038058, "totalOtherIncomeExpensesNet": -228800000, "incomeBeforeTax": 124500000, "incomeBeforeTaxRatio": 0.6867071153, "incomeTaxExpense": 44600000, "netIncome": 79900000, "netIncomeRatio": 0.4407060121, "eps": 0.88, "epsdiluted": 0.88, "weightedAverageShsOut": 89406992, "weightedAverageShsOutDil": 91774999, "link": "https://www.sec.gov/Archives/edgar/data/936528/000089102096001614/0000891020-96-001614-index.html", "finalLink": "https://www.sec.gov/Archives/edgar/data/936528/", "calculatedOtherExpenses": -192200000, "calculatedOperatingExpenses": -172000000, "calculatedNetInterest": 175400000, "calculatedOtherIncome": -404200000, "calculatedIncomeNonControlling": 0, "calculatedEbitda": 358800000}, {"date": "1995-09-30", "symbol": "WAFD", "reportedCurrency": "USD", "cik": "0000936528", "fillingDate": "1995-09-30", "acceptedDate": "1995-09-29 20:00:00", "calendarYear": "1995", "period": "FY", "revenue": 165400000, "costOfRevenue": 0, "grossProfit": 165400000, "grossProfitRatio": 1, "researchAndDevelopmentExpenses": 0, "generalAndAdministrativeExpenses": 18600000, "sellingAndMarketingExpenses": 0, "sellingGeneralAndAdministrativeExpenses": 18600000, "otherExpenses": 127300000, "operatingExpenses": 145900000, "costAndExpenses": 145900000, "interestIncome": 343800000, "interestExpense": 188300000, "depreciationAndAmortization": 5400000, "ebitda": 316700000, "ebitdaratio": 1.9147521161, "operatingIncome": 311300000, "operatingIncomeRatio": 1.8821039903, "totalOtherIncomeExpensesNet": -188300000, "incomeBeforeTax": 123000000, "incomeBeforeTaxRatio": 0.7436517533, "incomeTaxExpense": 44700000, "netIncome": 78300000, "netIncomeRatio": 0.4733978235, "eps": 0.84, "epsdiluted": 0.84, "weightedAverageShsOut": 93456382, "weightedAverageShsOutDil": 93456382, "link": "", "finalLink": "", "calculatedOtherExpenses": -164500000, "calculatedOperatingExpenses": -145900000, "calculatedNetInterest": 155500000, "calculatedOtherIncome": -343800000, "calculatedIncomeNonControlling": 0, "calculatedEbitda": 316700000}, {"date": "1994-09-30", "symbol": "WAFD", "reportedCurrency": "USD", "cik": "0000936528", "fillingDate": "1994-09-30", "acceptedDate": "1994-09-29 20:00:00", "calendarYear": "1994", "period": "FY", "revenue": 176200000, "costOfRevenue": 0, "grossProfit": 176200000, "grossProfitRatio": 1, "researchAndDevelopmentExpenses": 0, "generalAndAdministrativeExpenses": 17700000, "sellingAndMarketingExpenses": 0, "sellingGeneralAndAdministrativeExpenses": 17700000, "otherExpenses": 69600000, "operatingExpenses": 87300000, "costAndExpenses": 87300000, "interestIncome": 287600000, "interestExpense": 121100000, "depreciationAndAmortization": 5200000, "ebitda": 268700000, "ebitdaratio": 1.5249716232, "operatingIncome": 263500000, "operatingIncomeRatio": 1.4954597049, "totalOtherIncomeExpensesNet": -121100000, "incomeBeforeTax": 142400000, "incomeBeforeTaxRatio": 0.8081725312, "incomeTaxExpense": 49600000, "netIncome": 92800000, "netIncomeRatio": 0.5266742338, "eps": 0.99, "epsdiluted": 0.98, "weightedAverageShsOut": 94044110, "weightedAverageShsOutDil": 94639315, "link": "", "finalLink": "", "calculatedOtherExpenses": -105000000, "calculatedOperatingExpenses": -87300000, "calculatedNetInterest": 166500000, "calculatedOtherIncome": -287600000, "calculatedIncomeNonControlling": 0, "calculatedEbitda": 268700000}, {"date": "1993-09-30", "symbol": "WAFD", "reportedCurrency": "USD", "cik": "0000936528", "fillingDate": "1993-09-30", "acceptedDate": "1993-09-29 20:00:00", "calendarYear": "1993", "period": "FY", "revenue": 172900000, "costOfRevenue": 0, "grossProfit": 172900000, "grossProfitRatio": 1, "researchAndDevelopmentExpenses": 0, "generalAndAdministrativeExpenses": 16000000, "sellingAndMarketingExpenses": 0, "sellingGeneralAndAdministrativeExpenses": 16000000, "otherExpenses": 64800000, "operatingExpenses": 80800000, "costAndExpenses": 80800000, "interestIncome": 275400000, "interestExpense": 116700000, "depreciationAndAmortization": 4900000, "ebitda": 258600000, "ebitdaratio": 1.4956622325, "operatingIncome": 253700000, "operatingIncomeRatio": 1.4673221515, "totalOtherIncomeExpensesNet": -114600000, "incomeBeforeTax": 139100000, "incomeBeforeTaxRatio": 0.8045112782, "incomeTaxExpense": 45800000, "netIncome": 91200000, "netIncomeRatio": 0.5274725275, "eps": 0.96, "epsdiluted": 0.96, "weightedAverageShsOut": 95423442, "weightedAverageShsOutDil": 95423442, "link": "", "finalLink": "", "calculatedOtherExpenses": -96800000, "calculatedOperatingExpenses": -80800000, "calculatedNetInterest": 158700000, "calculatedOtherIncome": -273300000, "calculatedIncomeNonControlling": 2100000, "calculatedEbitda": 258600000}, {"date": "1992-09-30", "symbol": "WAFD", "reportedCurrency": "USD", "cik": "0000936528", "fillingDate": "1992-09-30", "acceptedDate": "1992-09-29 20:00:00", "calendarYear": "1992", "period": "FY", "revenue": 143900000, "costOfRevenue": 0, "grossProfit": 143900000, "grossProfitRatio": 1, "researchAndDevelopmentExpenses": 0, "generalAndAdministrativeExpenses": 13800000, "sellingAndMarketingExpenses": 0, "sellingGeneralAndAdministrativeExpenses": 13800000, "otherExpenses": 92100000, "operatingExpenses": 105900000, "costAndExpenses": 105900000, "interestIncome": 271700000, "interestExpense": 133500000, "depreciationAndAmortization": 3900000, "ebitda": 253700000, "ebitdaratio": 1.7630298819, "operatingIncome": 249800000, "operatingIncomeRatio": 1.7359277276, "totalOtherIncomeExpensesNet": -133500000, "incomeBeforeTax": 116300000, "incomeBeforeTaxRatio": 0.808200139, "incomeTaxExpense": 34400000, "netIncome": 81900000, "netIncomeRatio": 0.5691452397, "eps": 0.87, "epsdiluted": 0.87, "weightedAverageShsOut": 94261988, "weightedAverageShsOutDil": 94261988, "link": "", "finalLink": "", "calculatedOtherExpenses": -119700000, "calculatedOperatingExpenses": -105900000, "calculatedNetInterest": 138200000, "calculatedOtherIncome": -271700000, "calculatedIncomeNonControlling": 0, "calculatedEbitda": 253700000}, {"date": "1991-09-30", "symbol": "WAFD", "reportedCurrency": "USD", "cik": "0000936528", "fillingDate": "1991-09-30", "acceptedDate": "1991-09-29 20:00:00", "calendarYear": "1991", "period": "FY", "revenue": 121400000, "costOfRevenue": 0, "grossProfit": 121400000, "grossProfitRatio": 1, "researchAndDevelopmentExpenses": 0, "generalAndAdministrativeExpenses": 13400000, "sellingAndMarketingExpenses": 0, "sellingGeneralAndAdministrativeExpenses": 13400000, "otherExpenses": 119900000, "operatingExpenses": 133300000, "costAndExpenses": 133300000, "interestIncome": 270800000, "interestExpense": 160500000, "depreciationAndAmortization": 3600000, "ebitda": 258300000, "ebitdaratio": 2.1276771005, "operatingIncome": 254700000, "operatingIncomeRatio": 2.0980230643, "totalOtherIncomeExpensesNet": -160500000, "incomeBeforeTax": 94200000, "incomeBeforeTaxRatio": 0.7759472817, "incomeTaxExpense": 24900000, "netIncome": 69300000, "netIncomeRatio": 0.5708401977, "eps": 1.1, "epsdiluted": 1.1, "weightedAverageShsOut": 62732645, "weightedAverageShsOutDil": 62732645, "link": "", "finalLink": "", "calculatedOtherExpenses": -146700000, "calculatedOperatingExpenses": -133300000, "calculatedNetInterest": 110300000, "calculatedOtherIncome": -270800000, "calculatedIncomeNonControlling": 0, "calculatedEbitda": 258300000}, {"date": "1990-09-30", "symbol": "WAFD", "reportedCurrency": "USD", "cik": "0000936528", "fillingDate": "1990-09-30", "acceptedDate": "1990-09-29 20:00:00", "calendarYear": "1990", "period": "FY", "revenue": 107300000, "costOfRevenue": 0, "grossProfit": 107300000, "grossProfitRatio": 1, "researchAndDevelopmentExpenses": 0, "generalAndAdministrativeExpenses": 12400000, "sellingAndMarketingExpenses": 0, "sellingGeneralAndAdministrativeExpenses": 12400000, "otherExpenses": 137800000, "operatingExpenses": 150200000, "costAndExpenses": 150200000, "interestIncome": 265900000, "interestExpense": 174400000, "depreciationAndAmortization": 3500000, "ebitda": 261000000, "ebitdaratio": 2.4324324324, "operatingIncome": 257500000, "operatingIncomeRatio": 2.3998136067, "totalOtherIncomeExpensesNet": -174400000, "incomeBeforeTax": 83100000, "incomeBeforeTaxRatio": 0.7744641193, "incomeTaxExpense": 20200000, "netIncome": 62900000, "netIncomeRatio": 0.5862068966, "eps": 1.01, "epsdiluted": 1.01, "weightedAverageShsOut": 62562849, "weightedAverageShsOutDil": 62562849, "link": "", "finalLink": "", "calculatedOtherExpenses": -162600000, "calculatedOperatingExpenses": -150200000, "calculatedNetInterest": 91500000, "calculatedOtherIncome": -265900000, "calculatedIncomeNonControlling": 0, "calculatedEbitda": 261000000}, {"date": "1989-09-30", "symbol": "WAFD", "reportedCurrency": "USD", "cik": "0000936528", "fillingDate": "1989-09-30", "acceptedDate": "1989-09-29 20:00:00", "calendarYear": "1989", "period": "FY", "revenue": 101300000, "costOfRevenue": 0, "grossProfit": 101300000, "grossProfitRatio": 1, "researchAndDevelopmentExpenses": 0, "generalAndAdministrativeExpenses": 13000000, "sellingAndMarketingExpenses": 0, "sellingGeneralAndAdministrativeExpenses": 13000000, "otherExpenses": 120200000, "operatingExpenses": 133200000, "costAndExpenses": 133200000, "interestIncome": 239600000, "interestExpense": 157300000, "depreciationAndAmortization": 3600000, "ebitda": 238100000, "ebitdaratio": 2.3504442251, "operatingIncome": 234500000, "operatingIncomeRatio": 2.3149062192, "totalOtherIncomeExpensesNet": -157300000, "incomeBeforeTax": 77200000, "incomeBeforeTaxRatio": 0.7620927937, "incomeTaxExpense": 20000000, "netIncome": 57200000, "netIncomeRatio": 0.5646594274, "eps": 1.38, "epsdiluted": 1.38, "weightedAverageShsOut": 41330615, "weightedAverageShsOutDil": 41330615, "link": "", "finalLink": "", "calculatedOtherExpenses": -146200000, "calculatedOperatingExpenses": -133200000, "calculatedNetInterest": 82300000, "calculatedOtherIncome": -239600000, "calculatedIncomeNonControlling": 0, "calculatedEbitda": 238100000}, {"date": "1988-09-30", "symbol": "WAFD", "reportedCurrency": "USD", "cik": "0000936528", "fillingDate": "1988-09-30", "acceptedDate": "1988-09-29 20:00:00", "calendarYear": "1988", "period": "FY", "revenue": 0, "costOfRevenue": 0, "grossProfit": 0, "grossProfitRatio": 0, "researchAndDevelopmentExpenses": 0, "generalAndAdministrativeExpenses": 0, "sellingAndMarketingExpenses": 0, "sellingGeneralAndAdministrativeExpenses": 0, "otherExpenses": 54200000, "operatingExpenses": 54200000, "costAndExpenses": 54200000, "interestIncome": 0, "interestExpense": 0, "depreciationAndAmortization": 0, "ebitda": 54200000, "ebitdaratio": 0, "operatingIncome": 54200000, "operatingIncomeRatio": 0, "totalOtherIncomeExpensesNet": 0, "incomeBeforeTax": 0, "incomeBeforeTaxRatio": 0, "incomeTaxExpense": -54200000, "netIncome": 54200000, "netIncomeRatio": 0, "eps": 0.59, "epsdiluted": 0.59, "weightedAverageShsOut": 91929848, "weightedAverageShsOutDil": 91929848, "link": "", "finalLink": "", "calculatedOtherExpenses": -54200000, "calculatedOperatingExpenses": -54200000, "calculatedNetInterest": 0, "calculatedOtherIncome": -54200000, "calculatedIncomeNonControlling": 0, "calculatedEbitda": 54200000}, {"date": "1987-09-30", "symbol": "WAFD", "reportedCurrency": "USD", "cik": "0000936528", "fillingDate": "1987-09-30", "acceptedDate": "1987-09-29 20:00:00", "calendarYear": "1987", "period": "FY", "revenue": 0, "costOfRevenue": 0, "grossProfit": 0, "grossProfitRatio": 0, "researchAndDevelopmentExpenses": 0, "generalAndAdministrativeExpenses": 0, "sellingAndMarketingExpenses": 0, "sellingGeneralAndAdministrativeExpenses": 0, "otherExpenses": 48100000, "operatingExpenses": 48100000, "costAndExpenses": 48100000, "interestIncome": 0, "interestExpense": 0, "depreciationAndAmortization": 0, "ebitda": 48100000, "ebitdaratio": 0, "operatingIncome": 48100000, "operatingIncomeRatio": 0, "totalOtherIncomeExpensesNet": 0, "incomeBeforeTax": 0, "incomeBeforeTaxRatio": 0, "incomeTaxExpense": -48100000, "netIncome": 48100000, "netIncomeRatio": 0, "eps": 0.53, "epsdiluted": 0.53, "weightedAverageShsOut": 91181550, "weightedAverageShsOutDil": 91181550, "link": "", "finalLink": "", "calculatedOtherExpenses": -48100000, "calculatedOperatingExpenses": -48100000, "calculatedNetInterest": 0, "calculatedOtherIncome": -48100000, "calculatedIncomeNonControlling": 0, "calculatedEbitda": 48100000}, {"date": "1986-09-30", "symbol": "WAFD", "reportedCurrency": "USD", "cik": "0000936528", "fillingDate": "1986-09-30", "acceptedDate": "1986-09-29 20:00:00", "calendarYear": "1986", "period": "FY", "revenue": 0, "costOfRevenue": 0, "grossProfit": 0, "grossProfitRatio": 0, "researchAndDevelopmentExpenses": 0, "generalAndAdministrativeExpenses": 0, "sellingAndMarketingExpenses": 0, "sellingGeneralAndAdministrativeExpenses": 0, "otherExpenses": 36300000, "operatingExpenses": 36300000, "costAndExpenses": 36300000, "interestIncome": 0, "interestExpense": 0, "depreciationAndAmortization": 0, "ebitda": 36300000, "ebitdaratio": 0, "operatingIncome": 36300000, "operatingIncomeRatio": 0, "totalOtherIncomeExpensesNet": 0, "incomeBeforeTax": 0, "incomeBeforeTaxRatio": 0, "incomeTaxExpense": -36300000, "netIncome": 36300000, "netIncomeRatio": 0, "eps": 0.4, "epsdiluted": 0.4, "weightedAverageShsOut": 91391799, "weightedAverageShsOutDil": 91391799, "link": "", "finalLink": "", "calculatedOtherExpenses": -36300000, "calculatedOperatingExpenses": -36300000, "calculatedNetInterest": 0, "calculatedOtherIncome": -36300000, "calculatedIncomeNonControlling": 0, "calculatedEbitda": 36300000}, {"date": "1985-09-30", "symbol": "WAFD", "reportedCurrency": "USD", "cik": "0000936528", "fillingDate": "1985-09-30", "acceptedDate": "1985-09-29 20:00:00", "calendarYear": "1985", "period": "FY", "revenue": 0, "costOfRevenue": 0, "grossProfit": 0, "grossProfitRatio": 0, "researchAndDevelopmentExpenses": 0, "generalAndAdministrativeExpenses": 0, "sellingAndMarketingExpenses": 0, "sellingGeneralAndAdministrativeExpenses": 0, "otherExpenses": 26400000, "operatingExpenses": 26400000, "costAndExpenses": 26400000, "interestIncome": 0, "interestExpense": 0, "depreciationAndAmortization": 0, "ebitda": 26400000, "ebitdaratio": 0, "operatingIncome": 26400000, "operatingIncomeRatio": 0, "totalOtherIncomeExpensesNet": 0, "incomeBeforeTax": 0, "incomeBeforeTaxRatio": 0, "incomeTaxExpense": -26400000, "netIncome": 26400000, "netIncomeRatio": 0, "eps": 0.29, "epsdiluted": 0.29, "weightedAverageShsOut": 92475506, "weightedAverageShsOutDil": 92475506, "link": "", "finalLink": "", "calculatedOtherExpenses": -26400000, "calculatedOperatingExpenses": -26400000, "calculatedNetInterest": 0, "calculatedOtherIncome": -26400000, "calculatedIncomeNonControlling": 0, "calculatedEbitda": 26400000}]}