{"originalCurrency": "USD", "convertedCurrency": "USD", "report": [{"date": "2023-12-31", "symbol": "WAL", "reportedCurrency": "USD", "cik": "0001212545", "fillingDate": "2024-02-28", "acceptedDate": "2024-02-27 21:42:08", "calendarYear": "2023", "period": "FY", "revenue": 4334100000, "costOfRevenue": 0, "grossProfit": 4334100000, "grossProfitRatio": 1, "researchAndDevelopmentExpenses": 0, "generalAndAdministrativeExpenses": 756700000, "sellingAndMarketingExpenses": 21800000, "sellingGeneralAndAdministrativeExpenses": 778500000, "otherExpenses": -962000000, "operatingExpenses": 962000000, "costAndExpenses": 3468900000, "interestIncome": 3869600000, "interestExpense": 553800000, "depreciationAndAmortization": 86500000, "ebitda": 86500000, "ebitdaratio": 0.0199580074, "operatingIncome": 3372100000, "operatingIncomeRatio": 0.77803927, "totalOtherIncomeExpensesNet": 933600000, "incomeBeforeTax": 933600000, "incomeBeforeTaxRatio": 0.2154080432, "incomeTaxExpense": 211200000, "netIncome": 722400000, "netIncomeRatio": 0.1666782031, "eps": 6.55, "epsdiluted": 6.54, "weightedAverageShsOut": 108300000, "weightedAverageShsOutDil": 108500000, "link": "https://www.sec.gov/Archives/edgar/data/1212545/000121254524000092/0001212545-24-000092-index.htm", "finalLink": "https://www.sec.gov/Archives/edgar/data/1212545/000121254524000092/wal-20231231.htm", "calculatedOtherExpenses": 183500000, "calculatedOperatingExpenses": 962000000, "calculatedNetInterest": 3315800000, "calculatedOtherIncome": -5754300000, "calculatedIncomeNonControlling": 0, "calculatedEbitda": 3458600000}, {"date": "2022-12-31", "symbol": "WAL", "reportedCurrency": "USD", "cik": "0001212545", "fillingDate": "2023-02-23", "acceptedDate": "2023-02-23 15:54:24", "calendarYear": "2022", "period": "FY", "revenue": 2297200000, "costOfRevenue": 0, "grossProfit": 2297200000, "grossProfitRatio": 1, "researchAndDevelopmentExpenses": 0, "generalAndAdministrativeExpenses": 570600000, "sellingAndMarketingExpenses": 22100000, "sellingGeneralAndAdministrativeExpenses": 592700000, "otherExpenses": -470700000, "operatingExpenses": 122000000, "costAndExpenses": 122000000, "interestIncome": 2691800000, "interestExpense": 475500000, "depreciationAndAmortization": 74600000, "ebitda": 1887300000, "ebitdaratio": 0.8215653839, "operatingIncome": 1812700000, "operatingIncomeRatio": 0.7890910674, "totalOtherIncomeExpensesNet": -496600000, "incomeBeforeTax": 1316100000, "incomeBeforeTaxRatio": 0.5729148529, "incomeTaxExpense": 258800000, "netIncome": 1057300000, "netIncomeRatio": 0.4602559638, "eps": 9.74, "epsdiluted": 9.71, "weightedAverageShsOut": 107200000, "weightedAverageShsOutDil": 107600000, "link": "https://www.sec.gov/Archives/edgar/data/1212545/000121254523000093/0001212545-23-000093-index.htm", "finalLink": "https://www.sec.gov/Archives/edgar/data/1212545/000121254523000093/wal-20221231.htm", "calculatedOtherExpenses": -108200000, "calculatedOperatingExpenses": 484500000, "calculatedNetInterest": 2216300000, "calculatedOtherIncome": -2712900000, "calculatedIncomeNonControlling": 0, "calculatedEbitda": 1887300000}, {"date": "2021-12-31", "symbol": "WAL", "reportedCurrency": "USD", "cik": "0001212545", "fillingDate": "2022-02-25", "acceptedDate": "2022-02-25 16:59:40", "calendarYear": "2021", "period": "FY", "revenue": 1843900000, "costOfRevenue": 0, "grossProfit": 1843900000, "grossProfitRatio": 1, "researchAndDevelopmentExpenses": 0, "generalAndAdministrativeExpenses": 489700000, "sellingAndMarketingExpenses": 13500000, "sellingGeneralAndAdministrativeExpenses": 503200000, "otherExpenses": -1224100000, "operatingExpenses": -720900000, "costAndExpenses": -720900000, "interestIncome": 1658700000, "interestExpense": 109900000, "depreciationAndAmortization": 50000000, "ebitda": 1173000000, "ebitdaratio": 0.6361516351, "operatingIncome": 1123000000, "operatingIncomeRatio": 0.6090351971, "totalOtherIncomeExpensesNet": 1123000000, "incomeBeforeTax": 1123000000, "incomeBeforeTaxRatio": 0.6090351971, "incomeTaxExpense": 223800000, "netIncome": 899200000, "netIncomeRatio": 0.4876620207, "eps": 8.72, "epsdiluted": 8.67, "weightedAverageShsOut": 102700000, "weightedAverageShsOutDil": 103300000, "link": "https://www.sec.gov/Archives/edgar/data/1212545/000121254522000090/0001212545-22-000090-index.htm", "finalLink": "https://www.sec.gov/Archives/edgar/data/1212545/000121254522000090/wal-20211231.htm", "calculatedOtherExpenses": 217700000, "calculatedOperatingExpenses": 720900000, "calculatedNetInterest": 1548800000, "calculatedOtherIncome": -1548800000, "calculatedIncomeNonControlling": 0, "calculatedEbitda": 1173000000}, {"date": "2020-12-31", "symbol": "WAL", "reportedCurrency": "USD", "cik": "0001212545", "fillingDate": "2021-02-25", "acceptedDate": "2021-02-25 15:27:01", "calendarYear": "2020", "period": "FY", "revenue": 1198700000, "costOfRevenue": 0, "grossProfit": 1198700000, "grossProfitRatio": 1, "researchAndDevelopmentExpenses": 0, "generalAndAdministrativeExpenses": 316900000, "sellingAndMarketingExpenses": 4100000, "sellingGeneralAndAdministrativeExpenses": 321000000, "otherExpenses": -897200000, "operatingExpenses": -576200000, "costAndExpenses": -576200000, "interestIncome": 1261800000, "interestExpense": 94900000, "depreciationAndAmortization": 1600000, "ebitda": 624100000, "ebitdaratio": 0.520647368, "operatingIncome": 622500000, "operatingIncomeRatio": 0.5193125886, "totalOtherIncomeExpensesNet": 622500000, "incomeBeforeTax": 622500000, "incomeBeforeTaxRatio": 0.5193125886, "incomeTaxExpense": 115900000, "netIncome": 506600000, "netIncomeRatio": 0.4226245099, "eps": 5.06, "epsdiluted": 5.04, "weightedAverageShsOut": 100200000, "weightedAverageShsOutDil": 100500000, "link": "https://www.sec.gov/Archives/edgar/data/1212545/000121254521000085/0001212545-21-000085-index.htm", "finalLink": "https://www.sec.gov/Archives/edgar/data/1212545/000121254521000085/wal-20201231.htm", "calculatedOtherExpenses": 255200000, "calculatedOperatingExpenses": 576200000, "calculatedNetInterest": 1166900000, "calculatedOtherIncome": -1166900000, "calculatedIncomeNonControlling": 0, "calculatedEbitda": 624100000}, {"date": "2019-12-31", "symbol": "WAL", "reportedCurrency": "USD", "cik": "0001212545", "fillingDate": "2020-03-02", "acceptedDate": "2020-03-02 16:16:11", "calendarYear": "2019", "period": "FY", "revenue": 1051763000, "costOfRevenue": 0, "grossProfit": 1051763000, "grossProfitRatio": 1, "researchAndDevelopmentExpenses": 0, "generalAndAdministrativeExpenses": 291198000, "sellingAndMarketingExpenses": 4199000, "sellingGeneralAndAdministrativeExpenses": 295397000, "otherExpenses": -742934000, "operatingExpenses": -447537000, "costAndExpenses": -447537000, "interestIncome": 1225045000, "interestExpense": 184633000, "depreciationAndAmortization": 1547000, "ebitda": 605773000, "ebitdaratio": 0.5759596031, "operatingIncome": 604226000, "operatingIncomeRatio": 0.5744887394, "totalOtherIncomeExpensesNet": 604226000, "incomeBeforeTax": 604226000, "incomeBeforeTaxRatio": 0.5744887394, "incomeTaxExpense": 105055000, "netIncome": 499171000, "netIncomeRatio": 0.4746040695, "eps": 4.86, "epsdiluted": 4.84, "weightedAverageShsOut": 102667000, "weightedAverageShsOutDil": 103133000, "link": "https://www.sec.gov/Archives/edgar/data/1212545/000121254520000104/0001212545-20-000104-index.htm", "finalLink": "https://www.sec.gov/Archives/edgar/data/1212545/000121254520000104/wal1231201910-k.htm", "calculatedOtherExpenses": 152140000, "calculatedOperatingExpenses": 447537000, "calculatedNetInterest": 1040412000, "calculatedOtherIncome": -1040412000, "calculatedIncomeNonControlling": 0, "calculatedEbitda": 605773000}, {"date": "2018-12-31", "symbol": "WAL", "reportedCurrency": "USD", "cik": "0001212545", "fillingDate": "2019-03-01", "acceptedDate": "2019-03-01 13:34:27", "calendarYear": "2018", "period": "FY", "revenue": 922612000, "costOfRevenue": 0, "grossProfit": 922612000, "grossProfitRatio": 1, "researchAndDevelopmentExpenses": 0, "generalAndAdministrativeExpenses": 267243000, "sellingAndMarketingExpenses": 3770000, "sellingGeneralAndAdministrativeExpenses": 271013000, "otherExpenses": -594369000, "operatingExpenses": -294680000, "costAndExpenses": -294680000, "interestIncome": 1033483000, "interestExpense": 117604000, "depreciationAndAmortization": 1594000, "ebitda": 642251000, "ebitdaratio": 0.6961225304, "operatingIncome": 627932000, "operatingIncomeRatio": 0.6806024634, "totalOtherIncomeExpensesNet": -117604000, "incomeBeforeTax": 510328000, "incomeBeforeTaxRatio": 0.5531339285, "incomeTaxExpense": 74540000, "netIncome": 435788000, "netIncomeRatio": 0.4723415694, "eps": 4.16, "epsdiluted": 4.13, "weightedAverageShsOut": 104700000, "weightedAverageShsOutDil": 105400000, "link": "https://www.sec.gov/Archives/edgar/data/1212545/000121254519000066/0001212545-19-000066-index.htm", "finalLink": "https://www.sec.gov/Archives/edgar/data/1212545/000121254519000066/wal1231201810-k.htm", "calculatedOtherExpenses": 23667000, "calculatedOperatingExpenses": 294680000, "calculatedNetInterest": 915879000, "calculatedOtherIncome": -1033483000, "calculatedIncomeNonControlling": 0, "calculatedEbitda": 629526000}, {"date": "2017-12-31", "symbol": "WAL", "reportedCurrency": "USD", "cik": "0001212545", "fillingDate": "2018-02-26", "acceptedDate": "2018-02-26 17:09:43", "calendarYear": "2017", "period": "FY", "revenue": 807831000, "costOfRevenue": 0, "grossProfit": 807831000, "grossProfitRatio": 1, "researchAndDevelopmentExpenses": 0, "generalAndAdministrativeExpenses": 228386000, "sellingAndMarketingExpenses": 3804000, "sellingGeneralAndAdministrativeExpenses": 232190000, "otherExpenses": -516036000, "operatingExpenses": -283846000, "costAndExpenses": -283846000, "interestIncome": 845513000, "interestExpense": 60849000, "depreciationAndAmortization": 2074000, "ebitda": 526059000, "ebitdaratio": 0.6511993226, "operatingIncome": 523985000, "operatingIncomeRatio": 0.648631954, "totalOtherIncomeExpensesNet": -72168000, "incomeBeforeTax": 451817000, "incomeBeforeTaxRatio": 0.559296437, "incomeTaxExpense": 126325000, "netIncome": 325492000, "netIncomeRatio": 0.402920908, "eps": 3.12, "epsdiluted": 3.1, "weightedAverageShsOut": 104179000, "weightedAverageShsOutDil": 104997000, "link": "https://www.sec.gov/Archives/edgar/data/1212545/000121254518000091/0001212545-18-000091-index.htm", "finalLink": "https://www.sec.gov/Archives/edgar/data/1212545/000121254518000091/wal1231201710-k.htm", "calculatedOtherExpenses": 51656000, "calculatedOperatingExpenses": 283846000, "calculatedNetInterest": 784664000, "calculatedOtherIncome": -856832000, "calculatedIncomeNonControlling": 0, "calculatedEbitda": 526059000}, {"date": "2016-12-31", "symbol": "WAL", "reportedCurrency": "USD", "cik": "0001212545", "fillingDate": "2017-02-28", "acceptedDate": "2017-02-28 16:21:03", "calendarYear": "2016", "period": "FY", "revenue": 694318000, "costOfRevenue": 0, "grossProfit": 694318000, "grossProfitRatio": 1, "researchAndDevelopmentExpenses": 0, "generalAndAdministrativeExpenses": 201708000, "sellingAndMarketingExpenses": 3596000, "sellingGeneralAndAdministrativeExpenses": 205304000, "otherExpenses": -495150000, "operatingExpenses": -289846000, "costAndExpenses": -289846000, "interestIncome": 700506000, "interestExpense": 43293000, "depreciationAndAmortization": 2788000, "ebitda": 407260000, "ebitdaratio": 0.5865612011, "operatingIncome": 404472000, "operatingIncomeRatio": 0.5825457499, "totalOtherIncomeExpensesNet": -43293000, "incomeBeforeTax": 361179000, "incomeBeforeTaxRatio": 0.5201924766, "incomeTaxExpense": 101381000, "netIncome": 259798000, "netIncomeRatio": 0.3741772502, "eps": 2.52, "epsdiluted": 2.5, "weightedAverageShsOut": 103042000, "weightedAverageShsOutDil": 103843000, "link": "https://www.sec.gov/Archives/edgar/data/1212545/000121254517000112/0001212545-17-000112-index.htm", "finalLink": "https://www.sec.gov/Archives/edgar/data/1212545/000121254517000112/wal1231201610-k.htm", "calculatedOtherExpenses": 84542000, "calculatedOperatingExpenses": 289846000, "calculatedNetInterest": 657213000, "calculatedOtherIncome": -700506000, "calculatedIncomeNonControlling": 0, "calculatedEbitda": 407260000}, {"date": "2015-12-31", "symbol": "WAL", "reportedCurrency": "USD", "cik": "0001212545", "fillingDate": "2016-02-16", "acceptedDate": "2016-02-16 17:27:56", "calendarYear": "2015", "period": "FY", "revenue": 517354000, "costOfRevenue": 0, "grossProfit": 517354000, "grossProfitRatio": 1, "researchAndDevelopmentExpenses": 0, "generalAndAdministrativeExpenses": 160831000, "sellingAndMarketingExpenses": 2885000, "sellingGeneralAndAdministrativeExpenses": 163716000, "otherExpenses": -389964000, "operatingExpenses": -226248000, "costAndExpenses": -226248000, "interestIncome": 525144000, "interestExpense": 32568000, "depreciationAndAmortization": 1970000, "ebitda": 293076000, "ebitdaratio": 0.5664902562, "operatingIncome": 291106000, "operatingIncomeRatio": 0.5626824186, "totalOtherIncomeExpensesNet": -32568000, "incomeBeforeTax": 258538000, "incomeBeforeTaxRatio": 0.4997313252, "incomeTaxExpense": 64294000, "netIncome": 194244000, "netIncomeRatio": 0.3754566506, "eps": 2.05, "epsdiluted": 2.03, "weightedAverageShsOut": 94570000, "weightedAverageShsOutDil": 95219000, "link": "https://www.sec.gov/Archives/edgar/data/1212545/000121254516000325/0001212545-16-000325-index.htm", "finalLink": "https://www.sec.gov/Archives/edgar/data/1212545/000121254516000325/wal1231201510-k.htm", "calculatedOtherExpenses": 62532000, "calculatedOperatingExpenses": 226248000, "calculatedNetInterest": 492576000, "calculatedOtherIncome": -525144000, "calculatedIncomeNonControlling": 0, "calculatedEbitda": 293076000}, {"date": "2014-12-31", "symbol": "WAL", "reportedCurrency": "USD", "cik": "0001212545", "fillingDate": "2015-02-17", "acceptedDate": "2015-02-17 16:50:47", "calendarYear": "2014", "period": "FY", "revenue": 408454000, "costOfRevenue": -1051000, "grossProfit": 409505000, "grossProfitRatio": 1.0025731172, "researchAndDevelopmentExpenses": 0, "generalAndAdministrativeExpenses": 135492000, "sellingAndMarketingExpenses": 2300000, "sellingGeneralAndAdministrativeExpenses": 137792000, "otherExpenses": 0, "operatingExpenses": 16578000, "costAndExpenses": 15527000, "interestIncome": 416379000, "interestExpense": 31486000, "depreciationAndAmortization": 1461000, "ebitda": 229288000, "ebitdaratio": 0.5613557463, "operatingIncome": 149109000, "operatingIncomeRatio": 0.3650570199, "totalOtherIncomeExpensesNet": 48390000, "incomeBeforeTax": 197499000, "incomeBeforeTaxRatio": 0.4835281329, "incomeTaxExpense": 48390000, "netIncome": 147951000, "netIncomeRatio": 0.3622219393, "eps": 1.69, "epsdiluted": 1.67, "weightedAverageShsOut": 86693000, "weightedAverageShsOutDil": 87506000, "link": "https://www.sec.gov/Archives/edgar/data/1212545/000121254515000090/0001212545-15-000090-index.htm", "finalLink": "https://www.sec.gov/Archives/edgar/data/1212545/000121254515000090/wal1231201410k.htm", "calculatedOtherExpenses": 122604000, "calculatedOperatingExpenses": 260396000, "calculatedNetInterest": 384893000, "calculatedOtherIncome": -336503000, "calculatedIncomeNonControlling": 1158000, "calculatedEbitda": 150570000}, {"date": "2013-12-31", "symbol": "WAL", "reportedCurrency": "USD", "cik": "0001212545", "fillingDate": "2014-02-21", "acceptedDate": "2014-02-21 17:24:54", "calendarYear": "2013", "period": "FY", "revenue": 341728000, "costOfRevenue": 0, "grossProfit": 341728000, "grossProfitRatio": 1, "researchAndDevelopmentExpenses": 0, "generalAndAdministrativeExpenses": 121528000, "sellingAndMarketingExpenses": 2581000, "sellingGeneralAndAdministrativeExpenses": 124109000, "otherExpenses": -350454000, "operatingExpenses": -226345000, "costAndExpenses": -226346000, "interestIncome": 362655000, "interestExpense": 29760000, "depreciationAndAmortization": 2388000, "ebitda": 178774000, "ebitdaratio": 0.5231470643, "operatingIncome": 115384000, "operatingIncomeRatio": 0.3376486562, "totalOtherIncomeExpensesNet": 25254000, "incomeBeforeTax": 140637000, "incomeBeforeTaxRatio": 0.4115466102, "incomeTaxExpense": 25254000, "netIncome": 114522000, "netIncomeRatio": 0.3351261822, "eps": 1.33, "epsdiluted": 1.31, "weightedAverageShsOut": 85682000, "weightedAverageShsOutDil": 86541000, "link": "https://www.sec.gov/Archives/edgar/data/1212545/000121254514000080/0001212545-14-000080-index.htm", "finalLink": "https://www.sec.gov/Archives/edgar/data/1212545/000121254514000080/wal1231201310k.htm", "calculatedOtherExpenses": 102235000, "calculatedOperatingExpenses": 226344000, "calculatedNetInterest": 332895000, "calculatedOtherIncome": -307642000, "calculatedIncomeNonControlling": 861000, "calculatedEbitda": 117772000}, {"date": "2012-12-31", "symbol": "WAL", "reportedCurrency": "USD", "cik": "0001212545", "fillingDate": "2013-03-01", "acceptedDate": "2013-03-01 15:55:38", "calendarYear": "2012", "period": "FY", "revenue": 305720000, "costOfRevenue": 0, "grossProfit": 305720000, "grossProfitRatio": 1, "researchAndDevelopmentExpenses": 0, "generalAndAdministrativeExpenses": 113555000, "sellingAndMarketingExpenses": 5607000, "sellingGeneralAndAdministrativeExpenses": 119162000, "otherExpenses": -349558000, "operatingExpenses": -230396000, "costAndExpenses": -230396000, "interestIncome": 318295000, "interestExpense": 28032000, "depreciationAndAmortization": 3256000, "ebitda": 134388000, "ebitdaratio": 0.4395786995, "operatingIncome": 75324000, "operatingIncomeRatio": 0.2463823106, "totalOtherIncomeExpensesNet": 23961000, "incomeBeforeTax": 99285000, "incomeBeforeTaxRatio": 0.3247579484, "incomeTaxExpense": 23961000, "netIncome": 72834000, "netIncomeRatio": 0.238237603, "eps": 0.84, "epsdiluted": 0.83, "weightedAverageShsOut": 82285000, "weightedAverageShsOutDil": 82912000, "link": "https://www.sec.gov/Archives/edgar/data/1212545/000119312513087604/0001193125-13-087604-index.htm", "finalLink": "https://www.sec.gov/Archives/edgar/data/1212545/000119312513087604/d461549d10k.htm", "calculatedOtherExpenses": 111234000, "calculatedOperatingExpenses": 230396000, "calculatedNetInterest": 290263000, "calculatedOtherIncome": -266302000, "calculatedIncomeNonControlling": 2490000, "calculatedEbitda": 78580000}, {"date": "2011-12-31", "symbol": "WAL", "reportedCurrency": "USD", "cik": "0001212545", "fillingDate": "2012-03-02", "acceptedDate": "2012-03-02 15:19:18", "calendarYear": "2011", "period": "FY", "revenue": 292351000, "costOfRevenue": 0, "grossProfit": 292351000, "grossProfitRatio": 1, "researchAndDevelopmentExpenses": 0, "generalAndAdministrativeExpenses": 112311000, "sellingAndMarketingExpenses": 4676000, "sellingGeneralAndAdministrativeExpenses": 116987000, "otherExpenses": 226000, "operatingExpenses": 117213000, "costAndExpenses": 117213000, "interestIncome": 296591000, "interestExpense": 38923000, "depreciationAndAmortization": 4760000, "ebitda": 97889000, "ebitdaratio": 0.3348338128, "operatingIncome": 33490000, "operatingIncomeRatio": 0.1145540805, "totalOtherIncomeExpensesNet": 16849000, "incomeBeforeTax": 50339000, "incomeBeforeTaxRatio": 0.1721868576, "incomeTaxExpense": 16849000, "netIncome": 31494000, "netIncomeRatio": 0.107726671, "eps": 0.19, "epsdiluted": 0.19, "weightedAverageShsOut": 80909000, "weightedAverageShsOutDil": 81183000, "link": "https://www.sec.gov/Archives/edgar/data/1212545/000119312512094320/0001193125-12-094320-index.htm", "finalLink": "https://www.sec.gov/Archives/edgar/data/1212545/000119312512094320/d276670d10k.htm", "calculatedOtherExpenses": 141874000, "calculatedOperatingExpenses": 258861000, "calculatedNetInterest": 257668000, "calculatedOtherIncome": -240819000, "calculatedIncomeNonControlling": 1996000, "calculatedEbitda": 38250000}, {"date": "2010-12-31", "symbol": "WAL", "reportedCurrency": "USD", "cik": "0001212545", "fillingDate": "2010-12-31", "acceptedDate": "2010-12-30 19:00:00", "calendarYear": "2010", "period": "FY", "revenue": 277575000, "costOfRevenue": 0, "grossProfit": 277575000, "grossProfitRatio": 1, "researchAndDevelopmentExpenses": 0, "generalAndAdministrativeExpenses": 151579000, "sellingAndMarketingExpenses": 4061000, "sellingGeneralAndAdministrativeExpenses": 155640000, "otherExpenses": -1814000, "operatingExpenses": 153826000, "costAndExpenses": 153826000, "interestIncome": 281813000, "interestExpense": 49260000, "depreciationAndAmortization": 6110000, "ebitda": 49746000, "ebitdaratio": 0.179216428, "operatingIncome": 43636000, "operatingIncomeRatio": 0.1572043592, "totalOtherIncomeExpensesNet": -54216000, "incomeBeforeTax": -10580000, "incomeBeforeTaxRatio": -0.0381158246, "incomeTaxExpense": -6410000, "netIncome": -7195000, "netIncomeRatio": -0.0259209223, "eps": -0.0958, "epsdiluted": -0.0958, "weightedAverageShsOut": 75083000, "weightedAverageShsOutDil": 75083000, "link": "", "finalLink": "", "calculatedOtherExpenses": 78299000, "calculatedOperatingExpenses": 233939000, "calculatedNetInterest": 232553000, "calculatedOtherIncome": -286769000, "calculatedIncomeNonControlling": 3025000, "calculatedEbitda": 49746000}, {"date": "2009-12-31", "symbol": "WAL", "reportedCurrency": "USD", "cik": "0001212545", "fillingDate": "2010-03-16", "acceptedDate": "2010-03-16 17:30:05", "calendarYear": "2009", "period": "FY", "revenue": 252332000, "costOfRevenue": 21275000, "grossProfit": 231057000, "grossProfitRatio": 0.9156864765, "researchAndDevelopmentExpenses": 0, "generalAndAdministrativeExpenses": 95466000, "sellingAndMarketingExpenses": 6463000, "sellingGeneralAndAdministrativeExpenses": 95466000, "otherExpenses": 43784000, "operatingExpenses": 15575000, "costAndExpenses": 36850000, "interestIncome": 276024000, "interestExpense": 73734000, "depreciationAndAmortization": 3780000, "ebitda": -103789000, "ebitdaratio": -0.4113192144, "operatingIncome": -107569000, "operatingIncomeRatio": -0.4262994785, "totalOtherIncomeExpensesNet": -85443000, "incomeBeforeTax": -193012000, "incomeBeforeTaxRatio": -0.7649128925, "incomeTaxExpense": -41605000, "netIncome": -151406000, "netIncomeRatio": -0.6000269486, "eps": -2.57, "epsdiluted": -2.57, "weightedAverageShsOut": 58813139, "weightedAverageShsOutDil": 58813139, "link": "https://www.sec.gov/Archives/edgar/data/1212545/000095012310025306/0000950123-10-025306-index.htm", "finalLink": "https://www.sec.gov/Archives/edgar/data/1212545/000095012310025306/c97780e10vk.htm", "calculatedOtherExpenses": 243160000, "calculatedOperatingExpenses": 338626000, "calculatedNetInterest": 202290000, "calculatedOtherIncome": -287733000, "calculatedIncomeNonControlling": -1000, "calculatedEbitda": -103789000}, {"date": "2008-12-31", "symbol": "WAL", "reportedCurrency": "USD", "cik": "0001212545", "fillingDate": "2009-03-16", "acceptedDate": "2009-03-16 17:06:14", "calendarYear": "2008", "period": "FY", "revenue": 234694000, "costOfRevenue": 0, "grossProfit": 234694000, "grossProfitRatio": 1, "researchAndDevelopmentExpenses": 0, "generalAndAdministrativeExpenses": 88349000, "sellingAndMarketingExpenses": 10247000, "sellingGeneralAndAdministrativeExpenses": 98596000, "otherExpenses": -523233000, "operatingExpenses": -424637000, "costAndExpenses": -424637000, "interestIncome": 295591000, "interestExpense": 100683000, "depreciationAndAmortization": 12873000, "ebitda": -177070000, "ebitdaratio": -0.7544717803, "operatingIncome": -189943000, "operatingIncomeRatio": -0.8093219256, "totalOtherIncomeExpensesNet": -100683000, "incomeBeforeTax": -290626000, "incomeBeforeTaxRatio": -1.2383188322, "incomeTaxExpense": -54166000, "netIncome": -236460000, "netIncomeRatio": -1.0075246917, "eps": -7.24, "epsdiluted": -7.24, "weightedAverageShsOut": 32652000, "weightedAverageShsOutDil": 32652000, "link": "https://www.sec.gov/Archives/edgar/data/1212545/000095015309000200/0000950153-09-000200-index.htm", "finalLink": "https://www.sec.gov/Archives/edgar/data/1212545/000095015309000200/p14234e10vk.htm", "calculatedOtherExpenses": 326041000, "calculatedOperatingExpenses": 424637000, "calculatedNetInterest": 194908000, "calculatedOtherIncome": -295591000, "calculatedIncomeNonControlling": 0, "calculatedEbitda": -177070000}, {"date": "2007-12-31", "symbol": "WAL", "reportedCurrency": "USD", "cik": "0001212545", "fillingDate": "2008-02-25", "acceptedDate": "2008-02-25 07:56:27", "calendarYear": "2007", "period": "FY", "revenue": 202427000, "costOfRevenue": 0, "grossProfit": 202427000, "grossProfitRatio": 1, "researchAndDevelopmentExpenses": 0, "generalAndAdministrativeExpenses": 76582000, "sellingAndMarketingExpenses": 6815000, "sellingGeneralAndAdministrativeExpenses": 83397000, "otherExpenses": -111503000, "operatingExpenses": -28106000, "costAndExpenses": -28106000, "interestIncome": 305822000, "interestExpense": 125933000, "depreciationAndAmortization": 12782000, "ebitda": 187103000, "ebitdaratio": 0.9242986361, "operatingIncome": 174321000, "operatingIncomeRatio": 0.8611548855, "totalOtherIncomeExpensesNet": -125933000, "incomeBeforeTax": 48388000, "incomeBeforeTaxRatio": 0.2390392586, "incomeTaxExpense": 15513000, "netIncome": 32875000, "netIncomeRatio": 0.1624042247, "eps": 1.14, "epsdiluted": 1.06, "weightedAverageShsOut": 28837719, "weightedAverageShsOutDil": 31014151, "link": "https://www.sec.gov/Archives/edgar/data/1212545/000095015308000389/0000950153-08-000389-index.htm", "finalLink": "https://www.sec.gov/Archives/edgar/data/1212545/000095015308000389/p74889e10vk.htm", "calculatedOtherExpenses": -55291000, "calculatedOperatingExpenses": 28106000, "calculatedNetInterest": 179889000, "calculatedOtherIncome": -305822000, "calculatedIncomeNonControlling": 0, "calculatedEbitda": 187103000}, {"date": "2006-12-31", "symbol": "WAL", "reportedCurrency": "USD", "cik": "0001212545", "fillingDate": "2007-03-01", "acceptedDate": "2007-03-01 15:48:49", "calendarYear": "2006", "period": "FY", "revenue": 162222000, "costOfRevenue": 0, "grossProfit": 162222000, "grossProfitRatio": 1, "researchAndDevelopmentExpenses": 0, "generalAndAdministrativeExpenses": 54767000, "sellingAndMarketingExpenses": 4242000, "sellingGeneralAndAdministrativeExpenses": 59009000, "otherExpenses": -75458000, "operatingExpenses": -16449000, "costAndExpenses": -16449000, "interestIncome": 233085000, "interestExpense": 84297000, "depreciationAndAmortization": 7734000, "ebitda": 153507000, "ebitdaratio": 0.9462773237, "operatingIncome": 145773000, "operatingIncomeRatio": 0.8986019159, "totalOtherIncomeExpensesNet": -84297000, "incomeBeforeTax": 61476000, "incomeBeforeTaxRatio": 0.378962163, "incomeTaxExpense": 21587000, "netIncome": 39889000, "netIncomeRatio": 0.2458914327, "eps": 1.56, "epsdiluted": 1.41, "weightedAverageShsOut": 25569872, "weightedAverageShsOutDil": 28290071, "link": "https://www.sec.gov/Archives/edgar/data/1212545/000095015307000451/0000950153-07-000451-index.htm", "finalLink": "https://www.sec.gov/Archives/edgar/data/1212545/000095015307000451/p73529e10vk.htm", "calculatedOtherExpenses": -42560000, "calculatedOperatingExpenses": 16449000, "calculatedNetInterest": 148788000, "calculatedOtherIncome": -233085000, "calculatedIncomeNonControlling": 0, "calculatedEbitda": 153507000}, {"date": "2005-12-31", "symbol": "WAL", "reportedCurrency": "USD", "cik": "0001212545", "fillingDate": "2006-03-20", "acceptedDate": "2006-03-20 17:23:29", "calendarYear": "2005", "period": "FY", "revenue": 114480000, "costOfRevenue": 0, "grossProfit": 114480000, "grossProfitRatio": 1, "researchAndDevelopmentExpenses": 0, "generalAndAdministrativeExpenses": 36816000, "sellingAndMarketingExpenses": 2806000, "sellingGeneralAndAdministrativeExpenses": 39622000, "otherExpenses": -78097000, "operatingExpenses": -38475000, "costAndExpenses": -38475000, "interestIncome": 134910000, "interestExpense": 32568000, "depreciationAndAmortization": 5002000, "ebitda": 81007000, "ebitdaratio": 0.7076083159, "operatingIncome": 76005000, "operatingIncomeRatio": 0.6639150943, "totalOtherIncomeExpensesNet": -32568000, "incomeBeforeTax": 43437000, "incomeBeforeTaxRatio": 0.3794287212, "incomeTaxExpense": 15372000, "netIncome": 28065000, "netIncomeRatio": 0.2451519916, "eps": 1.36, "epsdiluted": 1.24, "weightedAverageShsOut": 20636029, "weightedAverageShsOutDil": 22633065, "link": "https://www.sec.gov/Archives/edgar/data/1212545/000095015306000730/0000950153-06-000730-index.htm", "finalLink": "https://www.sec.gov/Archives/edgar/data/1212545/000095015306000730/p72035e10vk.htm", "calculatedOtherExpenses": -1147000, "calculatedOperatingExpenses": 38475000, "calculatedNetInterest": 102342000, "calculatedOtherIncome": -134910000, "calculatedIncomeNonControlling": 0, "calculatedEbitda": 81007000}, {"date": "2004-12-31", "symbol": "WAL", "reportedCurrency": "USD", "cik": "0001212545", "fillingDate": "2004-12-31", "acceptedDate": "2004-12-30 19:00:00", "calendarYear": "2004", "period": "FY", "revenue": 79861000, "costOfRevenue": 0, "grossProfit": 79861000, "grossProfitRatio": 1, "researchAndDevelopmentExpenses": 0, "generalAndAdministrativeExpenses": 25590000, "sellingAndMarketingExpenses": 1672000, "sellingGeneralAndAdministrativeExpenses": 27262000, "otherExpenses": -56385000, "operatingExpenses": -29123000, "costAndExpenses": -29123000, "interestIncome": 90855000, "interestExpense": 19720000, "depreciationAndAmortization": 6327000, "ebitda": 57065000, "ebitdaratio": 0.7145540376, "operatingIncome": 50738000, "operatingIncomeRatio": 0.6353288839, "totalOtherIncomeExpensesNet": -19720000, "incomeBeforeTax": 31018000, "incomeBeforeTaxRatio": 0.3883998447, "incomeTaxExpense": 10961000, "netIncome": 20057000, "netIncomeRatio": 0.2511488712, "eps": 1.17, "epsdiluted": 1.09, "weightedAverageShsOut": 17142735, "weightedAverageShsOutDil": 18400917, "link": "", "finalLink": "", "calculatedOtherExpenses": 1861000, "calculatedOperatingExpenses": 29123000, "calculatedNetInterest": 71135000, "calculatedOtherIncome": -90855000, "calculatedIncomeNonControlling": 0, "calculatedEbitda": 57065000}, {"date": "2003-12-31", "symbol": "WAL", "reportedCurrency": "USD", "cik": "0001212545", "fillingDate": "2003-12-31", "acceptedDate": "2003-12-30 19:00:00", "calendarYear": "2003", "period": "FY", "revenue": 45295000, "costOfRevenue": 0, "grossProfit": 45295000, "grossProfitRatio": 1, "researchAndDevelopmentExpenses": 0, "generalAndAdministrativeExpenses": 15615000, "sellingAndMarketingExpenses": 989000, "sellingGeneralAndAdministrativeExpenses": 16604000, "otherExpenses": -36241000, "operatingExpenses": -19637000, "costAndExpenses": -19637000, "interestIncome": 53823000, "interestExpense": 12798000, "depreciationAndAmortization": 4741000, "ebitda": 30399000, "ebitdaratio": 0.6711336792, "operatingIncome": 25658000, "operatingIncomeRatio": 0.5664642897, "totalOtherIncomeExpensesNet": -12798000, "incomeBeforeTax": 12860000, "incomeBeforeTaxRatio": 0.2839165471, "incomeTaxExpense": 4171000, "netIncome": 8689000, "netIncomeRatio": 0.191831328, "eps": 0.61, "epsdiluted": 0.59, "weightedAverageShsOut": 14313611, "weightedAverageShsOutDil": 14613173, "link": "", "finalLink": "", "calculatedOtherExpenses": 3033000, "calculatedOperatingExpenses": 19637000, "calculatedNetInterest": 41025000, "calculatedOtherIncome": -53823000, "calculatedIncomeNonControlling": 0, "calculatedEbitda": 30399000}, {"date": "2002-12-31", "symbol": "WAL", "reportedCurrency": "USD", "cik": "0001212545", "fillingDate": "2002-12-31", "acceptedDate": "2002-12-30 19:00:00", "calendarYear": "2002", "period": "FY", "revenue": 5522000, "costOfRevenue": 0, "grossProfit": 5522000, "grossProfitRatio": 1, "researchAndDevelopmentExpenses": 0, "generalAndAdministrativeExpenses": 0, "sellingAndMarketingExpenses": 0, "sellingGeneralAndAdministrativeExpenses": 0, "otherExpenses": 16893000, "operatingExpenses": 16893000, "costAndExpenses": 16893000, "interestIncome": 39117000, "interestExpense": 9771000, "depreciationAndAmortization": 0, "ebitda": 22415000, "ebitdaratio": 4.0592176748, "operatingIncome": 22415000, "operatingIncomeRatio": 4.0592176748, "totalOtherIncomeExpensesNet": -9771000, "incomeBeforeTax": 12644000, "incomeBeforeTaxRatio": 2.2897500905, "incomeTaxExpense": 4235000, "netIncome": 8409000, "netIncomeRatio": 1.5228178196, "eps": 0.79, "epsdiluted": 0.78, "weightedAverageShsOut": 10644304, "weightedAverageShsOutDil": 10780769, "link": "", "finalLink": "", "calculatedOtherExpenses": -16893000, "calculatedOperatingExpenses": -16893000, "calculatedNetInterest": 29346000, "calculatedOtherIncome": -39117000, "calculatedIncomeNonControlling": 0, "calculatedEbitda": 22415000}, {"date": "2001-12-31", "symbol": "WAL", "reportedCurrency": "USD", "cik": "0001212545", "fillingDate": "2011-03-07", "acceptedDate": "2011-03-04 17:40:41", "calendarYear": "2001", "period": "FY", "revenue": 3437000, "costOfRevenue": 0, "grossProfit": 3437000, "grossProfitRatio": 1, "researchAndDevelopmentExpenses": 0, "generalAndAdministrativeExpenses": 7591000, "sellingAndMarketingExpenses": 4061000, "sellingGeneralAndAdministrativeExpenses": 11652000, "otherExpenses": 0, "operatingExpenses": 11652000, "costAndExpenses": 11652000, "interestIncome": 35713000, "interestExpense": 9140000, "depreciationAndAmortization": 14301000, "ebitda": 18094000, "ebitdaratio": 5.2644748327, "operatingIncome": 3793000, "operatingIncomeRatio": 1.1035787024, "totalOtherIncomeExpensesNet": -14373000, "incomeBeforeTax": 8954000, "incomeBeforeTaxRatio": 2.6051789351, "incomeTaxExpense": 3001000, "netIncome": 5953000, "netIncomeRatio": 1.7320337504, "eps": 0.55, "epsdiluted": 0.54, "weightedAverageShsOut": 10823636, "weightedAverageShsOutDil": 11024074, "link": "https://www.sec.gov/Archives/edgar/data/1212545/000095012311022298/0000950123-11-022298-index.htm", "finalLink": "https://www.sec.gov/Archives/edgar/data/1212545/000095012311022298/p18710e10vk.htm", "calculatedOtherExpenses": -12008000, "calculatedOperatingExpenses": -356000, "calculatedNetInterest": 26573000, "calculatedOtherIncome": -21412000, "calculatedIncomeNonControlling": 0, "calculatedEbitda": 18094000}]}