{"originalCurrency": "USD", "convertedCurrency": "USD", "report": [{"date": "2023-08-31", "symbol": "WBA", "reportedCurrency": "USD", "cik": "0001618921", "fillingDate": "2023-10-12", "acceptedDate": "2023-10-12 16:01:16", "calendarYear": "2023", "period": "FY", "revenue": 139081000000, "costOfRevenue": 112009000000, "grossProfit": 27072000000, "grossProfitRatio": 0.1946491613, "researchAndDevelopmentExpenses": 371000000, "generalAndAdministrativeExpenses": 33430000000, "sellingAndMarketingExpenses": 775000000, "sellingGeneralAndAdministrativeExpenses": 34205000000, "otherExpenses": 2043000000, "operatingExpenses": 34205000000, "costAndExpenses": 146214000000, "interestIncome": 580000000, "interestExpense": 580000000, "depreciationAndAmortization": 2257000000, "ebitda": -2582000000, "ebitdaratio": -0.0185647213, "operatingIncome": -6882000000, "operatingIncomeRatio": -0.0494819566, "totalOtherIncomeExpensesNet": 2295000000, "incomeBeforeTax": -5419000000, "incomeBeforeTaxRatio": -0.0389629065, "incomeTaxExpense": -1858000000, "netIncome": -3080000000, "netIncomeRatio": -0.0221453685, "eps": -3.57, "epsdiluted": -3.57, "weightedAverageShsOut": 863200000, "weightedAverageShsOutDil": 863200000, "link": "https://www.sec.gov/Archives/edgar/data/1618921/000161892123000062/0001618921-23-000062-index.htm", "finalLink": "https://www.sec.gov/Archives/edgar/data/1618921/000161892123000062/wba-20230831.htm", "calculatedOtherExpenses": -622000000, "calculatedOperatingExpenses": 33954000000, "calculatedNetInterest": 0, "calculatedOtherIncome": 1463000000, "calculatedIncomeNonControlling": -481000000, "calculatedEbitda": -4625000000}, {"date": "2022-08-31", "symbol": "WBA", "reportedCurrency": "USD", "cik": "0001618921", "fillingDate": "2022-10-13", "acceptedDate": "2022-10-13 16:02:19", "calendarYear": "2022", "period": "FY", "revenue": 132703000000, "costOfRevenue": 104437000000, "grossProfit": 28266000000, "grossProfitRatio": 0.2130019668, "researchAndDevelopmentExpenses": 307000000, "generalAndAdministrativeExpenses": 26433000000, "sellingAndMarketingExpenses": 862000000, "sellingGeneralAndAdministrativeExpenses": 27295000000, "otherExpenses": 2998000000, "operatingExpenses": 27295000000, "costAndExpenses": 131732000000, "interestIncome": 396000000, "interestExpense": 400000000, "depreciationAndAmortization": 1990000000, "ebitda": 6375000000, "ebitdaratio": 0.0480396072, "operatingIncome": 4385000000, "operatingIncomeRatio": 0.0330437142, "totalOtherIncomeExpensesNet": -400000000, "incomeBeforeTax": 3985000000, "incomeBeforeTaxRatio": 0.0300294643, "incomeTaxExpense": -30000000, "netIncome": 4337000000, "netIncomeRatio": 0.0326820042, "eps": 5.02, "epsdiluted": 5.01, "weightedAverageShsOut": 864400000, "weightedAverageShsOutDil": 865900000, "link": "https://www.sec.gov/Archives/edgar/data/1618921/000161892122000064/0001618921-22-000064-index.htm", "finalLink": "https://www.sec.gov/Archives/edgar/data/1618921/000161892122000064/wba-20220831.htm", "calculatedOtherExpenses": -3721000000, "calculatedOperatingExpenses": 23881000000, "calculatedNetInterest": -4000000, "calculatedOtherIncome": -396000000, "calculatedIncomeNonControlling": -322000000, "calculatedEbitda": 6375000000}, {"date": "2021-08-31", "symbol": "WBA", "reportedCurrency": "USD", "cik": "0001618921", "fillingDate": "2021-10-14", "acceptedDate": "2021-10-14 16:31:34", "calendarYear": "2021", "period": "FY", "revenue": 132509000000, "costOfRevenue": 104442000000, "grossProfit": 28067000000, "grossProfitRatio": 0.2118120279, "researchAndDevelopmentExpenses": 284000000, "generalAndAdministrativeExpenses": 23814000000, "sellingAndMarketingExpenses": 772000000, "sellingGeneralAndAdministrativeExpenses": 24586000000, "otherExpenses": 558000000, "operatingExpenses": 24586000000, "costAndExpenses": 129028000000, "interestIncome": 491000000, "interestExpense": 905000000, "depreciationAndAmortization": 1973000000, "ebitda": 5454000000, "ebitdaratio": 0.0411594684, "operatingIncome": 3481000000, "operatingIncomeRatio": 0.0262699137, "totalOtherIncomeExpensesNet": -1486000000, "incomeBeforeTax": 1995000000, "incomeBeforeTaxRatio": 0.0150555811, "incomeTaxExpense": 667000000, "netIncome": 1328000000, "netIncomeRatio": 0.0100219608, "eps": 1.54, "epsdiluted": 1.53, "weightedAverageShsOut": 864800000, "weightedAverageShsOutDil": 866400000, "link": "https://www.sec.gov/Archives/edgar/data/1618921/000161892121000085/0001618921-21-000085-index.htm", "finalLink": "https://www.sec.gov/Archives/edgar/data/1618921/000161892121000085/wba-20210831.htm", "calculatedOtherExpenses": -284000000, "calculatedOperatingExpenses": 24586000000, "calculatedNetInterest": -414000000, "calculatedOtherIncome": -1072000000, "calculatedIncomeNonControlling": 0, "calculatedEbitda": 5454000000}, {"date": "2020-08-31", "symbol": "WBA", "reportedCurrency": "USD", "cik": "0001618921", "fillingDate": "2020-10-15", "acceptedDate": "2020-10-15 16:15:39", "calendarYear": "2020", "period": "FY", "revenue": 139537000000, "costOfRevenue": 111520000000, "grossProfit": 28017000000, "grossProfitRatio": 0.2007854548, "researchAndDevelopmentExpenses": 300000000, "generalAndAdministrativeExpenses": 26513000000, "sellingAndMarketingExpenses": 532000000, "sellingGeneralAndAdministrativeExpenses": 27045000000, "otherExpenses": 70000000, "operatingExpenses": 27045000000, "costAndExpenses": 138565000000, "interestIncome": 584000000, "interestExpense": 639000000, "depreciationAndAmortization": 1997000000, "ebitda": 3309000000, "ebitdaratio": 0.0237141403, "operatingIncome": 1312000000, "operatingIncomeRatio": 0.0094025241, "totalOtherIncomeExpensesNet": -569000000, "incomeBeforeTax": 743000000, "incomeBeforeTaxRatio": 0.0053247526, "incomeTaxExpense": 360000000, "netIncome": 456000000, "netIncomeRatio": 0.0032679504, "eps": 0.52, "epsdiluted": 0.52, "weightedAverageShsOut": 879400000, "weightedAverageShsOutDil": 880300000, "link": "https://www.sec.gov/Archives/edgar/data/1618921/000161892120000082/0001618921-20-000082-index.htm", "finalLink": "https://www.sec.gov/Archives/edgar/data/1618921/000161892120000082/wba-20200831.htm", "calculatedOtherExpenses": -640000000, "calculatedOperatingExpenses": 26705000000, "calculatedNetInterest": -55000000, "calculatedOtherIncome": -514000000, "calculatedIncomeNonControlling": -73000000, "calculatedEbitda": 3309000000}, {"date": "2019-08-31", "symbol": "WBA", "reportedCurrency": "USD", "cik": "0001618921", "fillingDate": "2019-10-28", "acceptedDate": "2019-10-28 16:19:39", "calendarYear": "2019", "period": "FY", "revenue": 136866000000, "costOfRevenue": 106790000000, "grossProfit": 30076000000, "grossProfitRatio": 0.2197477825, "researchAndDevelopmentExpenses": 260000000, "generalAndAdministrativeExpenses": 24660000000, "sellingAndMarketingExpenses": 582000000, "sellingGeneralAndAdministrativeExpenses": 25242000000, "otherExpenses": 233000000, "operatingExpenses": 25242000000, "costAndExpenses": 132032000000, "interestIncome": 650000000, "interestExpense": 704000000, "depreciationAndAmortization": 2271000000, "ebitda": 7269000000, "ebitdaratio": 0.0531103415, "operatingIncome": 4998000000, "operatingIncomeRatio": 0.0365174696, "totalOtherIncomeExpensesNet": -471000000, "incomeBeforeTax": 4527000000, "incomeBeforeTaxRatio": 0.0330761475, "incomeTaxExpense": 588000000, "netIncome": 3982000000, "netIncomeRatio": 0.0290941505, "eps": 4.32, "epsdiluted": 4.31, "weightedAverageShsOut": 921500000, "weightedAverageShsOutDil": 923500000, "link": "https://www.sec.gov/Archives/edgar/data/1618921/000161892119000069/0001618921-19-000069-index.htm", "finalLink": "https://www.sec.gov/Archives/edgar/data/1618921/000161892119000069/wba-2019831x10k.htm", "calculatedOtherExpenses": -424000000, "calculatedOperatingExpenses": 25078000000, "calculatedNetInterest": -54000000, "calculatedOtherIncome": -417000000, "calculatedIncomeNonControlling": -43000000, "calculatedEbitda": 7269000000}, {"date": "2018-08-31", "symbol": "WBA", "reportedCurrency": "USD", "cik": "0001618921", "fillingDate": "2018-10-11", "acceptedDate": "2018-10-11 16:21:49", "calendarYear": "2018", "period": "FY", "revenue": 131537000000, "costOfRevenue": 100745000000, "grossProfit": 30792000000, "grossProfitRatio": 0.2340938291, "researchAndDevelopmentExpenses": 254000000, "generalAndAdministrativeExpenses": 24569000000, "sellingAndMarketingExpenses": 665000000, "sellingGeneralAndAdministrativeExpenses": 24569000000, "otherExpenses": 177000000, "operatingExpenses": 24569000000, "costAndExpenses": 125314000000, "interestIncome": 0, "interestExpense": 616000000, "depreciationAndAmortization": 1770000000, "ebitda": 8361000000, "ebitdaratio": 0.0635638642, "operatingIncome": 6414000000, "operatingIncomeRatio": 0.0487619453, "totalOtherIncomeExpensesNet": 368000000, "incomeBeforeTax": 5975000000, "incomeBeforeTaxRatio": 0.0454244813, "incomeTaxExpense": 998000000, "netIncome": 5024000000, "netIncomeRatio": 0.0381945764, "eps": 5.07, "epsdiluted": 5.05, "weightedAverageShsOut": 991000000, "weightedAverageShsOutDil": 995000000, "link": "https://www.sec.gov/Archives/edgar/data/1618921/000162828018012472/0001628280-18-012472-index.htm", "finalLink": "https://www.sec.gov/Archives/edgar/data/1618921/000162828018012472/wba-2018831x10k.htm", "calculatedOtherExpenses": -445000000, "calculatedOperatingExpenses": 24378000000, "calculatedNetInterest": -616000000, "calculatedOtherIncome": 177000000, "calculatedIncomeNonControlling": -47000000, "calculatedEbitda": 8184000000}, {"date": "2017-08-31", "symbol": "WBA", "reportedCurrency": "USD", "cik": "0001618921", "fillingDate": "2017-10-25", "acceptedDate": "2017-10-25 17:08:45", "calendarYear": "2017", "period": "FY", "revenue": 118214000000, "costOfRevenue": 89052000000, "grossProfit": 29162000000, "grossProfitRatio": 0.2466882095, "researchAndDevelopmentExpenses": 245000000, "generalAndAdministrativeExpenses": 23740000000, "sellingAndMarketingExpenses": 571000000, "sellingGeneralAndAdministrativeExpenses": 23740000000, "otherExpenses": -11000000, "operatingExpenses": 23740000000, "costAndExpenses": 112792000000, "interestIncome": 0, "interestExpense": 693000000, "depreciationAndAmortization": 1654000000, "ebitda": 7200000000, "ebitdaratio": 0.0609064916, "operatingIncome": 5557000000, "operatingIncomeRatio": 0.0470079686, "totalOtherIncomeExpensesNet": 124000000, "incomeBeforeTax": 4853000000, "incomeBeforeTaxRatio": 0.0410526672, "incomeTaxExpense": 760000000, "netIncome": 4078000000, "netIncomeRatio": 0.0344967601, "eps": 3.8, "epsdiluted": 3.78, "weightedAverageShsOut": 1073500000, "weightedAverageShsOutDil": 1078500000, "link": "https://www.sec.gov/Archives/edgar/data/1618921/000161892117000069/0001618921-17-000069-index.htm", "finalLink": "https://www.sec.gov/Archives/edgar/data/1618921/000161892117000069/wba-2017831x10k.htm", "calculatedOtherExpenses": -380000000, "calculatedOperatingExpenses": 23605000000, "calculatedNetInterest": -693000000, "calculatedOtherIncome": -11000000, "calculatedIncomeNonControlling": 15000000, "calculatedEbitda": 7211000000}, {"date": "2016-08-31", "symbol": "WBA", "reportedCurrency": "USD", "cik": "0001618921", "fillingDate": "2016-10-20", "acceptedDate": "2016-10-20 17:24:02", "calendarYear": "2016", "period": "FY", "revenue": 117351000000, "costOfRevenue": 87477000000, "grossProfit": 29874000000, "grossProfitRatio": 0.2545696245, "researchAndDevelopmentExpenses": 238000000, "generalAndAdministrativeExpenses": 23910000000, "sellingAndMarketingExpenses": 598000000, "sellingGeneralAndAdministrativeExpenses": 23910000000, "otherExpenses": -261000000, "operatingExpenses": 23910000000, "costAndExpenses": 111387000000, "interestIncome": 0, "interestExpense": 596000000, "depreciationAndAmortization": 1718000000, "ebitda": 7458000000, "ebitdaratio": 0.063552931, "operatingIncome": 6001000000, "operatingIncomeRatio": 0.0511371867, "totalOtherIncomeExpensesNet": -224000000, "incomeBeforeTax": 5144000000, "incomeBeforeTaxRatio": 0.043834309, "incomeTaxExpense": 997000000, "netIncome": 4173000000, "netIncomeRatio": 0.0355599867, "eps": 3.85, "epsdiluted": 3.82, "weightedAverageShsOut": 1083100000, "weightedAverageShsOutDil": 1091100000, "link": "https://www.sec.gov/Archives/edgar/data/1618921/000114036116083198/0001140361-16-083198-index.htm", "finalLink": "https://www.sec.gov/Archives/edgar/data/1618921/000114036116083198/form10k.htm", "calculatedOtherExpenses": -275000000, "calculatedOperatingExpenses": 23873000000, "calculatedNetInterest": -596000000, "calculatedOtherIncome": -261000000, "calculatedIncomeNonControlling": -26000000, "calculatedEbitda": 7719000000}, {"date": "2015-08-31", "symbol": "WBA", "reportedCurrency": "USD", "cik": "0001618921", "fillingDate": "2015-10-28", "acceptedDate": "2015-10-28 17:16:10", "calendarYear": "2015", "period": "FY", "revenue": 103444000000, "costOfRevenue": 76520000000, "grossProfit": 26924000000, "grossProfitRatio": 0.2602760914, "researchAndDevelopmentExpenses": 178000000, "generalAndAdministrativeExpenses": 22571000000, "sellingAndMarketingExpenses": 491000000, "sellingGeneralAndAdministrativeExpenses": 22571000000, "otherExpenses": 685000000, "operatingExpenses": 22571000000, "costAndExpenses": 99091000000, "interestIncome": 0, "interestExpense": 605000000, "depreciationAndAmortization": 1742000000, "ebitda": 7658000000, "ebitdaratio": 0.0740303933, "operatingIncome": 4668000000, "operatingIncomeRatio": 0.0451258652, "totalOtherIncomeExpensesNet": 1563000000, "incomeBeforeTax": 5311000000, "incomeBeforeTaxRatio": 0.0513417888, "incomeTaxExpense": 1056000000, "netIncome": 4220000000, "netIncomeRatio": 0.0407950195, "eps": 4.05, "epsdiluted": 4, "weightedAverageShsOut": 1043200000, "weightedAverageShsOutDil": 1053900000, "link": "https://www.sec.gov/Archives/edgar/data/1618921/000114036115038791/0001140361-15-038791-index.htm", "finalLink": "https://www.sec.gov/Archives/edgar/data/1618921/000114036115038791/form10k.htm", "calculatedOtherExpenses": -493000000, "calculatedOperatingExpenses": 22256000000, "calculatedNetInterest": -605000000, "calculatedOtherIncome": 1248000000, "calculatedIncomeNonControlling": 35000000, "calculatedEbitda": 6410000000}, {"date": "2014-08-31", "symbol": "WBA", "reportedCurrency": "USD", "cik": "0001618921", "fillingDate": "2014-08-31", "acceptedDate": "2014-08-30 20:00:00", "calendarYear": "2014", "period": "FY", "revenue": 76392000000, "costOfRevenue": 54823000000, "grossProfit": 21569000000, "grossProfitRatio": 0.282346319, "researchAndDevelopmentExpenses": 127000000, "generalAndAdministrativeExpenses": 17727000000, "sellingAndMarketingExpenses": 265000000, "sellingGeneralAndAdministrativeExpenses": 17992000000, "otherExpenses": -481000000, "operatingExpenses": 17992000000, "costAndExpenses": 72815000000, "interestIncome": 0, "interestExpense": 156000000, "depreciationAndAmortization": 1316000000, "ebitda": 5029000000, "ebitdaratio": 0.0658315007, "operatingIncome": 4194000000, "operatingIncomeRatio": 0.0549010368, "totalOtherIncomeExpensesNet": 136000000, "incomeBeforeTax": 3557000000, "incomeBeforeTaxRatio": 0.0465624673, "incomeTaxExpense": 1526000000, "netIncome": 1932000000, "netIncomeRatio": 0.0252906063, "eps": 2.03, "epsdiluted": 2, "weightedAverageShsOut": 953100000, "weightedAverageShsOutDil": 965200000, "link": "", "finalLink": "", "calculatedOtherExpenses": -744000000, "calculatedOperatingExpenses": 17375000000, "calculatedNetInterest": -156000000, "calculatedOtherIncome": -481000000, "calculatedIncomeNonControlling": 99000000, "calculatedEbitda": 5510000000}, {"date": "2013-08-31", "symbol": "WBA", "reportedCurrency": "USD", "cik": "0001618921", "fillingDate": "2013-08-31", "acceptedDate": "2013-08-30 20:00:00", "calendarYear": "2013", "period": "FY", "revenue": 72217000000, "costOfRevenue": 51098000000, "grossProfit": 21119000000, "grossProfitRatio": 0.2924380686, "researchAndDevelopmentExpenses": 105000000, "generalAndAdministrativeExpenses": 17257000000, "sellingAndMarketingExpenses": 286000000, "sellingGeneralAndAdministrativeExpenses": 17543000000, "otherExpenses": 120000000, "operatingExpenses": 17543000000, "costAndExpenses": 68641000000, "interestIncome": 0, "interestExpense": 165000000, "depreciationAndAmortization": 1283000000, "ebitda": 5323000000, "ebitdaratio": 0.0737084066, "operatingIncome": 3940000000, "operatingIncomeRatio": 0.0545577911, "totalOtherIncomeExpensesNet": 484000000, "incomeBeforeTax": 3895000000, "incomeBeforeTaxRatio": 0.0539346691, "incomeTaxExpense": 1445000000, "netIncome": 2450000000, "netIncomeRatio": 0.03392553, "eps": 2.59, "epsdiluted": 2.56, "weightedAverageShsOut": 946000000, "weightedAverageShsOutDil": 955200000, "link": "", "finalLink": "", "calculatedOtherExpenses": -469000000, "calculatedOperatingExpenses": 17179000000, "calculatedNetInterest": -165000000, "calculatedOtherIncome": 120000000, "calculatedIncomeNonControlling": 0, "calculatedEbitda": 5223000000}, {"date": "2012-08-31", "symbol": "WBA", "reportedCurrency": "USD", "cik": "0001618921", "fillingDate": "2012-08-31", "acceptedDate": "2012-08-30 20:00:00", "calendarYear": "2012", "period": "FY", "revenue": 71633000000, "costOfRevenue": 51291000000, "grossProfit": 20342000000, "grossProfitRatio": 0.2839752628, "researchAndDevelopmentExpenses": 0, "generalAndAdministrativeExpenses": 0, "sellingAndMarketingExpenses": 0, "sellingGeneralAndAdministrativeExpenses": 16878000000, "otherExpenses": 0, "operatingExpenses": 16878000000, "costAndExpenses": 68169000000, "interestIncome": 0, "interestExpense": 88000000, "depreciationAndAmortization": 1166000000, "ebitda": 4630000000, "ebitdaratio": 0.0646350146, "operatingIncome": 3464000000, "operatingIncomeRatio": 0.0483576005, "totalOtherIncomeExpensesNet": -88000000, "incomeBeforeTax": 3376000000, "incomeBeforeTaxRatio": 0.0471291165, "incomeTaxExpense": 1249000000, "netIncome": 2127000000, "netIncomeRatio": 0.0296930186, "eps": 2.43, "epsdiluted": 2.42, "weightedAverageShsOut": 874700000, "weightedAverageShsOutDil": 880100000, "link": "", "finalLink": "", "calculatedOtherExpenses": 0, "calculatedOperatingExpenses": 16878000000, "calculatedNetInterest": -88000000, "calculatedOtherIncome": 0, "calculatedIncomeNonControlling": 0, "calculatedEbitda": 4630000000}, {"date": "2011-08-31", "symbol": "WBA", "reportedCurrency": "USD", "cik": "0001618921", "fillingDate": "2011-08-31", "acceptedDate": "2011-08-30 20:00:00", "calendarYear": "2011", "period": "FY", "revenue": 72184000000, "costOfRevenue": 51692000000, "grossProfit": 20492000000, "grossProfitRatio": 0.2838856256, "researchAndDevelopmentExpenses": 0, "generalAndAdministrativeExpenses": 0, "sellingAndMarketingExpenses": 0, "sellingGeneralAndAdministrativeExpenses": 16561000000, "otherExpenses": -434000000, "operatingExpenses": 16127000000, "costAndExpenses": 67819000000, "interestIncome": 0, "interestExpense": 71000000, "depreciationAndAmortization": 1086000000, "ebitda": 5451000000, "ebitdaratio": 0.0755153497, "operatingIncome": 4365000000, "operatingIncomeRatio": 0.0604704644, "totalOtherIncomeExpensesNet": -71000000, "incomeBeforeTax": 4294000000, "incomeBeforeTaxRatio": 0.0594868669, "incomeTaxExpense": 1580000000, "netIncome": 2714000000, "netIncomeRatio": 0.0375983597, "eps": 2.97, "epsdiluted": 2.94, "weightedAverageShsOut": 915100000, "weightedAverageShsOutDil": 924500000, "link": "", "finalLink": "", "calculatedOtherExpenses": -434000000, "calculatedOperatingExpenses": 16127000000, "calculatedNetInterest": -71000000, "calculatedOtherIncome": 0, "calculatedIncomeNonControlling": 0, "calculatedEbitda": 5451000000}, {"date": "2010-08-31", "symbol": "WBA", "reportedCurrency": "USD", "cik": "0001618921", "fillingDate": "2010-08-31", "acceptedDate": "2010-08-30 20:00:00", "calendarYear": "2010", "period": "FY", "revenue": 67420000000, "costOfRevenue": 48444000000, "grossProfit": 18976000000, "grossProfitRatio": 0.2814595076, "researchAndDevelopmentExpenses": 0, "generalAndAdministrativeExpenses": 0, "sellingAndMarketingExpenses": 0, "sellingGeneralAndAdministrativeExpenses": 15518000000, "otherExpenses": 0, "operatingExpenses": 15518000000, "costAndExpenses": 63962000000, "interestIncome": 0, "interestExpense": 85000000, "depreciationAndAmortization": 1030000000, "ebitda": 4488000000, "ebitdaratio": 0.066567784, "operatingIncome": 3458000000, "operatingIncomeRatio": 0.0512904183, "totalOtherIncomeExpensesNet": -85000000, "incomeBeforeTax": 3373000000, "incomeBeforeTaxRatio": 0.0500296648, "incomeTaxExpense": 1282000000, "netIncome": 2091000000, "netIncomeRatio": 0.0310145357, "eps": 2.13, "epsdiluted": 2.12, "weightedAverageShsOut": 981700000, "weightedAverageShsOutDil": 987900000, "link": "", "finalLink": "", "calculatedOtherExpenses": 0, "calculatedOperatingExpenses": 15518000000, "calculatedNetInterest": -85000000, "calculatedOtherIncome": 0, "calculatedIncomeNonControlling": 0, "calculatedEbitda": 4488000000}, {"date": "2009-08-31", "symbol": "WBA", "reportedCurrency": "USD", "cik": "0001618921", "fillingDate": "2009-08-31", "acceptedDate": "2009-08-30 20:00:00", "calendarYear": "2009", "period": "FY", "revenue": 63335000000, "costOfRevenue": 45722000000, "grossProfit": 17613000000, "grossProfitRatio": 0.2780926818, "researchAndDevelopmentExpenses": 0, "generalAndAdministrativeExpenses": 0, "sellingAndMarketingExpenses": 0, "sellingGeneralAndAdministrativeExpenses": 14366000000, "otherExpenses": 0, "operatingExpenses": 14366000000, "costAndExpenses": 60088000000, "interestIncome": 0, "interestExpense": 83000000, "depreciationAndAmortization": 975000000, "ebitda": 4222000000, "ebitdaratio": 0.0666614036, "operatingIncome": 3247000000, "operatingIncomeRatio": 0.0512670719, "totalOtherIncomeExpensesNet": -83000000, "incomeBeforeTax": 3164000000, "incomeBeforeTaxRatio": 0.0499565801, "incomeTaxExpense": 1158000000, "netIncome": 2006000000, "netIncomeRatio": 0.0316728507, "eps": 2.03, "epsdiluted": 2.02, "weightedAverageShsOut": 990000000, "weightedAverageShsOutDil": 991300000, "link": "", "finalLink": "", "calculatedOtherExpenses": 0, "calculatedOperatingExpenses": 14366000000, "calculatedNetInterest": -83000000, "calculatedOtherIncome": 0, "calculatedIncomeNonControlling": 0, "calculatedEbitda": 4222000000}, {"date": "2008-08-31", "symbol": "WBA", "reportedCurrency": "USD", "cik": "0001618921", "fillingDate": "2008-08-31", "acceptedDate": "2008-08-30 20:00:00", "calendarYear": "2008", "period": "FY", "revenue": 59034300000, "costOfRevenue": 42391100000, "grossProfit": 16643200000, "grossProfitRatio": 0.2819242373, "researchAndDevelopmentExpenses": 0, "generalAndAdministrativeExpenses": 0, "sellingAndMarketingExpenses": 0, "sellingGeneralAndAdministrativeExpenses": 13202500000, "otherExpenses": 0, "operatingExpenses": 13202500000, "costAndExpenses": 55593600000, "interestIncome": 0, "interestExpense": 0, "depreciationAndAmortization": 840000000, "ebitda": 4280700000, "ebitdaratio": 0.072512082, "operatingIncome": 3440700000, "operatingIncomeRatio": 0.0582830659, "totalOtherIncomeExpensesNet": -10800000, "incomeBeforeTax": 3429900000, "incomeBeforeTaxRatio": 0.0581001215, "incomeTaxExpense": 1273200000, "netIncome": 2156700000, "netIncomeRatio": 0.0365329986, "eps": 2.18, "epsdiluted": 2.17, "weightedAverageShsOut": 990609865, "weightedAverageShsOutDil": 995543546, "link": "", "finalLink": "", "calculatedOtherExpenses": 0, "calculatedOperatingExpenses": 13202500000, "calculatedNetInterest": 0, "calculatedOtherIncome": -10800000, "calculatedIncomeNonControlling": 0, "calculatedEbitda": 4280700000}, {"date": "2007-08-31", "symbol": "WBA", "reportedCurrency": "USD", "cik": "0001618921", "fillingDate": "2007-08-31", "acceptedDate": "2007-08-30 20:00:00", "calendarYear": "2007", "period": "FY", "revenue": 53762000000, "costOfRevenue": 38518100000, "grossProfit": 15243900000, "grossProfitRatio": 0.283544139, "researchAndDevelopmentExpenses": 0, "generalAndAdministrativeExpenses": 0, "sellingAndMarketingExpenses": 0, "sellingGeneralAndAdministrativeExpenses": 12093200000, "otherExpenses": 0, "operatingExpenses": 12093200000, "costAndExpenses": 50611300000, "interestIncome": 0, "interestExpense": 0, "depreciationAndAmortization": 675900000, "ebitda": 3826600000, "ebitdaratio": 0.0711766675, "operatingIncome": 3150700000, "operatingIncomeRatio": 0.0586045906, "totalOtherIncomeExpensesNet": 38400000, "incomeBeforeTax": 3189100000, "incomeBeforeTaxRatio": 0.0593188497, "incomeTaxExpense": 1147800000, "netIncome": 2041300000, "netIncomeRatio": 0.0379691976, "eps": 2.04, "epsdiluted": 2.03, "weightedAverageShsOut": 998633559, "weightedAverageShsOutDil": 1006340068, "link": "", "finalLink": "", "calculatedOtherExpenses": 0, "calculatedOperatingExpenses": 12093200000, "calculatedNetInterest": 0, "calculatedOtherIncome": 38400000, "calculatedIncomeNonControlling": 0, "calculatedEbitda": 3826600000}, {"date": "2006-08-31", "symbol": "WBA", "reportedCurrency": "USD", "cik": "0001618921", "fillingDate": "2006-08-31", "acceptedDate": "2006-08-30 20:00:00", "calendarYear": "2006", "period": "FY", "revenue": 47409000000, "costOfRevenue": 34240400000, "grossProfit": 13168600000, "grossProfitRatio": 0.2777658251, "researchAndDevelopmentExpenses": 0, "generalAndAdministrativeExpenses": 0, "sellingAndMarketingExpenses": 0, "sellingGeneralAndAdministrativeExpenses": 10467100000, "otherExpenses": 0, "operatingExpenses": 10467100000, "costAndExpenses": 44707500000, "interestIncome": 0, "interestExpense": 0, "depreciationAndAmortization": 572200000, "ebitda": 3273700000, "ebitdaratio": 0.0690522896, "operatingIncome": 2701500000, "operatingIncomeRatio": 0.0569828514, "totalOtherIncomeExpensesNet": 52600000, "incomeBeforeTax": 2754100000, "incomeBeforeTaxRatio": 0.0580923453, "incomeTaxExpense": 1003500000, "netIncome": 1750600000, "netIncomeRatio": 0.0369254783, "eps": 1.73, "epsdiluted": 1.72, "weightedAverageShsOut": 1010252562, "weightedAverageShsOutDil": 1019400724, "link": "", "finalLink": "", "calculatedOtherExpenses": 0, "calculatedOperatingExpenses": 10467100000, "calculatedNetInterest": 0, "calculatedOtherIncome": 52600000, "calculatedIncomeNonControlling": 0, "calculatedEbitda": 3273700000}, {"date": "2005-08-31", "symbol": "WBA", "reportedCurrency": "USD", "cik": "0001618921", "fillingDate": "2005-08-31", "acceptedDate": "2005-08-30 20:00:00", "calendarYear": "2005", "period": "FY", "revenue": 42201600000, "costOfRevenue": 30413800000, "grossProfit": 11787800000, "grossProfitRatio": 0.2793211632, "researchAndDevelopmentExpenses": 0, "generalAndAdministrativeExpenses": 0, "sellingAndMarketingExpenses": 0, "sellingGeneralAndAdministrativeExpenses": 9363800000, "otherExpenses": 0, "operatingExpenses": 9363800000, "costAndExpenses": 39777600000, "interestIncome": 0, "interestExpense": 0, "depreciationAndAmortization": 482100000, "ebitda": 2906100000, "ebitdaratio": 0.068862318, "operatingIncome": 2424000000, "operatingIncomeRatio": 0.0574385805, "totalOtherIncomeExpensesNet": 31600000, "incomeBeforeTax": 2455600000, "incomeBeforeTaxRatio": 0.0581873673, "incomeTaxExpense": 896100000, "netIncome": 1559500000, "netIncomeRatio": 0.0369535752, "eps": 1.53, "epsdiluted": 1.52, "weightedAverageShsOut": 1019669630, "weightedAverageShsOutDil": 1028333842, "link": "", "finalLink": "", "calculatedOtherExpenses": 0, "calculatedOperatingExpenses": 9363800000, "calculatedNetInterest": 0, "calculatedOtherIncome": 31600000, "calculatedIncomeNonControlling": 0, "calculatedEbitda": 2906100000}, {"date": "2004-08-31", "symbol": "WBA", "reportedCurrency": "USD", "cik": "0001618921", "fillingDate": "2004-08-31", "acceptedDate": "2004-08-30 20:00:00", "calendarYear": "2004", "period": "FY", "revenue": 37508200000, "costOfRevenue": 27310400000, "grossProfit": 10197800000, "grossProfitRatio": 0.2718818818, "researchAndDevelopmentExpenses": 0, "generalAndAdministrativeExpenses": 0, "sellingAndMarketingExpenses": 0, "sellingGeneralAndAdministrativeExpenses": 8055100000, "otherExpenses": 0, "operatingExpenses": 8055100000, "costAndExpenses": 35365500000, "interestIncome": 0, "interestExpense": 0, "depreciationAndAmortization": 403100000, "ebitda": 2529500000, "ebitdaratio": 0.0674385868, "operatingIncome": 2142700000, "operatingIncomeRatio": 0.0571261751, "totalOtherIncomeExpensesNet": 16300000, "incomeBeforeTax": 2176300000, "incomeBeforeTaxRatio": 0.0580219792, "incomeTaxExpense": 816100000, "netIncome": 1360200000, "netIncomeRatio": 0.0362640703, "eps": 1.32, "epsdiluted": 1.31, "weightedAverageShsOut": 1024512865, "weightedAverageShsOutDil": 1031798418, "link": "", "finalLink": "", "calculatedOtherExpenses": 0, "calculatedOperatingExpenses": 8055100000, "calculatedNetInterest": 0, "calculatedOtherIncome": 33600000, "calculatedIncomeNonControlling": 0, "calculatedEbitda": 2545800000}, {"date": "2003-08-31", "symbol": "WBA", "reportedCurrency": "USD", "cik": "0001618921", "fillingDate": "2003-08-31", "acceptedDate": "2003-08-30 20:00:00", "calendarYear": "2003", "period": "FY", "revenue": 32505400000, "costOfRevenue": 23706200000, "grossProfit": 8799200000, "grossProfitRatio": 0.2706996376, "researchAndDevelopmentExpenses": 0, "generalAndAdministrativeExpenses": 0, "sellingAndMarketingExpenses": 0, "sellingGeneralAndAdministrativeExpenses": 6950900000, "otherExpenses": 0, "operatingExpenses": 6950900000, "costAndExpenses": 30657100000, "interestIncome": 0, "interestExpense": 0, "depreciationAndAmortization": 346100000, "ebitda": 2164800000, "ebitdaratio": 0.0665981652, "operatingIncome": 1848300000, "operatingIncomeRatio": 0.0568613215, "totalOtherIncomeExpensesNet": 29600000, "incomeBeforeTax": 1888700000, "incomeBeforeTaxRatio": 0.0581041919, "incomeTaxExpense": 713000000, "netIncome": 1175700000, "netIncomeRatio": 0.0361693749, "eps": 1.14, "epsdiluted": 1.13, "weightedAverageShsOut": 1022017544, "weightedAverageShsOutDil": 1031061947, "link": "", "finalLink": "", "calculatedOtherExpenses": 0, "calculatedOperatingExpenses": 6950900000, "calculatedNetInterest": 0, "calculatedOtherIncome": 40400000, "calculatedIncomeNonControlling": 0, "calculatedEbitda": 2194400000}, {"date": "2002-08-31", "symbol": "WBA", "reportedCurrency": "USD", "cik": "0001618921", "fillingDate": "2002-08-31", "acceptedDate": "2002-08-30 20:00:00", "calendarYear": "2002", "period": "FY", "revenue": 28681100000, "costOfRevenue": 21076100000, "grossProfit": 7605000000, "grossProfitRatio": 0.2651571941, "researchAndDevelopmentExpenses": 0, "generalAndAdministrativeExpenses": 0, "sellingAndMarketingExpenses": 0, "sellingGeneralAndAdministrativeExpenses": 5980800000, "otherExpenses": 0, "operatingExpenses": 5980800000, "costAndExpenses": 27056900000, "interestIncome": 0, "interestExpense": 0, "depreciationAndAmortization": 307300000, "ebitda": 1925300000, "ebitdaratio": 0.0671278298, "operatingIncome": 1624200000, "operatingIncomeRatio": 0.0566296272, "totalOtherIncomeExpensesNet": 6200000, "incomeBeforeTax": 1637300000, "incomeBeforeTaxRatio": 0.057086374, "incomeTaxExpense": 618100000, "netIncome": 1019200000, "netIncomeRatio": 0.0355355966, "eps": 1, "epsdiluted": 0.99, "weightedAverageShsOut": 1022554460, "weightedAverageShsOutDil": 1032270946, "link": "", "finalLink": "", "calculatedOtherExpenses": 0, "calculatedOperatingExpenses": 5980800000, "calculatedNetInterest": 0, "calculatedOtherIncome": 13100000, "calculatedIncomeNonControlling": 0, "calculatedEbitda": 1931500000}, {"date": "2001-08-31", "symbol": "WBA", "reportedCurrency": "USD", "cik": "0001618921", "fillingDate": "2001-08-31", "acceptedDate": "2001-08-30 20:00:00", "calendarYear": "2001", "period": "FY", "revenue": 24623000000, "costOfRevenue": 18048900000, "grossProfit": 6574100000, "grossProfitRatio": 0.2669902124, "researchAndDevelopmentExpenses": 0, "generalAndAdministrativeExpenses": 0, "sellingAndMarketingExpenses": 0, "sellingGeneralAndAdministrativeExpenses": 5175800000, "otherExpenses": 0, "operatingExpenses": 5175800000, "costAndExpenses": 23224700000, "interestIncome": 0, "interestExpense": 0, "depreciationAndAmortization": 269200000, "ebitda": 1645400000, "ebitdaratio": 0.0668237014, "operatingIncome": 1398300000, "operatingIncomeRatio": 0.0567883686, "totalOtherIncomeExpensesNet": 22100000, "incomeBeforeTax": 1422700000, "incomeBeforeTaxRatio": 0.057779312, "incomeTaxExpense": 537100000, "netIncome": 885600000, "netIncomeRatio": 0.0359663729, "eps": 0.87, "epsdiluted": 0.86, "weightedAverageShsOut": 1016197785, "weightedAverageShsOutDil": 1028946613, "link": "", "finalLink": "", "calculatedOtherExpenses": 0, "calculatedOperatingExpenses": 5175800000, "calculatedNetInterest": 0, "calculatedOtherIncome": 24400000, "calculatedIncomeNonControlling": 0, "calculatedEbitda": 1667500000}, {"date": "2000-08-31", "symbol": "WBA", "reportedCurrency": "USD", "cik": "0001618921", "fillingDate": "2000-08-31", "acceptedDate": "2000-08-30 20:00:00", "calendarYear": "2000", "period": "FY", "revenue": 21206900000, "costOfRevenue": 15235800000, "grossProfit": 5971100000, "grossProfitRatio": 0.2815640193, "researchAndDevelopmentExpenses": 0, "generalAndAdministrativeExpenses": 0, "sellingAndMarketingExpenses": 0, "sellingGeneralAndAdministrativeExpenses": 4516900000, "otherExpenses": 230100000, "operatingExpenses": 4747000000, "costAndExpenses": 19982800000, "interestIncome": 0, "interestExpense": 0, "depreciationAndAmortization": 230100000, "ebitda": 1420700000, "ebitdaratio": 0.0669923468, "operatingIncome": 1224100000, "operatingIncomeRatio": 0.0577217792, "totalOtherIncomeExpensesNet": 33500000, "incomeBeforeTax": 1263300000, "incomeBeforeTaxRatio": 0.0595702342, "incomeTaxExpense": 486400000, "netIncome": 776900000, "netIncomeRatio": 0.036634303, "eps": 0.77, "epsdiluted": 0.76, "weightedAverageShsOut": 1007393572, "weightedAverageShsOutDil": 1019888808, "link": "", "finalLink": "", "calculatedOtherExpenses": 230100000, "calculatedOperatingExpenses": 4747000000, "calculatedNetInterest": 0, "calculatedOtherIncome": 39200000, "calculatedIncomeNonControlling": 0, "calculatedEbitda": 1454200000}, {"date": "1999-08-31", "symbol": "WBA", "reportedCurrency": "USD", "cik": "0001618921", "fillingDate": "1999-08-31", "acceptedDate": "1999-08-30 20:00:00", "calendarYear": "1999", "period": "FY", "revenue": 17838800000, "costOfRevenue": 12768500000, "grossProfit": 5070300000, "grossProfitRatio": 0.2842287598, "researchAndDevelopmentExpenses": 0, "generalAndAdministrativeExpenses": 0, "sellingAndMarketingExpenses": 0, "sellingGeneralAndAdministrativeExpenses": 3844800000, "otherExpenses": 210100000, "operatingExpenses": 4054900000, "costAndExpenses": 16823400000, "interestIncome": 0, "interestExpense": 0, "depreciationAndAmortization": 210100000, "ebitda": 1225500000, "ebitdaratio": 0.0686985672, "operatingIncome": 1015400000, "operatingIncomeRatio": 0.0569208691, "totalOtherIncomeExpensesNet": 11900000, "incomeBeforeTax": 1027300000, "incomeBeforeTaxRatio": 0.0575879543, "incomeTaxExpense": 403200000, "netIncome": 624100000, "netIncomeRatio": 0.0349855371, "eps": 0.62, "epsdiluted": 0.62, "weightedAverageShsOut": 1000363234, "weightedAverageShsOutDil": 1014281715, "link": "", "finalLink": "", "calculatedOtherExpenses": 210100000, "calculatedOperatingExpenses": 4054900000, "calculatedNetInterest": 0, "calculatedOtherIncome": 11900000, "calculatedIncomeNonControlling": 0, "calculatedEbitda": 1225500000}, {"date": "1998-08-31", "symbol": "WBA", "reportedCurrency": "USD", "cik": "0001618921", "fillingDate": "1998-08-31", "acceptedDate": "1998-08-30 20:00:00", "calendarYear": "1998", "period": "FY", "revenue": 15307000000, "costOfRevenue": 10951000000, "grossProfit": 4356000000, "grossProfitRatio": 0.2845756843, "researchAndDevelopmentExpenses": 0, "generalAndAdministrativeExpenses": 0, "sellingAndMarketingExpenses": 0, "sellingGeneralAndAdministrativeExpenses": 3332000000, "otherExpenses": 189000000, "operatingExpenses": 3521000000, "costAndExpenses": 14472000000, "interestIncome": 0, "interestExpense": 0, "depreciationAndAmortization": 189000000, "ebitda": 987000000, "ebitdaratio": 0.0644803031, "operatingIncome": 835000000, "operatingIncomeRatio": 0.0545502058, "totalOtherIncomeExpensesNet": 37000000, "incomeBeforeTax": 877000000, "incomeBeforeTaxRatio": 0.0572940485, "incomeTaxExpense": 340000000, "netIncome": 511000000, "netIncomeRatio": 0.0333834194, "eps": 0.26, "epsdiluted": 0.26, "weightedAverageShsOut": 1984338480, "weightedAverageShsOutDil": 2011385824, "link": "", "finalLink": "", "calculatedOtherExpenses": 189000000, "calculatedOperatingExpenses": 3521000000, "calculatedNetInterest": 0, "calculatedOtherIncome": 42000000, "calculatedIncomeNonControlling": 26000000, "calculatedEbitda": 1024000000}, {"date": "1997-08-31", "symbol": "WBA", "reportedCurrency": "USD", "cik": "0001618921", "fillingDate": "1997-08-31", "acceptedDate": "1997-08-30 20:00:00", "calendarYear": "1997", "period": "FY", "revenue": 13363000000, "costOfRevenue": 9518000000, "grossProfit": 3845000000, "grossProfitRatio": 0.2877347901, "researchAndDevelopmentExpenses": 0, "generalAndAdministrativeExpenses": 0, "sellingAndMarketingExpenses": 0, "sellingGeneralAndAdministrativeExpenses": 2973000000, "otherExpenses": 164000000, "operatingExpenses": 3137000000, "costAndExpenses": 12655000000, "interestIncome": 0, "interestExpense": 0, "depreciationAndAmortization": 164000000, "ebitda": 866000000, "ebitdaratio": 0.0648058071, "operatingIncome": 708000000, "operatingIncomeRatio": 0.0529821148, "totalOtherIncomeExpensesNet": 6000000, "incomeBeforeTax": 712000000, "incomeBeforeTaxRatio": 0.0532814488, "incomeTaxExpense": 276000000, "netIncome": 436000000, "netIncomeRatio": 0.032627404, "eps": 0.22, "epsdiluted": 0.22, "weightedAverageShsOut": 987580000, "weightedAverageShsOutDil": 987580000, "link": "", "finalLink": "", "calculatedOtherExpenses": 164000000, "calculatedOperatingExpenses": 3137000000, "calculatedNetInterest": 0, "calculatedOtherIncome": 4000000, "calculatedIncomeNonControlling": 0, "calculatedEbitda": 872000000}, {"date": "1996-08-31", "symbol": "WBA", "reportedCurrency": "USD", "cik": "0001618921", "fillingDate": "1996-08-31", "acceptedDate": "1996-08-30 20:00:00", "calendarYear": "1996", "period": "FY", "revenue": 11778400000, "costOfRevenue": 8367500000, "grossProfit": 3410900000, "grossProfitRatio": 0.2895894179, "researchAndDevelopmentExpenses": 0, "generalAndAdministrativeExpenses": 0, "sellingAndMarketingExpenses": 0, "sellingGeneralAndAdministrativeExpenses": 2659500000, "otherExpenses": 147300000, "operatingExpenses": 2806800000, "costAndExpenses": 11174300000, "interestIncome": 0, "interestExpense": 0, "depreciationAndAmortization": 147300000, "ebitda": 746300000, "ebitdaratio": 0.0633617469, "operatingIncome": 604100000, "operatingIncomeRatio": 0.0512887998, "totalOtherIncomeExpensesNet": 5100000, "incomeBeforeTax": 606900000, "incomeBeforeTaxRatio": 0.0515265231, "incomeTaxExpense": 235200000, "netIncome": 371700000, "netIncomeRatio": 0.0315577668, "eps": 0.38, "epsdiluted": 0.38, "weightedAverageShsOut": 991200000, "weightedAverageShsOutDil": 991200000, "link": "", "finalLink": "", "calculatedOtherExpenses": 147300000, "calculatedOperatingExpenses": 2806800000, "calculatedNetInterest": 0, "calculatedOtherIncome": 2800000, "calculatedIncomeNonControlling": 0, "calculatedEbitda": 751400000}, {"date": "1995-08-31", "symbol": "WBA", "reportedCurrency": "USD", "cik": "0001618921", "fillingDate": "1995-08-31", "acceptedDate": "1995-08-30 20:00:00", "calendarYear": "1995", "period": "FY", "revenue": 10395100000, "costOfRevenue": 7350800000, "grossProfit": 3044300000, "grossProfitRatio": 0.2928591356, "researchAndDevelopmentExpenses": 0, "generalAndAdministrativeExpenses": 0, "sellingAndMarketingExpenses": 0, "sellingGeneralAndAdministrativeExpenses": 2392700000, "otherExpenses": 131500000, "operatingExpenses": 2524200000, "costAndExpenses": 9875000000, "interestIncome": 0, "interestExpense": 0, "depreciationAndAmortization": 131500000, "ebitda": 646700000, "ebitdaratio": 0.0622120037, "operatingIncome": 520100000, "operatingIncomeRatio": 0.0500331887, "totalOtherIncomeExpensesNet": 4900000, "incomeBeforeTax": 523800000, "incomeBeforeTaxRatio": 0.0503891256, "incomeTaxExpense": 203000000, "netIncome": 320800000, "netIncomeRatio": 0.030860694, "eps": 0.33, "epsdiluted": 0.33, "weightedAverageShsOut": 987076923, "weightedAverageShsOutDil": 987076923, "link": "", "finalLink": "", "calculatedOtherExpenses": 131500000, "calculatedOperatingExpenses": 2524200000, "calculatedNetInterest": 0, "calculatedOtherIncome": 3700000, "calculatedIncomeNonControlling": 0, "calculatedEbitda": 651600000}, {"date": "1994-08-31", "symbol": "WBA", "reportedCurrency": "USD", "cik": "0001618921", "fillingDate": "1994-08-31", "acceptedDate": "1994-08-30 20:00:00", "calendarYear": "1994", "period": "FY", "revenue": 9235000000, "costOfRevenue": 6496300000, "grossProfit": 2738700000, "grossProfitRatio": 0.2965565782, "researchAndDevelopmentExpenses": 0, "generalAndAdministrativeExpenses": 0, "sellingAndMarketingExpenses": 0, "sellingGeneralAndAdministrativeExpenses": 2164900000, "otherExpenses": 118100000, "operatingExpenses": 2283000000, "costAndExpenses": 8779300000, "interestIncome": 0, "interestExpense": 0, "depreciationAndAmortization": 118100000, "ebitda": 568400000, "ebitdaratio": 0.061548457, "operatingIncome": 455700000, "operatingIncomeRatio": 0.0493448836, "totalOtherIncomeExpensesNet": 5400000, "incomeBeforeTax": 458400000, "incomeBeforeTaxRatio": 0.0496372496, "incomeTaxExpense": 176500000, "netIncome": 281900000, "netIncomeRatio": 0.030525176, "eps": 0.28, "epsdiluted": 0.28, "weightedAverageShsOut": 989122807, "weightedAverageShsOutDil": 989122807, "link": "", "finalLink": "", "calculatedOtherExpenses": 118100000, "calculatedOperatingExpenses": 2283000000, "calculatedNetInterest": 0, "calculatedOtherIncome": 2700000, "calculatedIncomeNonControlling": 0, "calculatedEbitda": 573800000}, {"date": "1993-08-31", "symbol": "WBA", "reportedCurrency": "USD", "cik": "0001618921", "fillingDate": "1993-08-31", "acceptedDate": "1993-08-30 20:00:00", "calendarYear": "1993", "period": "FY", "revenue": 8294800000, "costOfRevenue": 5854300000, "grossProfit": 2440500000, "grossProfitRatio": 0.2942204755, "researchAndDevelopmentExpenses": 0, "generalAndAdministrativeExpenses": 0, "sellingAndMarketingExpenses": 0, "sellingGeneralAndAdministrativeExpenses": 1929600000, "otherExpenses": 104700000, "operatingExpenses": 2034300000, "costAndExpenses": 7888600000, "interestIncome": 0, "interestExpense": 0, "depreciationAndAmortization": 104700000, "ebitda": 510800000, "ebitdaratio": 0.0615807494, "operatingIncome": 406200000, "operatingIncomeRatio": 0.0489704393, "totalOtherIncomeExpensesNet": 100000, "incomeBeforeTax": 399700000, "incomeBeforeTaxRatio": 0.0481868158, "incomeTaxExpense": 154400000, "netIncome": 221700000, "netIncomeRatio": 0.0267275884, "eps": 0.0275, "epsdiluted": 0.0275, "weightedAverageShsOut": 984568000, "weightedAverageShsOutDil": 984568000, "link": "", "finalLink": "", "calculatedOtherExpenses": 104700000, "calculatedOperatingExpenses": 2034300000, "calculatedNetInterest": 0, "calculatedOtherIncome": -6500000, "calculatedIncomeNonControlling": 23600000, "calculatedEbitda": 510900000}, {"date": "1992-08-31", "symbol": "WBA", "reportedCurrency": "USD", "cik": "0001618921", "fillingDate": "1992-08-31", "acceptedDate": "1992-08-30 20:00:00", "calendarYear": "1992", "period": "FY", "revenue": 7475000000, "costOfRevenue": 5285600000, "grossProfit": 2189400000, "grossProfitRatio": 0.2928963211, "researchAndDevelopmentExpenses": 0, "generalAndAdministrativeExpenses": 0, "sellingAndMarketingExpenses": 0, "sellingGeneralAndAdministrativeExpenses": 1738800000, "otherExpenses": 92100000, "operatingExpenses": 1830900000, "costAndExpenses": 7116500000, "interestIncome": 0, "interestExpense": 0, "depreciationAndAmortization": 92100000, "ebitda": 440400000, "ebitdaratio": 0.058916388, "operatingIncome": 358500000, "operatingIncomeRatio": 0.0479598662, "totalOtherIncomeExpensesNet": 10200000, "incomeBeforeTax": 353000000, "incomeBeforeTaxRatio": 0.0472240803, "incomeTaxExpense": 132400000, "netIncome": 220600000, "netIncomeRatio": 0.0295117057, "eps": 0.0288, "epsdiluted": 0.0288, "weightedAverageShsOut": 984568000, "weightedAverageShsOutDil": 984568000, "link": "", "finalLink": "", "calculatedOtherExpenses": 92100000, "calculatedOperatingExpenses": 1830900000, "calculatedNetInterest": 0, "calculatedOtherIncome": -5500000, "calculatedIncomeNonControlling": 0, "calculatedEbitda": 450600000}, {"date": "1991-08-31", "symbol": "WBA", "reportedCurrency": "USD", "cik": "0001618921", "fillingDate": "1991-08-31", "acceptedDate": "1991-08-30 20:00:00", "calendarYear": "1991", "period": "FY", "revenue": 6733000000, "costOfRevenue": 4744800000, "grossProfit": 1988200000, "grossProfitRatio": 0.2952918461, "researchAndDevelopmentExpenses": 0, "generalAndAdministrativeExpenses": 0, "sellingAndMarketingExpenses": 0, "sellingGeneralAndAdministrativeExpenses": 1582700000, "otherExpenses": 84300000, "operatingExpenses": 1667000000, "costAndExpenses": 6411800000, "interestIncome": 0, "interestExpense": 0, "depreciationAndAmortization": 84300000, "ebitda": 396500000, "ebitdaratio": 0.0588890539, "operatingIncome": 321200000, "operatingIncomeRatio": 0.0477053319, "totalOtherIncomeExpensesNet": 9000000, "incomeBeforeTax": 312000000, "incomeBeforeTaxRatio": 0.0463389277, "incomeTaxExpense": 117000000, "netIncome": 195000000, "netIncomeRatio": 0.0289618298, "eps": 0.025, "epsdiluted": 0.025, "weightedAverageShsOut": 984568000, "weightedAverageShsOutDil": 984568000, "link": "", "finalLink": "", "calculatedOtherExpenses": 84300000, "calculatedOperatingExpenses": 1667000000, "calculatedNetInterest": 0, "calculatedOtherIncome": -9200000, "calculatedIncomeNonControlling": 0, "calculatedEbitda": 405500000}, {"date": "1990-08-31", "symbol": "WBA", "reportedCurrency": "USD", "cik": "0001618921", "fillingDate": "1990-08-31", "acceptedDate": "1990-08-30 20:00:00", "calendarYear": "1990", "period": "FY", "revenue": 6047500000, "costOfRevenue": 4286000000, "grossProfit": 1761500000, "grossProfitRatio": 0.2912773874, "researchAndDevelopmentExpenses": 0, "generalAndAdministrativeExpenses": 0, "sellingAndMarketingExpenses": 0, "sellingGeneralAndAdministrativeExpenses": 1406900000, "otherExpenses": 70400000, "operatingExpenses": 1477300000, "costAndExpenses": 5763300000, "interestIncome": 0, "interestExpense": 0, "depreciationAndAmortization": 70400000, "ebitda": 339000000, "ebitdaratio": 0.0560562216, "operatingIncome": 284200000, "operatingIncomeRatio": 0.0469946259, "totalOtherIncomeExpensesNet": 15600000, "incomeBeforeTax": 280900000, "incomeBeforeTaxRatio": 0.0464489458, "incomeTaxExpense": 106300000, "netIncome": 174600000, "netIncomeRatio": 0.0288714345, "eps": 0.0113, "epsdiluted": 0.0113, "weightedAverageShsOut": 984384000, "weightedAverageShsOutDil": 984384000, "link": "", "finalLink": "", "calculatedOtherExpenses": 70400000, "calculatedOperatingExpenses": 1477300000, "calculatedNetInterest": 0, "calculatedOtherIncome": -3300000, "calculatedIncomeNonControlling": 0, "calculatedEbitda": 354600000}, {"date": "1989-08-31", "symbol": "WBA", "reportedCurrency": "USD", "cik": "0001618921", "fillingDate": "1989-08-31", "acceptedDate": "1989-08-30 20:00:00", "calendarYear": "1989", "period": "FY", "revenue": 5380100000, "costOfRevenue": 3784700000, "grossProfit": 1595400000, "grossProfitRatio": 0.2965372391, "researchAndDevelopmentExpenses": 0, "generalAndAdministrativeExpenses": 0, "sellingAndMarketingExpenses": 0, "sellingGeneralAndAdministrativeExpenses": 1278100000, "otherExpenses": 63800000, "operatingExpenses": 1341900000, "costAndExpenses": 5126600000, "interestIncome": 0, "interestExpense": 0, "depreciationAndAmortization": 63800000, "ebitda": 308100000, "ebitdaratio": 0.0572665936, "operatingIncome": 253500000, "operatingIncomeRatio": 0.0471180833, "totalOtherIncomeExpensesNet": 9200000, "incomeBeforeTax": 243800000, "incomeBeforeTaxRatio": 0.0453151428, "incomeTaxExpense": 89600000, "netIncome": 154200000, "netIncomeRatio": 0.0286611773, "eps": 0.01, "epsdiluted": 0.01, "weightedAverageShsOut": 984272000, "weightedAverageShsOutDil": 984272000, "link": "", "finalLink": "", "calculatedOtherExpenses": 63800000, "calculatedOperatingExpenses": 1341900000, "calculatedNetInterest": 0, "calculatedOtherIncome": -9700000, "calculatedIncomeNonControlling": 0, "calculatedEbitda": 317300000}, {"date": "1988-08-31", "symbol": "WBA", "reportedCurrency": "USD", "cik": "0001618921", "fillingDate": "1988-08-31", "acceptedDate": "1988-08-30 20:00:00", "calendarYear": "1988", "period": "FY", "revenue": 4883500000, "costOfRevenue": 3409600000, "grossProfit": 1473900000, "grossProfitRatio": 0.3018122248, "researchAndDevelopmentExpenses": 0, "generalAndAdministrativeExpenses": 0, "sellingAndMarketingExpenses": 0, "sellingGeneralAndAdministrativeExpenses": 1190300000, "otherExpenses": 59400000, "operatingExpenses": 1249700000, "costAndExpenses": 4659300000, "interestIncome": 0, "interestExpense": 0, "depreciationAndAmortization": 59400000, "ebitda": 279100000, "ebitdaratio": 0.0571516331, "operatingIncome": 224200000, "operatingIncomeRatio": 0.0459096959, "totalOtherIncomeExpensesNet": 4500000, "incomeBeforeTax": 209000000, "incomeBeforeTaxRatio": 0.0427971742, "incomeTaxExpense": 79900000, "netIncome": 129100000, "netIncomeRatio": 0.0264359578, "eps": 0.0088, "epsdiluted": 0.0088, "weightedAverageShsOut": 984224000, "weightedAverageShsOutDil": 984224000, "link": "", "finalLink": "", "calculatedOtherExpenses": 59400000, "calculatedOperatingExpenses": 1249700000, "calculatedNetInterest": 0, "calculatedOtherIncome": -15200000, "calculatedIncomeNonControlling": 0, "calculatedEbitda": 283600000}, {"date": "1987-08-31", "symbol": "WBA", "reportedCurrency": "USD", "cik": "0001618921", "fillingDate": "1987-08-31", "acceptedDate": "1987-08-30 20:00:00", "calendarYear": "1987", "period": "FY", "revenue": 4281600000, "costOfRevenue": 2947300000, "grossProfit": 1334300000, "grossProfitRatio": 0.3116358371, "researchAndDevelopmentExpenses": 0, "generalAndAdministrativeExpenses": 0, "sellingAndMarketingExpenses": 0, "sellingGeneralAndAdministrativeExpenses": 1069900000, "otherExpenses": 53700000, "operatingExpenses": 1123600000, "costAndExpenses": 4070900000, "interestIncome": 0, "interestExpense": 0, "depreciationAndAmortization": 53700000, "ebitda": 263300000, "ebitdaratio": 0.0614957025, "operatingIncome": 210700000, "operatingIncomeRatio": 0.0492105755, "totalOtherIncomeExpensesNet": 1100000, "incomeBeforeTax": 194100000, "incomeBeforeTaxRatio": 0.0453335202, "incomeTaxExpense": 90600000, "netIncome": 103500000, "netIncomeRatio": 0.0241732063, "eps": 0.0069, "epsdiluted": 0.0069, "weightedAverageShsOut": 984064000, "weightedAverageShsOutDil": 984064000, "link": "", "finalLink": "", "calculatedOtherExpenses": 53700000, "calculatedOperatingExpenses": 1123600000, "calculatedNetInterest": 0, "calculatedOtherIncome": -16600000, "calculatedIncomeNonControlling": 0, "calculatedEbitda": 264400000}, {"date": "1986-08-31", "symbol": "WBA", "reportedCurrency": "USD", "cik": "0001618921", "fillingDate": "1986-08-31", "acceptedDate": "1986-08-30 20:00:00", "calendarYear": "1986", "period": "FY", "revenue": 3660600000, "costOfRevenue": 2506200000, "grossProfit": 1154400000, "grossProfitRatio": 0.315358138, "researchAndDevelopmentExpenses": 0, "generalAndAdministrativeExpenses": 0, "sellingAndMarketingExpenses": 0, "sellingGeneralAndAdministrativeExpenses": 914000000, "otherExpenses": 43800000, "operatingExpenses": 957800000, "costAndExpenses": 3464000000, "interestIncome": 0, "interestExpense": 0, "depreciationAndAmortization": 43800000, "ebitda": 238400000, "ebitdaratio": 0.0651259356, "operatingIncome": 196600000, "operatingIncomeRatio": 0.0537070426, "totalOtherIncomeExpensesNet": 2000000, "incomeBeforeTax": 187600000, "incomeBeforeTaxRatio": 0.0512484292, "incomeTaxExpense": 84500000, "netIncome": 103100000, "netIncomeRatio": 0.0281647817, "eps": 0.0069, "epsdiluted": 0.0069, "weightedAverageShsOut": 983920000, "weightedAverageShsOutDil": 983920000, "link": "", "finalLink": "", "calculatedOtherExpenses": 43800000, "calculatedOperatingExpenses": 957800000, "calculatedNetInterest": 0, "calculatedOtherIncome": -9000000, "calculatedIncomeNonControlling": 0, "calculatedEbitda": 240400000}, {"date": "1985-08-31", "symbol": "WBA", "reportedCurrency": "USD", "cik": "0001618921", "fillingDate": "1985-08-31", "acceptedDate": "1985-08-30 20:00:00", "calendarYear": "1985", "period": "FY", "revenue": 3161900000, "costOfRevenue": 2158000000, "grossProfit": 1003900000, "grossProfitRatio": 0.3174989721, "researchAndDevelopmentExpenses": 0, "generalAndAdministrativeExpenses": 0, "sellingAndMarketingExpenses": 0, "sellingGeneralAndAdministrativeExpenses": 791700000, "otherExpenses": 34400000, "operatingExpenses": 826100000, "costAndExpenses": 2984100000, "interestIncome": 0, "interestExpense": 0, "depreciationAndAmortization": 34400000, "ebitda": 210400000, "ebitdaratio": 0.0665422689, "operatingIncome": 177800000, "operatingIncomeRatio": 0.0562320124, "totalOtherIncomeExpensesNet": 1800000, "incomeBeforeTax": 173700000, "incomeBeforeTaxRatio": 0.0549353237, "incomeTaxExpense": 79500000, "netIncome": 94200000, "netIncomeRatio": 0.0297922135, "eps": 0.0063, "epsdiluted": 0.0063, "weightedAverageShsOut": 982368000, "weightedAverageShsOutDil": 982368000, "link": "", "finalLink": "", "calculatedOtherExpenses": 34400000, "calculatedOperatingExpenses": 826100000, "calculatedNetInterest": 0, "calculatedOtherIncome": -4100000, "calculatedIncomeNonControlling": 0, "calculatedEbitda": 212200000}]}