{"originalCurrency": "USD", "convertedCurrency": "USD", "report": [{"date": "2023-12-31", "symbol": "WBD", "reportedCurrency": "USD", "cik": "0001437107", "fillingDate": "2024-02-23", "acceptedDate": "2024-02-23 17:10:16", "calendarYear": "2023", "period": "FY", "revenue": 41331000000, "costOfRevenue": 32516000000, "grossProfit": 8815000000, "grossProfitRatio": 0.2132781689, "researchAndDevelopmentExpenses": 0, "generalAndAdministrativeExpenses": 996000000, "sellingAndMarketingExpenses": 8700000000, "sellingGeneralAndAdministrativeExpenses": 9425000000, "otherExpenses": -27000000, "operatingExpenses": 9425000000, "costAndExpenses": 41941000000, "interestIncome": 179000000, "interestExpense": 2262000000, "depreciationAndAmortization": 7985000000, "ebitda": 7375000000, "ebitdaratio": 0.1784374924, "operatingIncome": -610000000, "operatingIncomeRatio": -0.0147588977, "totalOtherIncomeExpensesNet": -3253000000, "incomeBeforeTax": -3863000000, "incomeBeforeTaxRatio": -0.0934649537, "incomeTaxExpense": -784000000, "netIncome": -3126000000, "netIncomeRatio": -0.0756333019, "eps": -1.28, "epsdiluted": -1.28, "weightedAverageShsOut": 2436000000, "weightedAverageShsOutDil": 2436000000, "link": "https://www.sec.gov/Archives/edgar/data/1437107/000143710724000017/0001437107-24-000017-index.htm", "finalLink": "https://www.sec.gov/Archives/edgar/data/1437107/000143710724000017/wbd-20231231.htm", "calculatedOtherExpenses": 0, "calculatedOperatingExpenses": 9425000000, "calculatedNetInterest": -2083000000, "calculatedOtherIncome": -1170000000, "calculatedIncomeNonControlling": 47000000, "calculatedEbitda": 7375000000}, {"date": "2022-12-31", "symbol": "WBD", "reportedCurrency": "USD", "cik": "0001437107", "fillingDate": "2023-02-24", "acceptedDate": "2023-02-24 16:09:13", "calendarYear": "2022", "period": "FY", "revenue": 33817000000, "costOfRevenue": 20442000000, "grossProfit": 13375000000, "grossProfitRatio": 0.3955111335, "researchAndDevelopmentExpenses": 0, "generalAndAdministrativeExpenses": 1154000000, "sellingAndMarketingExpenses": 8524000000, "sellingGeneralAndAdministrativeExpenses": 9678000000, "otherExpenses": 7193000000, "operatingExpenses": 16871000000, "costAndExpenses": 37313000000, "interestIncome": 1293000000, "interestExpense": 1777000000, "depreciationAndAmortization": 21354000000, "ebitda": 17772000000, "ebitdaratio": 0.5255344945, "operatingIncome": -3582000000, "operatingIncomeRatio": -0.1059230565, "totalOtherIncomeExpensesNet": -5378000000, "incomeBeforeTax": -8960000000, "incomeBeforeTaxRatio": -0.2649554958, "incomeTaxExpense": -1663000000, "netIncome": -7297000000, "netIncomeRatio": -0.215779046, "eps": -3.76, "epsdiluted": -3.76, "weightedAverageShsOut": 1940000000, "weightedAverageShsOutDil": 1940000000, "link": "https://www.sec.gov/Archives/edgar/data/1437107/000143710723000019/0001437107-23-000019-index.htm", "finalLink": "https://www.sec.gov/Archives/edgar/data/1437107/000143710723000019/disca-20221231.htm", "calculatedOtherExpenses": 7279000000, "calculatedOperatingExpenses": 16957000000, "calculatedNetInterest": -484000000, "calculatedOtherIncome": -4894000000, "calculatedIncomeNonControlling": 0, "calculatedEbitda": 17772000000}, {"date": "2021-12-31", "symbol": "WBD", "reportedCurrency": "USD", "cik": "0001437107", "fillingDate": "2022-02-24", "acceptedDate": "2022-02-24 14:14:26", "calendarYear": "2021", "period": "FY", "revenue": 12191000000, "costOfRevenue": 4620000000, "grossProfit": 7571000000, "grossProfitRatio": 0.6210319088, "researchAndDevelopmentExpenses": 0, "generalAndAdministrativeExpenses": -2199000000, "sellingAndMarketingExpenses": 6215000000, "sellingGeneralAndAdministrativeExpenses": 4016000000, "otherExpenses": 1582000000, "operatingExpenses": 5598000000, "costAndExpenses": 10218000000, "interestIncome": 18000000, "interestExpense": 633000000, "depreciationAndAmortization": 5108000000, "ebitda": 7120000000, "ebitdaratio": 0.5840374046, "operatingIncome": 2012000000, "operatingIncomeRatio": 0.1650397834, "totalOtherIncomeExpensesNet": -579000000, "incomeBeforeTax": 1433000000, "incomeBeforeTaxRatio": 0.1175457305, "incomeTaxExpense": 236000000, "netIncome": 1006000000, "netIncomeRatio": 0.0825198917, "eps": 1.8, "epsdiluted": 1.53, "weightedAverageShsOut": 507000000, "weightedAverageShsOutDil": 668000000, "link": "https://www.sec.gov/Archives/edgar/data/1437107/000143710722000031/0001437107-22-000031-index.htm", "finalLink": "https://www.sec.gov/Archives/edgar/data/1437107/000143710722000031/disca-20211231.htm", "calculatedOtherExpenses": 1543000000, "calculatedOperatingExpenses": 5559000000, "calculatedNetInterest": -615000000, "calculatedOtherIncome": 36000000, "calculatedIncomeNonControlling": 191000000, "calculatedEbitda": 7120000000}, {"date": "2020-12-31", "symbol": "WBD", "reportedCurrency": "USD", "cik": "0001437107", "fillingDate": "2021-02-22", "acceptedDate": "2021-02-22 15:46:53", "calendarYear": "2020", "period": "FY", "revenue": 10671000000, "costOfRevenue": 3860000000, "grossProfit": 6811000000, "grossProfitRatio": 0.638271952, "researchAndDevelopmentExpenses": 0, "generalAndAdministrativeExpenses": -2861000000, "sellingAndMarketingExpenses": 5583000000, "sellingGeneralAndAdministrativeExpenses": 2722000000, "otherExpenses": 1359000000, "operatingExpenses": 4081000000, "costAndExpenses": 7941000000, "interestIncome": 10000000, "interestExpense": 648000000, "depreciationAndAmortization": 4467000000, "ebitda": 6982000000, "ebitdaratio": 0.654296692, "operatingIncome": 2515000000, "operatingIncomeRatio": 0.2356855028, "totalOtherIncomeExpensesNet": -787000000, "incomeBeforeTax": 1728000000, "incomeBeforeTaxRatio": 0.1619342142, "incomeTaxExpense": 373000000, "netIncome": 1219000000, "netIncomeRatio": 0.1142348421, "eps": 2.14, "epsdiluted": 1.8, "weightedAverageShsOut": 510000000, "weightedAverageShsOutDil": 677000000, "link": "https://www.sec.gov/Archives/edgar/data/1437107/000143710721000018/0001437107-21-000018-index.htm", "finalLink": "https://www.sec.gov/Archives/edgar/data/1437107/000143710721000018/disca-20201231.htm", "calculatedOtherExpenses": 1574000000, "calculatedOperatingExpenses": 4296000000, "calculatedNetInterest": -638000000, "calculatedOtherIncome": -149000000, "calculatedIncomeNonControlling": 136000000, "calculatedEbitda": 6982000000}, {"date": "2019-12-31", "symbol": "WBD", "reportedCurrency": "USD", "cik": "0001437107", "fillingDate": "2020-02-27", "acceptedDate": "2020-02-27 15:21:02", "calendarYear": "2019", "period": "FY", "revenue": 11144000000, "costOfRevenue": 3819000000, "grossProfit": 7325000000, "grossProfitRatio": 0.657304379, "researchAndDevelopmentExpenses": 0, "generalAndAdministrativeExpenses": -3256000000, "sellingAndMarketingExpenses": 6044000000, "sellingGeneralAndAdministrativeExpenses": 2788000000, "otherExpenses": 1347000000, "operatingExpenses": 4135000000, "costAndExpenses": 7954000000, "interestIncome": 22000000, "interestExpense": 677000000, "depreciationAndAmortization": 4371000000, "ebitda": 7380000000, "ebitdaratio": 0.6622397703, "operatingIncome": 3009000000, "operatingIncomeRatio": 0.2700107681, "totalOtherIncomeExpensesNet": -715000000, "incomeBeforeTax": 2294000000, "incomeBeforeTaxRatio": 0.205850682, "incomeTaxExpense": 81000000, "netIncome": 2069000000, "netIncomeRatio": 0.1856604451, "eps": 3.45, "epsdiluted": 2.86, "weightedAverageShsOut": 535000000, "weightedAverageShsOutDil": 717000000, "link": "https://www.sec.gov/Archives/edgar/data/1437107/000143710720000006/0001437107-20-000006-index.htm", "finalLink": "https://www.sec.gov/Archives/edgar/data/1437107/000143710720000006/disca-2019123110kq4.htm", "calculatedOtherExpenses": 1528000000, "calculatedOperatingExpenses": 4316000000, "calculatedNetInterest": -655000000, "calculatedOtherIncome": -60000000, "calculatedIncomeNonControlling": 144000000, "calculatedEbitda": 7380000000}, {"date": "2018-12-31", "symbol": "WBD", "reportedCurrency": "USD", "cik": "0001437107", "fillingDate": "2019-03-01", "acceptedDate": "2019-03-01 12:46:38", "calendarYear": "2018", "period": "FY", "revenue": 10553000000, "costOfRevenue": 3935000000, "grossProfit": 6618000000, "grossProfitRatio": 0.6271202502, "researchAndDevelopmentExpenses": 0, "generalAndAdministrativeExpenses": -2894000000, "sellingAndMarketingExpenses": 5514000000, "sellingGeneralAndAdministrativeExpenses": 2620000000, "otherExpenses": -120000000, "operatingExpenses": 4018000000, "costAndExpenses": 7953000000, "interestIncome": 15000000, "interestExpense": 729000000, "depreciationAndAmortization": 4686000000, "ebitda": 7103000000, "ebitdaratio": 0.6730787454, "operatingIncome": 1934000000, "operatingIncomeRatio": 0.1832654222, "totalOtherIncomeExpensesNet": -849000000, "incomeBeforeTax": 1022000000, "incomeBeforeTaxRatio": 0.0968444992, "incomeTaxExpense": 341000000, "netIncome": 594000000, "netIncomeRatio": 0.0562873117, "eps": 0.86, "epsdiluted": 0.86, "weightedAverageShsOut": 688000000, "weightedAverageShsOutDil": 688000000, "link": "https://www.sec.gov/Archives/edgar/data/1437107/000143710719000013/0001437107-19-000013-index.htm", "finalLink": "https://www.sec.gov/Archives/edgar/data/1437107/000143710719000013/disca-2018123110k.htm", "calculatedOtherExpenses": 2064000000, "calculatedOperatingExpenses": 4684000000, "calculatedNetInterest": -714000000, "calculatedOtherIncome": -198000000, "calculatedIncomeNonControlling": 87000000, "calculatedEbitda": 6620000000}, {"date": "2017-12-31", "symbol": "WBD", "reportedCurrency": "USD", "cik": "0001437107", "fillingDate": "2018-02-28", "acceptedDate": "2018-02-28 15:11:15", "calendarYear": "2017", "period": "FY", "revenue": 6873000000, "costOfRevenue": 2656000000, "grossProfit": 4217000000, "grossProfitRatio": 0.6135603085, "researchAndDevelopmentExpenses": 0, "generalAndAdministrativeExpenses": -1305000000, "sellingAndMarketingExpenses": 3073000000, "sellingGeneralAndAdministrativeExpenses": 1768000000, "otherExpenses": -110000000, "operatingExpenses": 2098000000, "costAndExpenses": 4754000000, "interestIncome": 21000000, "interestExpense": 475000000, "depreciationAndAmortization": 2240000000, "ebitda": 4038000000, "ebitdaratio": 0.5875163684, "operatingIncome": 713000000, "operatingIncomeRatio": 0.1037392696, "totalOtherIncomeExpensesNet": -1781000000, "incomeBeforeTax": -137000000, "incomeBeforeTaxRatio": -0.0199330714, "incomeTaxExpense": 176000000, "netIncome": -337000000, "netIncomeRatio": -0.0490324458, "eps": -0.88, "epsdiluted": -0.59, "weightedAverageShsOut": 384000000, "weightedAverageShsOutDil": 576000000, "link": "https://www.sec.gov/Archives/edgar/data/1437107/000143710718000028/0001437107-18-000028-index.htm", "finalLink": "https://www.sec.gov/Archives/edgar/data/1437107/000143710718000028/disca-2017123110k.htm", "calculatedOtherExpenses": 1736000000, "calculatedOperatingExpenses": 3504000000, "calculatedNetInterest": -454000000, "calculatedOtherIncome": -396000000, "calculatedIncomeNonControlling": 24000000, "calculatedEbitda": 2953000000}, {"date": "2016-12-31", "symbol": "WBD", "reportedCurrency": "USD", "cik": "0001437107", "fillingDate": "2017-02-14", "acceptedDate": "2017-02-14 15:02:00", "calendarYear": "2016", "period": "FY", "revenue": 6497000000, "costOfRevenue": 2432000000, "grossProfit": 4065000000, "grossProfitRatio": 0.6256733877, "researchAndDevelopmentExpenses": 0, "generalAndAdministrativeExpenses": -1280000000, "sellingAndMarketingExpenses": 2970000000, "sellingGeneralAndAdministrativeExpenses": 1690000000, "otherExpenses": 4000000, "operatingExpenses": 2012000000, "costAndExpenses": 4444000000, "interestIncome": 0, "interestExpense": 353000000, "depreciationAndAmortization": 2095000000, "ebitda": 4114000000, "ebitdaratio": 0.6332153302, "operatingIncome": 2058000000, "operatingIncomeRatio": 0.3167615823, "totalOtherIncomeExpensesNet": -29000000, "incomeBeforeTax": 1671000000, "incomeBeforeTaxRatio": 0.2571956288, "incomeTaxExpense": 453000000, "netIncome": 1194000000, "netIncomeRatio": 0.1837771279, "eps": 1.97, "epsdiluted": 1.96, "weightedAverageShsOut": 401000000, "weightedAverageShsOutDil": 610000000, "link": "https://www.sec.gov/Archives/edgar/data/1437107/000143710717000007/0001437107-17-000007-index.htm", "finalLink": "https://www.sec.gov/Archives/edgar/data/1437107/000143710717000007/disca-2016123110k.htm", "calculatedOtherExpenses": 317000000, "calculatedOperatingExpenses": 2007000000, "calculatedNetInterest": -353000000, "calculatedOtherIncome": -34000000, "calculatedIncomeNonControlling": 24000000, "calculatedEbitda": 4153000000}, {"date": "2015-12-31", "symbol": "WBD", "reportedCurrency": "USD", "cik": "0001437107", "fillingDate": "2016-02-18", "acceptedDate": "2016-02-18 14:14:17", "calendarYear": "2015", "period": "FY", "revenue": 6394000000, "costOfRevenue": 2343000000, "grossProfit": 4051000000, "grossProfitRatio": 0.633562715, "researchAndDevelopmentExpenses": 0, "generalAndAdministrativeExpenses": -1335000000, "sellingAndMarketingExpenses": 3004000000, "sellingGeneralAndAdministrativeExpenses": 1669000000, "otherExpenses": -97000000, "operatingExpenses": 1999000000, "costAndExpenses": 4342000000, "interestIncome": 0, "interestExpense": 330000000, "depreciationAndAmortization": 2039000000, "ebitda": 3995000000, "ebitdaratio": 0.6248045042, "operatingIncome": 1985000000, "operatingIncomeRatio": 0.3104472943, "totalOtherIncomeExpensesNet": -163000000, "incomeBeforeTax": 1559000000, "incomeBeforeTaxRatio": 0.2438223334, "incomeTaxExpense": 511000000, "netIncome": 1034000000, "netIncomeRatio": 0.161714107, "eps": 1.59, "epsdiluted": 1.58, "weightedAverageShsOut": 432000000, "weightedAverageShsOutDil": 656000000, "link": "https://www.sec.gov/Archives/edgar/data/1437107/000143710716000059/0001437107-16-000059-index.htm", "finalLink": "https://www.sec.gov/Archives/edgar/data/1437107/000143710716000059/disca-2015123110k.htm", "calculatedOtherExpenses": 397000000, "calculatedOperatingExpenses": 2066000000, "calculatedNetInterest": -330000000, "calculatedOtherIncome": -96000000, "calculatedIncomeNonControlling": 14000000, "calculatedEbitda": 4024000000}, {"date": "2014-12-31", "symbol": "WBD", "reportedCurrency": "USD", "cik": "0001437107", "fillingDate": "2015-02-19", "acceptedDate": "2015-02-19 14:02:39", "calendarYear": "2014", "period": "FY", "revenue": 6265000000, "costOfRevenue": 2124000000, "grossProfit": 4141000000, "grossProfitRatio": 0.6609736632, "researchAndDevelopmentExpenses": 0, "generalAndAdministrativeExpenses": -1397000000, "sellingAndMarketingExpenses": 3089000000, "sellingGeneralAndAdministrativeExpenses": 1692000000, "otherExpenses": -9000000, "operatingExpenses": 2021000000, "costAndExpenses": 4145000000, "interestIncome": 0, "interestExpense": 328000000, "depreciationAndAmortization": 1886000000, "ebitda": 4020000000, "ebitdaratio": 0.641660016, "operatingIncome": 2061000000, "operatingIncomeRatio": 0.3289704709, "totalOtherIncomeExpensesNet": -45000000, "incomeBeforeTax": 1747000000, "incomeBeforeTaxRatio": 0.2788507582, "incomeTaxExpense": 610000000, "netIncome": 1139000000, "netIncomeRatio": 0.1818036712, "eps": 1.67, "epsdiluted": 1.66, "weightedAverageShsOut": 454000000, "weightedAverageShsOutDil": 687000000, "link": "https://www.sec.gov/Archives/edgar/data/1437107/000143710715000004/0001437107-15-000004-index.htm", "finalLink": "https://www.sec.gov/Archives/edgar/data/1437107/000143710715000004/disca-2014123110k.htm", "calculatedOtherExpenses": 388000000, "calculatedOperatingExpenses": 2080000000, "calculatedNetInterest": -328000000, "calculatedOtherIncome": 14000000, "calculatedIncomeNonControlling": -2000000, "calculatedEbitda": 3947000000}, {"date": "2013-12-31", "symbol": "WBD", "reportedCurrency": "USD", "cik": "0001437107", "fillingDate": "2014-02-20", "acceptedDate": "2014-02-20 16:18:34", "calendarYear": "2013", "period": "FY", "revenue": 5535000000, "costOfRevenue": 1689000000, "grossProfit": 3846000000, "grossProfitRatio": 0.6948509485, "researchAndDevelopmentExpenses": 0, "generalAndAdministrativeExpenses": -1164000000, "sellingAndMarketingExpenses": 2739000000, "sellingGeneralAndAdministrativeExpenses": 1575000000, "otherExpenses": 26000000, "operatingExpenses": 1851000000, "costAndExpenses": 3540000000, "interestIncome": 0, "interestExpense": 306000000, "depreciationAndAmortization": 1466000000, "ebitda": 3505000000, "ebitdaratio": 0.6332429991, "operatingIncome": 1998000000, "operatingIncomeRatio": 0.3609756098, "totalOtherIncomeExpensesNet": 47000000, "incomeBeforeTax": 1736000000, "incomeBeforeTaxRatio": 0.3136404697, "incomeTaxExpense": 659000000, "netIncome": 1075000000, "netIncomeRatio": 0.1942186089, "eps": 1.51, "epsdiluted": 1.49, "weightedAverageShsOut": 330950000, "weightedAverageShsOutDil": 722000000, "link": "https://www.sec.gov/Archives/edgar/data/1437107/000143710714000016/0001437107-14-000016-index.htm", "finalLink": "https://www.sec.gov/Archives/edgar/data/1437107/000143710714000016/disca-2013123110k.htm", "calculatedOtherExpenses": 273000000, "calculatedOperatingExpenses": 1848000000, "calculatedNetInterest": -306000000, "calculatedOtherIncome": 44000000, "calculatedIncomeNonControlling": 2000000, "calculatedEbitda": 3464000000}, {"date": "2012-12-31", "symbol": "WBD", "reportedCurrency": "USD", "cik": "0001437107", "fillingDate": "2013-02-14", "acceptedDate": "2013-02-14 15:41:21", "calendarYear": "2012", "period": "FY", "revenue": 4487000000, "costOfRevenue": 1218000000, "grossProfit": 3269000000, "grossProfitRatio": 0.728549142, "researchAndDevelopmentExpenses": 0, "generalAndAdministrativeExpenses": -746000000, "sellingAndMarketingExpenses": 2037000000, "sellingGeneralAndAdministrativeExpenses": 1291000000, "otherExpenses": -89000000, "operatingExpenses": 1408000000, "costAndExpenses": 2626000000, "interestIncome": 0, "interestExpense": 248000000, "depreciationAndAmortization": 982000000, "ebitda": 2754000000, "ebitdaratio": 0.6137731224, "operatingIncome": 1855000000, "operatingIncomeRatio": 0.4134165367, "totalOtherIncomeExpensesNet": -95000000, "incomeBeforeTax": 1518000000, "incomeBeforeTaxRatio": 0.3383106753, "incomeTaxExpense": 562000000, "netIncome": 943000000, "netIncomeRatio": 0.2101626922, "eps": 0.63, "epsdiluted": 0.62, "weightedAverageShsOut": 348925000, "weightedAverageShsOutDil": 1518000000, "link": "https://www.sec.gov/Archives/edgar/data/1437107/000143710713000006/0001437107-13-000006-index.htm", "finalLink": "https://www.sec.gov/Archives/edgar/data/1437107/000143710713000006/disca-2012123110k.htm", "calculatedOtherExpenses": 123000000, "calculatedOperatingExpenses": 1414000000, "calculatedNetInterest": -248000000, "calculatedOtherIncome": -89000000, "calculatedIncomeNonControlling": 13000000, "calculatedEbitda": 2837000000}, {"date": "2011-12-31", "symbol": "WBD", "reportedCurrency": "USD", "cik": "0001437107", "fillingDate": "2012-02-17", "acceptedDate": "2012-02-17 07:44:19", "calendarYear": "2011", "period": "FY", "revenue": 4235000000, "costOfRevenue": 1233000000, "grossProfit": 3002000000, "grossProfitRatio": 0.7088547816, "researchAndDevelopmentExpenses": 0, "generalAndAdministrativeExpenses": -669000000, "sellingAndMarketingExpenses": 1852000000, "sellingGeneralAndAdministrativeExpenses": 1183000000, "otherExpenses": 119000000, "operatingExpenses": 1302000000, "costAndExpenses": 2535000000, "interestIncome": 0, "interestExpense": 208000000, "depreciationAndAmortization": 965000000, "ebitda": 2665000000, "ebitdaratio": 0.6292798111, "operatingIncome": 1799000000, "operatingIncomeRatio": 0.4247933884, "totalOtherIncomeExpensesNet": 67000000, "incomeBeforeTax": 1559000000, "incomeBeforeTaxRatio": 0.3681227863, "incomeTaxExpense": 425000000, "netIncome": 1132000000, "netIncomeRatio": 0.26729634, "eps": 1.41, "epsdiluted": 1.4, "weightedAverageShsOut": 529125000, "weightedAverageShsOutDil": 810000000, "link": "https://www.sec.gov/Archives/edgar/data/1437107/000119312512066285/0001193125-12-066285-index.htm", "finalLink": "https://www.sec.gov/Archives/edgar/data/1437107/000119312512066285/d226513d10k.htm", "calculatedOtherExpenses": 20000000, "calculatedOperatingExpenses": 1203000000, "calculatedNetInterest": -208000000, "calculatedOtherIncome": -32000000, "calculatedIncomeNonControlling": 2000000, "calculatedEbitda": 2764000000}, {"date": "2010-12-31", "symbol": "WBD", "reportedCurrency": "USD", "cik": "0001437107", "fillingDate": "2011-02-18", "acceptedDate": "2011-02-18 16:53:49", "calendarYear": "2010", "period": "FY", "revenue": 3773000000, "costOfRevenue": 1073000000, "grossProfit": 2700000000, "grossProfitRatio": 0.7156109197, "researchAndDevelopmentExpenses": 0, "generalAndAdministrativeExpenses": -460000000, "sellingAndMarketingExpenses": 1645000000, "sellingGeneralAndAdministrativeExpenses": 1185000000, "otherExpenses": 130000000, "operatingExpenses": 1315000000, "costAndExpenses": 2388000000, "interestIncome": 0, "interestExpense": 203000000, "depreciationAndAmortization": 132000000, "ebitda": 1764000000, "ebitdaratio": 0.4675324675, "operatingIncome": 1360000000, "operatingIncomeRatio": 0.3604558707, "totalOtherIncomeExpensesNet": -247000000, "incomeBeforeTax": 935000000, "incomeBeforeTaxRatio": 0.2478134111, "incomeTaxExpense": 277000000, "netIncome": 664000000, "netIncomeRatio": 0.175987278, "eps": 0.78, "epsdiluted": 0.78, "weightedAverageShsOut": 569440000, "weightedAverageShsOutDil": 858000000, "link": "https://www.sec.gov/Archives/edgar/data/1437107/000119312511040418/0001193125-11-040418-index.htm", "finalLink": "https://www.sec.gov/Archives/edgar/data/1437107/000119312511040418/d10k.htm", "calculatedOtherExpenses": 155000000, "calculatedOperatingExpenses": 1340000000, "calculatedNetInterest": -203000000, "calculatedOtherIncome": -222000000, "calculatedIncomeNonControlling": -6000000, "calculatedEbitda": 1492000000}, {"date": "2009-12-31", "symbol": "WBD", "reportedCurrency": "USD", "cik": "0001437107", "fillingDate": "2010-02-22", "acceptedDate": "2010-02-22 09:30:17", "calendarYear": "2009", "period": "FY", "revenue": 3516000000, "costOfRevenue": 1065000000, "grossProfit": 2451000000, "grossProfitRatio": 0.6970989761, "researchAndDevelopmentExpenses": 0, "generalAndAdministrativeExpenses": -181000000, "sellingAndMarketingExpenses": 1428000000, "sellingGeneralAndAdministrativeExpenses": 1247000000, "otherExpenses": -97000000, "operatingExpenses": 1150000000, "costAndExpenses": 2215000000, "interestIncome": 0, "interestExpense": -250000000, "depreciationAndAmortization": 155000000, "ebitda": 1476000000, "ebitdaratio": 0.4197952218, "operatingIncome": 1235000000, "operatingIncomeRatio": 0.3512514221, "totalOtherIncomeExpensesNet": -20000000, "incomeBeforeTax": 1031000000, "incomeBeforeTaxRatio": 0.2932309443, "incomeTaxExpense": 472000000, "netIncome": 560000000, "netIncomeRatio": 0.1592718999, "eps": 0.65, "epsdiluted": 0.65, "weightedAverageShsOut": 564945732, "weightedAverageShsOutDil": 850000000, "link": "https://www.sec.gov/Archives/edgar/data/1437107/000119312510035850/0001193125-10-035850-index.htm", "finalLink": "https://www.sec.gov/Archives/edgar/data/1437107/000119312510035850/d10k.htm", "calculatedOtherExpenses": -31000000, "calculatedOperatingExpenses": 1216000000, "calculatedNetInterest": 250000000, "calculatedOtherIncome": -454000000, "calculatedIncomeNonControlling": -1000000, "calculatedEbitda": 1390000000}, {"date": "2008-12-31", "symbol": "WBD", "reportedCurrency": "USD", "cik": "0001437107", "fillingDate": "2009-02-26", "acceptedDate": "2009-02-25 17:48:58", "calendarYear": "2008", "period": "FY", "revenue": 3443000000, "costOfRevenue": 1024000000, "grossProfit": 2419000000, "grossProfitRatio": 0.702584955, "researchAndDevelopmentExpenses": 0, "generalAndAdministrativeExpenses": -281000000, "sellingAndMarketingExpenses": 1396000000, "sellingGeneralAndAdministrativeExpenses": 1115000000, "otherExpenses": 216000000, "operatingExpenses": 1331000000, "costAndExpenses": 2355000000, "interestIncome": 0, "interestExpense": -256000000, "depreciationAndAmortization": 232000000, "ebitda": 1367000000, "ebitdaratio": 0.3970374673, "operatingIncome": 1057000000, "operatingIncomeRatio": 0.3069997096, "totalOtherIncomeExpensesNet": -108000000, "incomeBeforeTax": 754000000, "incomeBeforeTaxRatio": 0.2189950624, "incomeTaxExpense": 352000000, "netIncome": 317000000, "netIncomeRatio": 0.0920708684, "eps": 0.5, "epsdiluted": 0.49, "weightedAverageShsOut": 562447947, "weightedAverageShsOutDil": 644000000, "link": "https://www.sec.gov/Archives/edgar/data/1437107/000095013309000442/0000950133-09-000442-index.htm", "finalLink": "https://www.sec.gov/Archives/edgar/data/1437107/000095013309000442/w72867e10vk.htm", "calculatedOtherExpenses": 247000000, "calculatedOperatingExpenses": 1362000000, "calculatedNetInterest": 256000000, "calculatedOtherIncome": -559000000, "calculatedIncomeNonControlling": 85000000, "calculatedEbitda": 1289000000}, {"date": "2007-12-31", "symbol": "WBD", "reportedCurrency": "USD", "cik": "0001437107", "fillingDate": "2007-12-31", "acceptedDate": "2007-12-30 19:00:00", "calendarYear": "2007", "period": "FY", "revenue": 707214000, "costOfRevenue": 491034000, "grossProfit": 216180000, "grossProfitRatio": 0.3056783378, "researchAndDevelopmentExpenses": 0, "generalAndAdministrativeExpenses": 0, "sellingAndMarketingExpenses": 0, "sellingGeneralAndAdministrativeExpenses": 150687000, "otherExpenses": 232375000, "operatingExpenses": 383062000, "costAndExpenses": 874096000, "interestIncome": 0, "interestExpense": 0, "depreciationAndAmortization": 67732000, "ebitda": 49627000, "ebitdaratio": 0.0701725362, "operatingIncome": -167643000, "operatingIncomeRatio": -0.2370470607, "totalOtherIncomeExpensesNet": -6996000, "incomeBeforeTax": -9235000, "incomeBeforeTaxRatio": -0.0130582822, "incomeTaxExpense": 59157000, "netIncome": -68392000, "netIncomeRatio": -0.0967062304, "eps": -0.12, "epsdiluted": -0.12, "weightedAverageShsOut": 561193146, "weightedAverageShsOutDil": 562000000, "link": "", "finalLink": "", "calculatedOtherExpenses": 233136000, "calculatedOperatingExpenses": 383823000, "calculatedNetInterest": 0, "calculatedOtherIncome": 158408000, "calculatedIncomeNonControlling": 0, "calculatedEbitda": -99911000}, {"date": "2006-12-31", "symbol": "WBD", "reportedCurrency": "USD", "cik": "0001437107", "fillingDate": "2006-12-31", "acceptedDate": "2006-12-30 19:00:00", "calendarYear": "2006", "period": "FY", "revenue": 688087000, "costOfRevenue": 454482000, "grossProfit": 233605000, "grossProfitRatio": 0.3394992203, "researchAndDevelopmentExpenses": 0, "generalAndAdministrativeExpenses": 0, "sellingAndMarketingExpenses": 0, "sellingGeneralAndAdministrativeExpenses": 177366000, "otherExpenses": 159284000, "operatingExpenses": 336650000, "costAndExpenses": 791132000, "interestIncome": 0, "interestExpense": 0, "depreciationAndAmortization": 67929000, "ebitda": 58850000, "ebitdaratio": 0.0855269755, "operatingIncome": -115137000, "operatingIncomeRatio": -0.1673291313, "totalOtherIncomeExpensesNet": 9622000, "incomeBeforeTax": -2068000, "incomeBeforeTaxRatio": -0.0030054339, "incomeTaxExpense": 43942000, "netIncome": -46010000, "netIncomeRatio": -0.0668665445, "eps": -0.0821, "epsdiluted": -0.08, "weightedAverageShsOut": 560407076, "weightedAverageShsOutDil": 575000000, "link": "", "finalLink": "", "calculatedOtherExpenses": 171376000, "calculatedOperatingExpenses": 348742000, "calculatedNetInterest": 0, "calculatedOtherIncome": 113069000, "calculatedIncomeNonControlling": 0, "calculatedEbitda": -47208000}, {"date": "2005-12-31", "symbol": "WBD", "reportedCurrency": "USD", "cik": "0001437107", "fillingDate": "2005-12-31", "acceptedDate": "2005-12-30 19:00:00", "calendarYear": "2005", "period": "FY", "revenue": 694509000, "costOfRevenue": 445839000, "grossProfit": 248670000, "grossProfitRatio": 0.3580515155, "researchAndDevelopmentExpenses": 0, "generalAndAdministrativeExpenses": 0, "sellingAndMarketingExpenses": 0, "sellingGeneralAndAdministrativeExpenses": 170045000, "otherExpenses": 75915000, "operatingExpenses": 245960000, "costAndExpenses": 691799000, "interestIncome": 0, "interestExpense": 0, "depreciationAndAmortization": 76377000, "ebitda": -777000, "ebitdaratio": -0.001118776, "operatingIncome": -1402000, "operatingIncomeRatio": -0.0020186923, "totalOtherIncomeExpensesNet": 79864000, "incomeBeforeTax": 82112000, "incomeBeforeTaxRatio": 0.1182302893, "incomeTaxExpense": 48836000, "netIncome": 33276000, "netIncomeRatio": 0.047912986, "eps": 0.06, "epsdiluted": 0.06, "weightedAverageShsOut": 560398000, "weightedAverageShsOutDil": 560407076, "link": "", "finalLink": "", "calculatedOtherExpenses": 80027000, "calculatedOperatingExpenses": 250072000, "calculatedNetInterest": 0, "calculatedOtherIncome": 83514000, "calculatedIncomeNonControlling": 0, "calculatedEbitda": 74975000}, {"date": "2004-12-31", "symbol": "WBD", "reportedCurrency": "USD", "cik": "0001437107", "fillingDate": "2004-12-31", "acceptedDate": "2004-12-30 19:00:00", "calendarYear": "2004", "period": "FY", "revenue": 631215000, "costOfRevenue": 380290000, "grossProfit": 250925000, "grossProfitRatio": 0.3975269916, "researchAndDevelopmentExpenses": 0, "generalAndAdministrativeExpenses": 0, "sellingAndMarketingExpenses": 0, "sellingGeneralAndAdministrativeExpenses": 153559000, "otherExpenses": 80431000, "operatingExpenses": 233990000, "costAndExpenses": 614280000, "interestIncome": 0, "interestExpense": 0, "depreciationAndAmortization": 77605000, "ebitda": 10397000, "ebitdaratio": 0.0164714083, "operatingIncome": 16935000, "operatingIncomeRatio": 0.0268292103, "totalOtherIncomeExpensesNet": 84143000, "incomeBeforeTax": 101078000, "incomeBeforeTaxRatio": 0.160132443, "incomeTaxExpense": 34970000, "netIncome": 66108000, "netIncomeRatio": 0.1047313514, "eps": 0.12, "epsdiluted": 0.12, "weightedAverageShsOut": 560407076, "weightedAverageShsOutDil": 560407076, "link": "", "finalLink": "", "calculatedOtherExpenses": 80431000, "calculatedOperatingExpenses": 233990000, "calculatedNetInterest": 0, "calculatedOtherIncome": 84143000, "calculatedIncomeNonControlling": 0, "calculatedEbitda": 94540000}, {"date": "2003-12-31", "symbol": "WBD", "reportedCurrency": "USD", "cik": "0001437107", "fillingDate": "2003-12-31", "acceptedDate": "2003-12-30 19:00:00", "calendarYear": "2003", "period": "FY", "revenue": 506103000, "costOfRevenue": 301005000, "grossProfit": 205098000, "grossProfitRatio": 0.4052495243, "researchAndDevelopmentExpenses": 0, "generalAndAdministrativeExpenses": 0, "sellingAndMarketingExpenses": 0, "sellingGeneralAndAdministrativeExpenses": 130336000, "otherExpenses": 73690000, "operatingExpenses": 204026000, "costAndExpenses": 505031000, "interestIncome": 0, "interestExpense": 47489000, "depreciationAndAmortization": 70526000, "ebitda": 59671000, "ebitdaratio": 0.1179028775, "operatingIncome": -2404000, "operatingIncomeRatio": -0.0047500212, "totalOtherIncomeExpensesNet": 11927000, "incomeBeforeTax": -34490000, "incomeBeforeTaxRatio": -0.0681481833, "incomeTaxExpense": 20156000, "netIncome": -52394000, "netIncomeRatio": -0.1035243814, "eps": -0.0935, "epsdiluted": -0.0935, "weightedAverageShsOut": 560407076, "weightedAverageShsOutDil": 560407076, "link": "", "finalLink": "", "calculatedOtherExpenses": 77166000, "calculatedOperatingExpenses": 207502000, "calculatedNetInterest": -47489000, "calculatedOtherIncome": 15403000, "calculatedIncomeNonControlling": -2252000, "calculatedEbitda": 68122000}, {"date": "2002-12-31", "symbol": "WBD", "reportedCurrency": "USD", "cik": "0001437107", "fillingDate": "2002-12-31", "acceptedDate": "2002-12-30 19:00:00", "calendarYear": "2002", "period": "FY", "revenue": 539333000, "costOfRevenue": 0, "grossProfit": 539333000, "grossProfitRatio": 1, "researchAndDevelopmentExpenses": 0, "generalAndAdministrativeExpenses": 0, "sellingAndMarketingExpenses": 0, "sellingGeneralAndAdministrativeExpenses": 0, "otherExpenses": -600785000, "operatingExpenses": -600785000, "costAndExpenses": -600785000, "interestIncome": 0, "interestExpense": 0, "depreciationAndAmortization": 600785000, "ebitda": 539333000, "ebitdaratio": 1, "operatingIncome": -61452000, "operatingIncomeRatio": -0.1139407379, "totalOtherIncomeExpensesNet": 0, "incomeBeforeTax": 0, "incomeBeforeTaxRatio": 0, "incomeTaxExpense": 67823000, "netIncome": -129275000, "netIncomeRatio": -0.2396942149, "eps": -0.23, "epsdiluted": -0.23, "weightedAverageShsOut": 560407076, "weightedAverageShsOutDil": 560407076, "link": "", "finalLink": "", "calculatedOtherExpenses": 600785000, "calculatedOperatingExpenses": 600785000, "calculatedNetInterest": 0, "calculatedOtherIncome": 61452000, "calculatedIncomeNonControlling": 61452000, "calculatedEbitda": 539333000}, {"date": "2001-12-31", "symbol": "WBD", "reportedCurrency": "USD", "cik": "0001437107", "fillingDate": "2001-12-31", "acceptedDate": "2001-12-30 19:00:00", "calendarYear": "2001", "period": "FY", "revenue": 592732000, "costOfRevenue": 0, "grossProfit": 592732000, "grossProfitRatio": 1, "researchAndDevelopmentExpenses": 0, "generalAndAdministrativeExpenses": 0, "sellingAndMarketingExpenses": 0, "sellingGeneralAndAdministrativeExpenses": 0, "otherExpenses": 943360000, "operatingExpenses": 943360000, "costAndExpenses": 943360000, "interestIncome": 0, "interestExpense": 0, "depreciationAndAmortization": 0, "ebitda": -350628000, "ebitdaratio": -0.5915455889, "operatingIncome": -350628000, "operatingIncomeRatio": -0.5915455889, "totalOtherIncomeExpensesNet": 0, "incomeBeforeTax": 0, "incomeBeforeTaxRatio": 0, "incomeTaxExpense": 608261000, "netIncome": -608261000, "netIncomeRatio": -1.0261990242, "eps": -1.09, "epsdiluted": -1.09, "weightedAverageShsOut": 560407076, "weightedAverageShsOutDil": 560407076, "link": "", "finalLink": "", "calculatedOtherExpenses": 943360000, "calculatedOperatingExpenses": 943360000, "calculatedNetInterest": 0, "calculatedOtherIncome": 350628000, "calculatedIncomeNonControlling": 0, "calculatedEbitda": -350628000}, {"date": "2000-12-31", "symbol": "WBD", "reportedCurrency": "USD", "cik": "0001437107", "fillingDate": "2000-12-31", "acceptedDate": "2000-12-30 19:00:00", "calendarYear": "2000", "period": "FY", "revenue": 295717000, "costOfRevenue": 0, "grossProfit": 295717000, "grossProfitRatio": 1, "researchAndDevelopmentExpenses": 0, "generalAndAdministrativeExpenses": 0, "sellingAndMarketingExpenses": 0, "sellingGeneralAndAdministrativeExpenses": 0, "otherExpenses": -357926000, "operatingExpenses": -357926000, "costAndExpenses": -357926000, "interestIncome": 0, "interestExpense": 0, "depreciationAndAmortization": 357926000, "ebitda": 295717000, "ebitdaratio": 1, "operatingIncome": -62209000, "operatingIncomeRatio": -0.2103666681, "totalOtherIncomeExpensesNet": 0, "incomeBeforeTax": 0, "incomeBeforeTaxRatio": 0, "incomeTaxExpense": 241548000, "netIncome": -303757000, "netIncomeRatio": -1.0271881562, "eps": -0.54, "epsdiluted": -0.54, "weightedAverageShsOut": 560407076, "weightedAverageShsOutDil": 560407076, "link": "", "finalLink": "", "calculatedOtherExpenses": 357926000, "calculatedOperatingExpenses": 357926000, "calculatedNetInterest": 0, "calculatedOtherIncome": 62209000, "calculatedIncomeNonControlling": 62209000, "calculatedEbitda": 295717000}]}