{"originalCurrency": "USD", "convertedCurrency": "USD", "report": [{"date": "2023-12-31", "symbol": "WBS", "reportedCurrency": "USD", "cik": "0000801337", "fillingDate": "2024-02-27", "acceptedDate": "2024-02-27 16:38:15", "calendarYear": "2023", "period": "FY", "revenue": 3951450000, "costOfRevenue": 8853000, "grossProfit": 3942597000, "grossProfitRatio": 0.9977595566, "researchAndDevelopmentExpenses": 0, "generalAndAdministrativeExpenses": 769333000, "sellingAndMarketingExpenses": 16122000, "sellingGeneralAndAdministrativeExpenses": 785455000, "otherExpenses": -427455000, "operatingExpenses": 427455000, "costAndExpenses": 2860446000, "interestIncome": 3628260000, "interestExpense": 260471000, "depreciationAndAmortization": 70907000, "ebitda": 36207000, "ebitdaratio": 0.0091629655, "operatingIncome": -34700000, "operatingIncomeRatio": -0.0087815865, "totalOtherIncomeExpensesNet": 1084504000, "incomeBeforeTax": 1084504000, "incomeBeforeTaxRatio": 0.2744572246, "incomeTaxExpense": 216664000, "netIncome": 867840000, "netIncomeRatio": 0.219625707, "eps": 4.91, "epsdiluted": 4.91, "weightedAverageShsOut": 171775000, "weightedAverageShsOutDil": 171883000, "link": "https://www.sec.gov/Archives/edgar/data/801337/000080133724000007/0000801337-24-000007-index.htm", "finalLink": "https://www.sec.gov/Archives/edgar/data/801337/000080133724000007/wbs-20231231.htm", "calculatedOtherExpenses": 3191842000, "calculatedOperatingExpenses": 3977297000, "calculatedNetInterest": 3367789000, "calculatedOtherIncome": -2248585000, "calculatedIncomeNonControlling": 0, "calculatedEbitda": 36207000}, {"date": "2022-12-31", "symbol": "WBS", "reportedCurrency": "USD", "cik": "0000801337", "fillingDate": "2023-03-10", "acceptedDate": "2023-03-10 07:27:04", "calendarYear": "2022", "period": "FY", "revenue": 2472471000, "costOfRevenue": 0, "grossProfit": 2472471000, "grossProfitRatio": 1, "researchAndDevelopmentExpenses": 0, "generalAndAdministrativeExpenses": 750194000, "sellingAndMarketingExpenses": 16438000, "sellingGeneralAndAdministrativeExpenses": 766632000, "otherExpenses": -750194000, "operatingExpenses": 16438000, "costAndExpenses": 16438000, "interestIncome": 2284737000, "interestExpense": 250451000, "depreciationAndAmortization": 31940000, "ebitda": 1080368000, "ebitdaratio": 0.4369588157, "operatingIncome": 1048428000, "operatingIncomeRatio": 0.4240405651, "totalOtherIncomeExpensesNet": -250451000, "incomeBeforeTax": 797977000, "incomeBeforeTaxRatio": 0.3227447359, "incomeTaxExpense": 153694000, "netIncome": 644283000, "netIncomeRatio": 0.2605826317, "eps": 3.72, "epsdiluted": 3.72, "weightedAverageShsOut": 167452000, "weightedAverageShsOutDil": 167547000, "link": "https://www.sec.gov/Archives/edgar/data/801337/000080133723000013/0000801337-23-000013-index.htm", "finalLink": "https://www.sec.gov/Archives/edgar/data/801337/000080133723000013/wbs-20221231.htm", "calculatedOtherExpenses": 657411000, "calculatedOperatingExpenses": 1424043000, "calculatedNetInterest": 2034286000, "calculatedOtherIncome": -2284737000, "calculatedIncomeNonControlling": 0, "calculatedEbitda": 1080368000}, {"date": "2021-12-31", "symbol": "WBS", "reportedCurrency": "USD", "cik": "0000801337", "fillingDate": "2022-02-25", "acceptedDate": "2022-02-25 16:09:06", "calendarYear": "2021", "period": "FY", "revenue": 1223293000, "costOfRevenue": 0, "grossProfit": 1223293000, "grossProfitRatio": 1, "researchAndDevelopmentExpenses": 0, "generalAndAdministrativeExpenses": 435783000, "sellingAndMarketingExpenses": 12051000, "sellingGeneralAndAdministrativeExpenses": 447834000, "otherExpenses": -1137266000, "operatingExpenses": -689432000, "costAndExpenses": -689432000, "interestIncome": 942844000, "interestExpense": 41755000, "depreciationAndAmortization": 4513000, "ebitda": 538374000, "ebitdaratio": 0.4401022486, "operatingIncome": 533861000, "operatingIncomeRatio": 0.4364130262, "totalOtherIncomeExpensesNet": 533861000, "incomeBeforeTax": 533861000, "incomeBeforeTaxRatio": 0.4364130262, "incomeTaxExpense": 124997000, "netIncome": 408864000, "netIncomeRatio": 0.3342322731, "eps": 4.43, "epsdiluted": 4.42, "weightedAverageShsOut": 89983000, "weightedAverageShsOutDil": 90206000, "link": "https://www.sec.gov/Archives/edgar/data/801337/000080133722000011/0000801337-22-000011-index.htm", "finalLink": "https://www.sec.gov/Archives/edgar/data/801337/000080133722000011/wbs-20211231.htm", "calculatedOtherExpenses": 241598000, "calculatedOperatingExpenses": 689432000, "calculatedNetInterest": 901089000, "calculatedOtherIncome": -901089000, "calculatedIncomeNonControlling": 0, "calculatedEbitda": 538374000}, {"date": "2020-12-31", "symbol": "WBS", "reportedCurrency": "USD", "cik": "0000801337", "fillingDate": "2021-02-26", "acceptedDate": "2021-02-26 16:58:20", "calendarYear": "2020", "period": "FY", "revenue": 1174912000, "costOfRevenue": 0, "grossProfit": 1174912000, "grossProfitRatio": 1, "researchAndDevelopmentExpenses": 0, "generalAndAdministrativeExpenses": 446707000, "sellingAndMarketingExpenses": 14125000, "sellingGeneralAndAdministrativeExpenses": 460832000, "otherExpenses": -1355770000, "operatingExpenses": -894938000, "costAndExpenses": -894938000, "interestIncome": 1002049000, "interestExpense": 110656000, "depreciationAndAmortization": 4160000, "ebitda": 284134000, "ebitdaratio": 0.2418342821, "operatingIncome": 279974000, "operatingIncomeRatio": 0.2382935913, "totalOtherIncomeExpensesNet": 279974000, "incomeBeforeTax": 279974000, "incomeBeforeTaxRatio": 0.2382935913, "incomeTaxExpense": 59353000, "netIncome": 220621000, "netIncomeRatio": 0.1877766165, "eps": 2.35, "epsdiluted": 2.35, "weightedAverageShsOut": 89967000, "weightedAverageShsOutDil": 90151000, "link": "https://www.sec.gov/Archives/edgar/data/801337/000080133721000011/0000801337-21-000011-index.htm", "finalLink": "https://www.sec.gov/Archives/edgar/data/801337/000080133721000011/wbs-20201231.htm", "calculatedOtherExpenses": 434106000, "calculatedOperatingExpenses": 894938000, "calculatedNetInterest": 891393000, "calculatedOtherIncome": -891393000, "calculatedIncomeNonControlling": 0, "calculatedEbitda": 284134000}, {"date": "2019-12-31", "symbol": "WBS", "reportedCurrency": "USD", "cik": "0000801337", "fillingDate": "2020-02-28", "acceptedDate": "2020-02-28 16:36:42", "calendarYear": "2019", "period": "FY", "revenue": 1237490000, "costOfRevenue": 0, "grossProfit": 1237490000, "grossProfitRatio": 1, "researchAndDevelopmentExpenses": 0, "generalAndAdministrativeExpenses": 413356000, "sellingAndMarketingExpenses": 16286000, "sellingGeneralAndAdministrativeExpenses": 429642000, "otherExpenses": -1180440000, "operatingExpenses": -750798000, "costAndExpenses": -750798000, "interestIncome": 1154583000, "interestExpense": 199456000, "depreciationAndAmortization": 3847000, "ebitda": 490539000, "ebitdaratio": 0.3963983547, "operatingIncome": 486692000, "operatingIncomeRatio": 0.3932896427, "totalOtherIncomeExpensesNet": 486692000, "incomeBeforeTax": 486692000, "incomeBeforeTaxRatio": 0.3932896427, "incomeTaxExpense": 103969000, "netIncome": 382723000, "netIncomeRatio": 0.3092736103, "eps": 4.07, "epsdiluted": 4.06, "weightedAverageShsOut": 91559000, "weightedAverageShsOutDil": 91882000, "link": "https://www.sec.gov/Archives/edgar/data/801337/000080133720000014/0000801337-20-000014-index.htm", "finalLink": "https://www.sec.gov/Archives/edgar/data/801337/000080133720000014/wbs-20191231.htm", "calculatedOtherExpenses": 321156000, "calculatedOperatingExpenses": 750798000, "calculatedNetInterest": 955127000, "calculatedOtherIncome": -955127000, "calculatedIncomeNonControlling": 0, "calculatedEbitda": 490539000}, {"date": "2018-12-31", "symbol": "WBS", "reportedCurrency": "USD", "cik": "0000801337", "fillingDate": "2019-03-01", "acceptedDate": "2019-03-01 09:07:13", "calendarYear": "2018", "period": "FY", "revenue": 1185998000, "costOfRevenue": 0, "grossProfit": 1185998000, "grossProfitRatio": 1, "researchAndDevelopmentExpenses": 0, "generalAndAdministrativeExpenses": 416245000, "sellingAndMarketingExpenses": 16838000, "sellingGeneralAndAdministrativeExpenses": 433083000, "otherExpenses": -1032213000, "operatingExpenses": -599130000, "costAndExpenses": -599130000, "interestIncome": 1055167000, "interestExpense": 148486000, "depreciationAndAmortization": 3847000, "ebitda": 628869000, "ebitdaratio": 0.5302445704, "operatingIncome": 590119000, "operatingIncomeRatio": 0.4975716654, "totalOtherIncomeExpensesNet": -148486000, "incomeBeforeTax": 441633000, "incomeBeforeTaxRatio": 0.3723724661, "incomeTaxExpense": 81215000, "netIncome": 360418000, "netIncomeRatio": 0.303894273, "eps": 3.92, "epsdiluted": 3.91, "weightedAverageShsOut": 91930000, "weightedAverageShsOutDil": 92227000, "link": "https://www.sec.gov/Archives/edgar/data/801337/000080133719000011/0000801337-19-000011-index.htm", "finalLink": "https://www.sec.gov/Archives/edgar/data/801337/000080133719000011/wbs-10k2018.htm", "calculatedOtherExpenses": 162796000, "calculatedOperatingExpenses": 595879000, "calculatedNetInterest": 906681000, "calculatedOtherIncome": -1055167000, "calculatedIncomeNonControlling": 0, "calculatedEbitda": 593966000}, {"date": "2017-12-31", "symbol": "WBS", "reportedCurrency": "USD", "cik": "0000801337", "fillingDate": "2018-03-01", "acceptedDate": "2018-03-01 10:42:29", "calendarYear": "2017", "period": "FY", "revenue": 1052671000, "costOfRevenue": 0, "grossProfit": 1052671000, "grossProfitRatio": 1, "researchAndDevelopmentExpenses": 0, "generalAndAdministrativeExpenses": 385575000, "sellingAndMarketingExpenses": 17421000, "sellingGeneralAndAdministrativeExpenses": 402996000, "otherExpenses": -154616000, "operatingExpenses": 17421000, "costAndExpenses": 14327000, "interestIncome": 913605000, "interestExpense": 117318000, "depreciationAndAmortization": 4062000, "ebitda": 508280000, "ebitdaratio": 0.4828479173, "operatingIncome": 504218000, "operatingIncomeRatio": 0.4789891619, "totalOtherIncomeExpensesNet": -150428000, "incomeBeforeTax": 353790000, "incomeBeforeTaxRatio": 0.3360879135, "incomeTaxExpense": 98351000, "netIncome": 255439000, "netIncomeRatio": 0.2426579625, "eps": 2.68, "epsdiluted": 2.67, "weightedAverageShsOut": 91965000, "weightedAverageShsOutDil": 92356000, "link": "https://www.sec.gov/Archives/edgar/data/801337/000080133718000058/0000801337-18-000058-index.htm", "finalLink": "https://www.sec.gov/Archives/edgar/data/801337/000080133718000058/wbs-10k2017.htm", "calculatedOtherExpenses": 145457000, "calculatedOperatingExpenses": 548453000, "calculatedNetInterest": 796287000, "calculatedOtherIncome": -946715000, "calculatedIncomeNonControlling": 0, "calculatedEbitda": 508280000}, {"date": "2016-12-31", "symbol": "WBS", "reportedCurrency": "USD", "cik": "0000801337", "fillingDate": "2017-03-01", "acceptedDate": "2017-03-01 16:20:02", "calendarYear": "2016", "period": "FY", "revenue": 979985000, "costOfRevenue": 0, "grossProfit": 979985000, "grossProfitRatio": 1, "researchAndDevelopmentExpenses": 0, "generalAndAdministrativeExpenses": 357732000, "sellingAndMarketingExpenses": 19703000, "sellingGeneralAndAdministrativeExpenses": 377435000, "otherExpenses": -922779000, "operatingExpenses": -545344000, "costAndExpenses": -3006000, "interestIncome": 821913000, "interestExpense": 103400000, "depreciationAndAmortization": 5652000, "ebitda": 443299000, "ebitdaratio": 0.4523528421, "operatingIncome": 437647000, "operatingIncomeRatio": 0.4465854069, "totalOtherIncomeExpensesNet": -134197000, "incomeBeforeTax": 303450000, "incomeBeforeTaxRatio": 0.3096475966, "incomeTaxExpense": 96323000, "netIncome": 207127000, "netIncomeRatio": 0.2113573167, "eps": 2.17, "epsdiluted": 2.16, "weightedAverageShsOut": 91367000, "weightedAverageShsOutDil": 91856000, "link": "https://www.sec.gov/Archives/edgar/data/801337/000080133717000070/0000801337-17-000070-index.htm", "finalLink": "https://www.sec.gov/Archives/edgar/data/801337/000080133717000070/wbs-10k2016.htm", "calculatedOtherExpenses": 164903000, "calculatedOperatingExpenses": 542338000, "calculatedNetInterest": 718513000, "calculatedOtherIncome": -852710000, "calculatedIncomeNonControlling": 0, "calculatedEbitda": 443299000}, {"date": "2015-12-31", "symbol": "WBS", "reportedCurrency": "USD", "cik": "0000801337", "fillingDate": "2016-02-29", "acceptedDate": "2016-02-29 15:07:32", "calendarYear": "2015", "period": "FY", "revenue": 900997000, "costOfRevenue": 0, "grossProfit": 900997000, "grossProfitRatio": 1, "researchAndDevelopmentExpenses": 0, "generalAndAdministrativeExpenses": 321559000, "sellingAndMarketingExpenses": 16053000, "sellingGeneralAndAdministrativeExpenses": 337612000, "otherExpenses": -817713000, "operatingExpenses": -480101000, "costAndExpenses": -3173000, "interestIncome": 760040000, "interestExpense": 95415000, "depreciationAndAmortization": 6340000, "ebitda": 430409000, "ebitdaratio": 0.4777030334, "operatingIncome": 424069000, "operatingIncomeRatio": 0.470666384, "totalOtherIncomeExpensesNet": -123753000, "incomeBeforeTax": 300316000, "incomeBeforeTaxRatio": 0.3333152053, "incomeTaxExpense": 93976000, "netIncome": 206340000, "netIncomeRatio": 0.2290129712, "eps": 2.15, "epsdiluted": 2.13, "weightedAverageShsOut": 90968000, "weightedAverageShsOutDil": 91533000, "link": "https://www.sec.gov/Archives/edgar/data/801337/000080133716000172/0000801337-16-000172-index.htm", "finalLink": "https://www.sec.gov/Archives/edgar/data/801337/000080133716000172/wbs-12312015x10k.htm", "calculatedOtherExpenses": 139316000, "calculatedOperatingExpenses": 476928000, "calculatedNetInterest": 664625000, "calculatedOtherIncome": -788378000, "calculatedIncomeNonControlling": 0, "calculatedEbitda": 430409000}, {"date": "2014-12-31", "symbol": "WBS", "reportedCurrency": "USD", "cik": "0000801337", "fillingDate": "2015-02-27", "acceptedDate": "2015-02-27 16:46:05", "calendarYear": "2014", "period": "FY", "revenue": 827042000, "costOfRevenue": -3507000, "grossProfit": 830549000, "grossProfitRatio": 1.0042404134, "researchAndDevelopmentExpenses": 0, "generalAndAdministrativeExpenses": 292821000, "sellingAndMarketingExpenses": 15379000, "sellingGeneralAndAdministrativeExpenses": 308200000, "otherExpenses": -938997000, "operatingExpenses": -630797000, "costAndExpenses": -634304000, "interestIncome": 718941000, "interestExpense": 90500000, "depreciationAndAmortization": 2685000, "ebitda": 412246000, "ebitdaratio": 0.4984583612, "operatingIncome": 199752000, "operatingIncomeRatio": 0.2415258234, "totalOtherIncomeExpensesNet": 91409000, "incomeBeforeTax": 291161000, "incomeBeforeTaxRatio": 0.3520510446, "incomeTaxExpense": 91409000, "netIncome": 199752000, "netIncomeRatio": 0.2415258234, "eps": 2.1, "epsdiluted": 2.08, "weightedAverageShsOut": 89899000, "weightedAverageShsOutDil": 90620000, "link": "https://www.sec.gov/Archives/edgar/data/801337/000080133715000033/0000801337-15-000033-index.htm", "finalLink": "https://www.sec.gov/Archives/edgar/data/801337/000080133715000033/wbs-12312014x10k.htm", "calculatedOtherExpenses": 322597000, "calculatedOperatingExpenses": 630797000, "calculatedNetInterest": 628441000, "calculatedOtherIncome": -537032000, "calculatedIncomeNonControlling": 0, "calculatedEbitda": 202437000}, {"date": "2013-12-31", "symbol": "WBS", "reportedCurrency": "USD", "cik": "0000801337", "fillingDate": "2014-02-28", "acceptedDate": "2014-02-28 15:32:16", "calendarYear": "2013", "period": "FY", "revenue": 781562000, "costOfRevenue": 0, "grossProfit": 781562000, "grossProfitRatio": 1, "researchAndDevelopmentExpenses": 0, "generalAndAdministrativeExpenses": 285949000, "sellingAndMarketingExpenses": 15502000, "sellingGeneralAndAdministrativeExpenses": 301451000, "otherExpenses": -909680000, "operatingExpenses": -608229000, "costAndExpenses": -614445000, "interestIncome": 687640000, "interestExpense": 90912000, "depreciationAndAmortization": 4919000, "ebitda": 444545000, "ebitdaratio": 0.5687904478, "operatingIncome": 179549000, "operatingIncomeRatio": 0.2297309746, "totalOtherIncomeExpensesNet": 76670000, "incomeBeforeTax": 256219000, "incomeBeforeTaxRatio": 0.3278293981, "incomeTaxExpense": 76670000, "netIncome": 179549000, "netIncomeRatio": 0.2297309746, "eps": 1.9, "epsdiluted": 1.86, "weightedAverageShsOut": 88713000, "weightedAverageShsOutDil": 90261000, "link": "https://www.sec.gov/Archives/edgar/data/801337/000080133714000048/0000801337-14-000048-index.htm", "finalLink": "https://www.sec.gov/Archives/edgar/data/801337/000080133714000048/wbs-12312013x10k.htm", "calculatedOtherExpenses": 300562000, "calculatedOperatingExpenses": 602013000, "calculatedNetInterest": 596728000, "calculatedOtherIncome": -520058000, "calculatedIncomeNonControlling": 0, "calculatedEbitda": 184468000}, {"date": "2012-12-31", "symbol": "WBS", "reportedCurrency": "USD", "cik": "0000801337", "fillingDate": "2013-02-28", "acceptedDate": "2013-02-28 17:27:32", "calendarYear": "2012", "period": "FY", "revenue": 763610000, "costOfRevenue": -8056000, "grossProfit": 771666000, "grossProfitRatio": 1.010549888, "researchAndDevelopmentExpenses": 0, "generalAndAdministrativeExpenses": 288355000, "sellingAndMarketingExpenses": 16827000, "sellingGeneralAndAdministrativeExpenses": 305182000, "otherExpenses": -927465000, "operatingExpenses": -622283000, "costAndExpenses": -630339000, "interestIncome": 693502000, "interestExpense": 114594000, "depreciationAndAmortization": 5420000, "ebitda": 471495000, "ebitdaratio": 0.6174552455, "operatingIncome": 149383000, "operatingIncomeRatio": 0.195627349, "totalOtherIncomeExpensesNet": 57951000, "incomeBeforeTax": 248362000, "incomeBeforeTaxRatio": 0.3252471812, "incomeTaxExpense": 74665000, "netIncome": 173697000, "netIncomeRatio": 0.2274682102, "eps": 1.96, "epsdiluted": 1.86, "weightedAverageShsOut": 87211000, "weightedAverageShsOutDil": 91649000, "link": "https://www.sec.gov/Archives/edgar/data/801337/000080133713000045/0000801337-13-000045-index.htm", "finalLink": "https://www.sec.gov/Archives/edgar/data/801337/000080133713000045/wbs-12312012x10k.htm", "calculatedOtherExpenses": 317101000, "calculatedOperatingExpenses": 622283000, "calculatedNetInterest": 578908000, "calculatedOtherIncome": -479929000, "calculatedIncomeNonControlling": 0, "calculatedEbitda": 154803000}, {"date": "2011-12-31", "symbol": "WBS", "reportedCurrency": "USD", "cik": "0000801337", "fillingDate": "2012-02-29", "acceptedDate": "2012-02-29 10:49:26", "calendarYear": "2011", "period": "FY", "revenue": 740810000, "costOfRevenue": 0, "grossProfit": 740810000, "grossProfitRatio": 1, "researchAndDevelopmentExpenses": 0, "generalAndAdministrativeExpenses": 283924000, "sellingAndMarketingExpenses": 18456000, "sellingGeneralAndAdministrativeExpenses": 302380000, "otherExpenses": -620339000, "operatingExpenses": -317959000, "costAndExpenses": -317959000, "interestIncome": 699723000, "interestExpense": 135955000, "depreciationAndAmortization": 5588000, "ebitda": 428439000, "ebitdaratio": 0.5783385753, "operatingIncome": 422851000, "operatingIncomeRatio": 0.5707954806, "totalOtherIncomeExpensesNet": -215517000, "incomeBeforeTax": 207334000, "incomeBeforeTaxRatio": 0.2798747317, "incomeTaxExpense": 57951000, "netIncome": 151379000, "netIncomeRatio": 0.204342544, "eps": 1.69, "epsdiluted": 1.61, "weightedAverageShsOut": 87007000, "weightedAverageShsOutDil": 91688000, "link": "https://www.sec.gov/Archives/edgar/data/801337/000119312512087601/0001193125-12-087601-index.htm", "finalLink": "https://www.sec.gov/Archives/edgar/data/801337/000119312512087601/d262727d10k.htm", "calculatedOtherExpenses": 15579000, "calculatedOperatingExpenses": 317959000, "calculatedNetInterest": 563768000, "calculatedOtherIncome": -779285000, "calculatedIncomeNonControlling": -1996000, "calculatedEbitda": 428439000}, {"date": "2010-12-31", "symbol": "WBS", "reportedCurrency": "USD", "cik": "0000801337", "fillingDate": "2011-02-28", "acceptedDate": "2011-02-25 17:52:19", "calendarYear": "2010", "period": "FY", "revenue": 741666000, "costOfRevenue": 0, "grossProfit": 741666000, "grossProfitRatio": 1, "researchAndDevelopmentExpenses": 0, "generalAndAdministrativeExpenses": 270561000, "sellingAndMarketingExpenses": 18968000, "sellingGeneralAndAdministrativeExpenses": 289529000, "otherExpenses": 5838000, "operatingExpenses": 295367000, "costAndExpenses": 289529000, "interestIncome": 706186000, "interestExpense": 171376000, "depreciationAndAmortization": 5588000, "ebitda": 348634000, "ebitdaratio": 0.4700687371, "operatingIncome": 74224000, "operatingIncomeRatio": 0.1000773933, "totalOtherIncomeExpensesNet": 13468000, "incomeBeforeTax": 87692000, "incomeBeforeTaxRatio": 0.1182365108, "incomeTaxExpense": 13468000, "netIncome": 74315000, "netIncomeRatio": 0.1002000901, "eps": 0.6, "epsdiluted": 0.57, "weightedAverageShsOut": 78175000, "weightedAverageShsOutDil": 82172000, "link": "https://www.sec.gov/Archives/edgar/data/801337/000119312511047759/0001193125-11-047759-index.htm", "finalLink": "https://www.sec.gov/Archives/edgar/data/801337/000119312511047759/d10k.htm", "calculatedOtherExpenses": 377913000, "calculatedOperatingExpenses": 667442000, "calculatedNetInterest": 534810000, "calculatedOtherIncome": -521342000, "calculatedIncomeNonControlling": -91000, "calculatedEbitda": 79812000}, {"date": "2009-12-31", "symbol": "WBS", "reportedCurrency": "USD", "cik": "0000801337", "fillingDate": "2010-03-01", "acceptedDate": "2010-03-01 16:52:46", "calendarYear": "2009", "period": "FY", "revenue": 675753000, "costOfRevenue": 0, "grossProfit": 675753000, "grossProfitRatio": 1, "researchAndDevelopmentExpenses": 0, "generalAndAdministrativeExpenses": 286400000, "sellingAndMarketingExpenses": 14469000, "sellingGeneralAndAdministrativeExpenses": 300869000, "otherExpenses": -5993000, "operatingExpenses": 294876000, "costAndExpenses": 294876000, "interestIncome": 745342000, "interestExpense": 250704000, "depreciationAndAmortization": 5743000, "ebitda": 188211000, "ebitdaratio": 0.2785204061, "operatingIncome": -75912000, "operatingIncomeRatio": -0.1123369042, "totalOtherIncomeExpensesNet": -52736000, "incomeBeforeTax": -128648000, "incomeBeforeTaxRatio": -0.1903772532, "incomeTaxExpense": -52736000, "netIncome": -75632000, "netIncomeRatio": -0.1119225516, "eps": -1.24, "epsdiluted": -1.18, "weightedAverageShsOut": 60943000, "weightedAverageShsOutDil": 63916000, "link": "https://www.sec.gov/Archives/edgar/data/801337/000119312510044804/0001193125-10-044804-index.htm", "finalLink": "https://www.sec.gov/Archives/edgar/data/801337/000119312510044804/d10k.htm", "calculatedOtherExpenses": 450796000, "calculatedOperatingExpenses": 751665000, "calculatedNetInterest": 494638000, "calculatedOtherIncome": -547374000, "calculatedIncomeNonControlling": -280000, "calculatedEbitda": -70169000}, {"date": "2008-12-31", "symbol": "WBS", "reportedCurrency": "USD", "cik": "0000801337", "fillingDate": "2009-03-02", "acceptedDate": "2009-03-02 16:00:22", "calendarYear": "2008", "period": "FY", "revenue": 481773000, "costOfRevenue": 4034000, "grossProfit": 477739000, "grossProfitRatio": 0.991626762, "researchAndDevelopmentExpenses": 0, "generalAndAdministrativeExpenses": 276315000, "sellingAndMarketingExpenses": 13956000, "sellingGeneralAndAdministrativeExpenses": 13956000, "otherExpenses": -810452000, "operatingExpenses": -796496000, "costAndExpenses": -792462000, "interestIncome": 869273000, "interestExpense": 363482000, "depreciationAndAmortization": 5939000, "ebitda": 32757000, "ebitdaratio": 0.0679926023, "operatingIncome": -318757000, "operatingIncomeRatio": -0.6616331758, "totalOtherIncomeExpensesNet": -65840000, "incomeBeforeTax": -384597000, "incomeBeforeTaxRatio": -0.7982950477, "incomeTaxExpense": -65840000, "netIncome": -321830000, "netIncomeRatio": -0.6680116985, "eps": -6.19, "epsdiluted": -6.19, "weightedAverageShsOut": 52020000, "weightedAverageShsOutDil": 52020000, "link": "https://www.sec.gov/Archives/edgar/data/801337/000119312509042505/0001193125-09-042505-index.htm", "finalLink": "https://www.sec.gov/Archives/edgar/data/801337/000119312509042505/d10k.htm", "calculatedOtherExpenses": 782540000, "calculatedOperatingExpenses": 796496000, "calculatedNetInterest": 505791000, "calculatedOtherIncome": -571631000, "calculatedIncomeNonControlling": 3073000, "calculatedEbitda": -312818000}, {"date": "2007-12-31", "symbol": "WBS", "reportedCurrency": "USD", "cik": "0000801337", "fillingDate": "2008-02-28", "acceptedDate": "2008-02-28 17:05:55", "calendarYear": "2007", "period": "FY", "revenue": 714069000, "costOfRevenue": 0, "grossProfit": 714069000, "grossProfitRatio": 1, "researchAndDevelopmentExpenses": 0, "generalAndAdministrativeExpenses": 244570000, "sellingAndMarketingExpenses": 14213000, "sellingGeneralAndAdministrativeExpenses": 258783000, "otherExpenses": -862156000, "operatingExpenses": -603373000, "costAndExpenses": -603373000, "interestIncome": 995595000, "interestExpense": 487403000, "depreciationAndAmortization": 61804000, "ebitda": 694068000, "ebitdaratio": 0.9719901018, "operatingIncome": 110696000, "operatingIncomeRatio": 0.1550214335, "totalOtherIncomeExpensesNet": 48088000, "incomeBeforeTax": 158784000, "incomeBeforeTaxRatio": 0.2223650656, "incomeTaxExpense": 48088000, "netIncome": 96773000, "netIncomeRatio": 0.1355233178, "eps": 1.78, "epsdiluted": 1.76, "weightedAverageShsOut": 54996000, "weightedAverageShsOutDil": 54996000, "link": "https://www.sec.gov/Archives/edgar/data/801337/000119312508041962/0001193125-08-041962-index.htm", "finalLink": "https://www.sec.gov/Archives/edgar/data/801337/000119312508041962/d10k.htm", "calculatedOtherExpenses": 344590000, "calculatedOperatingExpenses": 603373000, "calculatedNetInterest": 508192000, "calculatedOtherIncome": -460104000, "calculatedIncomeNonControlling": 13923000, "calculatedEbitda": 172500000}, {"date": "2006-12-31", "symbol": "WBS", "reportedCurrency": "USD", "cik": "0000801337", "fillingDate": "2007-02-27", "acceptedDate": "2007-02-27 16:47:57", "calendarYear": "2006", "period": "FY", "revenue": 727900000, "costOfRevenue": 0, "grossProfit": 727900000, "grossProfitRatio": 1, "researchAndDevelopmentExpenses": 0, "generalAndAdministrativeExpenses": 255780000, "sellingAndMarketingExpenses": 15477000, "sellingGeneralAndAdministrativeExpenses": 271257000, "otherExpenses": -299896000, "operatingExpenses": -28639000, "costAndExpenses": -28639000, "interestIncome": 1014738000, "interestExpense": 506188000, "depreciationAndAmortization": 56053000, "ebitda": 755314000, "ebitdaratio": 1.0376617667, "operatingIncome": 699261000, "operatingIncomeRatio": 0.9606553098, "totalOtherIncomeExpensesNet": -506188000, "incomeBeforeTax": 193073000, "incomeBeforeTaxRatio": 0.2652465998, "incomeTaxExpense": 59283000, "netIncome": 133790000, "netIncomeRatio": 0.1838027202, "eps": 2.5, "epsdiluted": 2.47, "weightedAverageShsOut": 53435000, "weightedAverageShsOutDil": 54065000, "link": "https://www.sec.gov/Archives/edgar/data/801337/000095012307002812/0000950123-07-002812-index.htm", "finalLink": "https://www.sec.gov/Archives/edgar/data/801337/000095012307002812/y29744e10vk.htm", "calculatedOtherExpenses": -242618000, "calculatedOperatingExpenses": 28639000, "calculatedNetInterest": 508550000, "calculatedOtherIncome": -1014738000, "calculatedIncomeNonControlling": 0, "calculatedEbitda": 755314000}, {"date": "2005-12-31", "symbol": "WBS", "reportedCurrency": "USD", "cik": "0000801337", "fillingDate": "2006-03-10", "acceptedDate": "2006-03-10 11:33:46", "calendarYear": "2005", "period": "FY", "revenue": 738226000, "costOfRevenue": 0, "grossProfit": 738226000, "grossProfitRatio": 1, "researchAndDevelopmentExpenses": 0, "generalAndAdministrativeExpenses": 241469000, "sellingAndMarketingExpenses": 14267000, "sellingGeneralAndAdministrativeExpenses": 255736000, "otherExpenses": -366300000, "operatingExpenses": -110564000, "costAndExpenses": -110564000, "interestIncome": 871847000, "interestExpense": 354506000, "depreciationAndAmortization": 53694000, "ebitda": 681356000, "ebitdaratio": 0.9229639704, "operatingIncome": 627662000, "operatingIncomeRatio": 0.8502301463, "totalOtherIncomeExpensesNet": -354506000, "incomeBeforeTax": 273156000, "incomeBeforeTaxRatio": 0.3700167699, "incomeTaxExpense": 87301000, "netIncome": 185855000, "netIncomeRatio": 0.2517589464, "eps": 3.46, "epsdiluted": 3.42, "weightedAverageShsOut": 53577000, "weightedAverageShsOutDil": 54236000, "link": "https://www.sec.gov/Archives/edgar/data/801337/000095012306002917/0000950123-06-002917-index.htm", "finalLink": "https://www.sec.gov/Archives/edgar/data/801337/000095012306002917/y17935e10vk.htm", "calculatedOtherExpenses": -145172000, "calculatedOperatingExpenses": 110564000, "calculatedNetInterest": 517341000, "calculatedOtherIncome": -871847000, "calculatedIncomeNonControlling": 0, "calculatedEbitda": 681356000}, {"date": "2004-12-31", "symbol": "WBS", "reportedCurrency": "USD", "cik": "0000801337", "fillingDate": "2005-03-10", "acceptedDate": "2005-03-10 16:38:17", "calendarYear": "2004", "period": "FY", "revenue": 687868000, "costOfRevenue": 0, "grossProfit": 687868000, "grossProfitRatio": 1, "researchAndDevelopmentExpenses": 0, "generalAndAdministrativeExpenses": 219820000, "sellingAndMarketingExpenses": 13380000, "sellingGeneralAndAdministrativeExpenses": 233200000, "otherExpenses": -434390000, "operatingExpenses": -201190000, "costAndExpenses": -201190000, "interestIncome": 732108000, "interestExpense": 263947000, "depreciationAndAmortization": 52769000, "ebitda": 539447000, "ebitdaratio": 0.7842304047, "operatingIncome": 486678000, "operatingIncomeRatio": 0.7075165584, "totalOtherIncomeExpensesNet": -263947000, "incomeBeforeTax": 222731000, "incomeBeforeTaxRatio": 0.3237990428, "incomeTaxExpense": 68898000, "netIncome": 153833000, "netIncomeRatio": 0.2236373839, "eps": 3.03, "epsdiluted": 2.98, "weightedAverageShsOut": 50769967, "weightedAverageShsOutDil": 51621812, "link": "https://www.sec.gov/Archives/edgar/data/801337/000095012305002925/0000950123-05-002925-index.htm", "finalLink": "https://www.sec.gov/Archives/edgar/data/801337/000095012305002925/y05069e10vk.htm", "calculatedOtherExpenses": -32010000, "calculatedOperatingExpenses": 201190000, "calculatedNetInterest": 468161000, "calculatedOtherIncome": -732108000, "calculatedIncomeNonControlling": 0, "calculatedEbitda": 539447000}, {"date": "2003-12-31", "symbol": "WBS", "reportedCurrency": "USD", "cik": "0000801337", "fillingDate": "2004-03-15", "acceptedDate": "2004-03-15 13:34:53", "calendarYear": "2003", "period": "FY", "revenue": 646002000, "costOfRevenue": 0, "grossProfit": 646002000, "grossProfitRatio": 1, "researchAndDevelopmentExpenses": 0, "generalAndAdministrativeExpenses": 206381000, "sellingAndMarketingExpenses": 11508000, "sellingGeneralAndAdministrativeExpenses": 217889000, "otherExpenses": -375672000, "operatingExpenses": -157783000, "costAndExpenses": -157783000, "interestIncome": 658718000, "interestExpense": 245199000, "depreciationAndAmortization": 53522000, "ebitda": 541741000, "ebitdaratio": 0.8386057628, "operatingIncome": 488219000, "operatingIncomeRatio": 0.7557546261, "totalOtherIncomeExpensesNet": -245199000, "incomeBeforeTax": 243020000, "incomeBeforeTaxRatio": 0.3761907858, "incomeTaxExpense": 79772000, "netIncome": 163248000, "netIncomeRatio": 0.2527051, "eps": 3.55, "epsdiluted": 3.49, "weightedAverageShsOut": 45985352, "weightedAverageShsOutDil": 46775931, "link": "https://www.sec.gov/Archives/edgar/data/801337/000095012304003308/0000950123-04-003308-index.htm", "finalLink": "https://www.sec.gov/Archives/edgar/data/801337/000095012304003308/y95185e10vk.htm", "calculatedOtherExpenses": -60106000, "calculatedOperatingExpenses": 157783000, "calculatedNetInterest": 413519000, "calculatedOtherIncome": -658718000, "calculatedIncomeNonControlling": 0, "calculatedEbitda": 541741000}, {"date": "2002-12-31", "symbol": "WBS", "reportedCurrency": "USD", "cik": "0000801337", "fillingDate": "2003-03-21", "acceptedDate": "2003-03-21 11:30:07", "calendarYear": "2002", "period": "FY", "revenue": 591300000, "costOfRevenue": 0, "grossProfit": 591300000, "grossProfitRatio": 1, "researchAndDevelopmentExpenses": 0, "generalAndAdministrativeExpenses": 171042000, "sellingAndMarketingExpenses": 10522000, "sellingGeneralAndAdministrativeExpenses": 181564000, "otherExpenses": -259861000, "operatingExpenses": -78297000, "costAndExpenses": -78297000, "interestIncome": 692034000, "interestExpense": 286306000, "depreciationAndAmortization": 44414000, "ebitda": 557417000, "ebitdaratio": 0.9426974463, "operatingIncome": 513003000, "operatingIncomeRatio": 0.8675849822, "totalOtherIncomeExpensesNet": -279026000, "incomeBeforeTax": 233977000, "incomeBeforeTaxRatio": 0.3956993066, "incomeTaxExpense": 73965000, "netIncome": 152732000, "netIncomeRatio": 0.258298664, "eps": 3.21, "epsdiluted": 3.16, "weightedAverageShsOut": 47584000, "weightedAverageShsOutDil": 48392000, "link": "https://www.sec.gov/Archives/edgar/data/801337/000100515003000624/0001005150-03-000624-index.htm", "finalLink": "https://www.sec.gov/Archives/edgar/data/801337/000100515003000624/form10k.txt", "calculatedOtherExpenses": -103267000, "calculatedOperatingExpenses": 78297000, "calculatedNetInterest": 405728000, "calculatedOtherIncome": -684754000, "calculatedIncomeNonControlling": 7280000, "calculatedEbitda": 557417000}, {"date": "2001-12-31", "symbol": "WBS", "reportedCurrency": "USD", "cik": "0000801337", "fillingDate": "2002-03-22", "acceptedDate": "2002-03-22 00:00:00", "calendarYear": "2001", "period": "FY", "revenue": 529577000, "costOfRevenue": 0, "grossProfit": 529577000, "grossProfitRatio": 1, "researchAndDevelopmentExpenses": 0, "generalAndAdministrativeExpenses": 142899000, "sellingAndMarketingExpenses": 8728000, "sellingGeneralAndAdministrativeExpenses": 151627000, "otherExpenses": -88830000, "operatingExpenses": 62797000, "costAndExpenses": 62797000, "interestIncome": 757235000, "interestExpense": 389756000, "depreciationAndAmortization": 51024000, "ebitda": 643398000, "ebitdaratio": 1.2149281408, "operatingIncome": 592374000, "operatingIncomeRatio": 1.1185795456, "totalOtherIncomeExpensesNet": -386129000, "incomeBeforeTax": 206245000, "incomeBeforeTaxRatio": 0.3894523365, "incomeTaxExpense": 69430000, "netIncome": 133188000, "netIncomeRatio": 0.2514988378, "eps": 2.71, "epsdiluted": 2.68, "weightedAverageShsOut": 49086000, "weightedAverageShsOutDil": 49743000, "link": "https://www.sec.gov/Archives/edgar/data/801337/000100515002000408/0001005150-02-000408-index.htm", "finalLink": "https://www.sec.gov/Archives/edgar/data/801337/000100515002000408/secondform10k.txt", "calculatedOtherExpenses": -214424000, "calculatedOperatingExpenses": -62797000, "calculatedNetInterest": 367479000, "calculatedOtherIncome": -753608000, "calculatedIncomeNonControlling": 3627000, "calculatedEbitda": 643398000}, {"date": "2000-12-31", "symbol": "WBS", "reportedCurrency": "USD", "cik": "0000801337", "fillingDate": "2001-03-21", "acceptedDate": "2001-03-21 00:00:00", "calendarYear": "2000", "period": "FY", "revenue": 455337000, "costOfRevenue": 0, "grossProfit": 455337000, "grossProfitRatio": 1, "researchAndDevelopmentExpenses": 0, "generalAndAdministrativeExpenses": 122257000, "sellingAndMarketingExpenses": 9118000, "sellingGeneralAndAdministrativeExpenses": 131375000, "otherExpenses": 2090000, "operatingExpenses": 133465000, "costAndExpenses": 133465000, "interestIncome": 738911000, "interestExpense": 412395000, "depreciationAndAmortization": 48148000, "ebitda": 636950000, "ebitdaratio": 1.3988540356, "operatingIncome": 588802000, "operatingIncomeRatio": 1.2931125738, "totalOtherIncomeExpensesNet": -412395000, "incomeBeforeTax": 176407000, "incomeBeforeTaxRatio": 0.3874207455, "incomeTaxExpense": 58116000, "netIncome": 118291000, "netIncomeRatio": 0.2597878055, "eps": 2.58, "epsdiluted": 2.55, "weightedAverageShsOut": 45849225, "weightedAverageShsOutDil": 46388627, "link": "https://www.sec.gov/Archives/edgar/data/801337/000100515001000235/0001005150-01-000235-index.htm", "finalLink": "https://www.sec.gov/Archives/edgar/data/801337/000100515001000235/0001005150-01-000235-0001.txt", "calculatedOtherExpenses": -264840000, "calculatedOperatingExpenses": -133465000, "calculatedNetInterest": 326516000, "calculatedOtherIncome": -738911000, "calculatedIncomeNonControlling": 0, "calculatedEbitda": 636950000}, {"date": "1999-12-31", "symbol": "WBS", "reportedCurrency": "USD", "cik": "0000801337", "fillingDate": "2000-03-29", "acceptedDate": "2000-03-29 00:00:00", "calendarYear": "1999", "period": "FY", "revenue": 396143000, "costOfRevenue": 0, "grossProfit": 396143000, "grossProfitRatio": 1, "researchAndDevelopmentExpenses": 0, "generalAndAdministrativeExpenses": 106493000, "sellingAndMarketingExpenses": 9584000, "sellingGeneralAndAdministrativeExpenses": 116077000, "otherExpenses": -27259000, "operatingExpenses": 88818000, "costAndExpenses": 88818000, "interestIncome": 645792000, "interestExpense": 342279000, "depreciationAndAmortization": 38058000, "ebitda": 523019000, "ebitdaratio": 1.3202782833, "operatingIncome": 484961000, "operatingIncomeRatio": 1.2242069152, "totalOtherIncomeExpensesNet": -342279000, "incomeBeforeTax": 142682000, "incomeBeforeTaxRatio": 0.3601780165, "incomeTaxExpense": 47332000, "netIncome": 95350000, "netIncomeRatio": 0.2406959103, "eps": 2.14, "epsdiluted": 2.1, "weightedAverageShsOut": 44556075, "weightedAverageShsOutDil": 45404762, "link": "https://www.sec.gov/Archives/edgar/data/801337/000100515000000421/0001005150-00-000421-index.html", "finalLink": "https://www.sec.gov/Archives/edgar/data/801337/000100515000000421/", "calculatedOtherExpenses": -204895000, "calculatedOperatingExpenses": -88818000, "calculatedNetInterest": 303513000, "calculatedOtherIncome": -645792000, "calculatedIncomeNonControlling": 0, "calculatedEbitda": 523019000}, {"date": "1998-12-31", "symbol": "WBS", "reportedCurrency": "USD", "cik": "0000801337", "fillingDate": "1999-03-31", "acceptedDate": "1999-03-31 00:00:00", "calendarYear": "1998", "period": "FY", "revenue": 319600000, "costOfRevenue": 0, "grossProfit": 319600000, "grossProfitRatio": 1, "researchAndDevelopmentExpenses": 0, "generalAndAdministrativeExpenses": 76900000, "sellingAndMarketingExpenses": 6600000, "sellingGeneralAndAdministrativeExpenses": 83500000, "otherExpenses": 89000000, "operatingExpenses": 172500000, "costAndExpenses": 172500000, "interestIncome": 622500000, "interestExpense": 377100000, "depreciationAndAmortization": 32800000, "ebitda": 524900000, "ebitdaratio": 1.6423654568, "operatingIncome": 492100000, "operatingIncomeRatio": 1.5397371715, "totalOtherIncomeExpensesNet": -377100000, "incomeBeforeTax": 115000000, "incomeBeforeTaxRatio": 0.359824781, "incomeTaxExpense": 44500000, "netIncome": 70500000, "netIncomeRatio": 0.2205882353, "eps": 1.72, "epsdiluted": 1.69, "weightedAverageShsOut": 45359884, "weightedAverageShsOutDil": 46165089, "link": "https://www.sec.gov/Archives/edgar/data/801337/0001005150-99-000254-index.html", "finalLink": "https://www.sec.gov/Archives/edgar/data/801337/0001005150-99-000254.txt", "calculatedOtherExpenses": -256000000, "calculatedOperatingExpenses": -172500000, "calculatedNetInterest": 245400000, "calculatedOtherIncome": -622500000, "calculatedIncomeNonControlling": 0, "calculatedEbitda": 524900000}, {"date": "1997-12-31", "symbol": "WBS", "reportedCurrency": "USD", "cik": "0000801337", "fillingDate": "1998-03-31", "acceptedDate": "1998-03-31 00:00:00", "calendarYear": "1997", "period": "FY", "revenue": 227900000, "costOfRevenue": 0, "grossProfit": 227900000, "grossProfitRatio": 1, "researchAndDevelopmentExpenses": 0, "generalAndAdministrativeExpenses": 57700000, "sellingAndMarketingExpenses": 5700000, "sellingGeneralAndAdministrativeExpenses": 63400000, "otherExpenses": 16100000, "operatingExpenses": 79500000, "costAndExpenses": 79500000, "interestIncome": 445800000, "interestExpense": 253900000, "depreciationAndAmortization": 17400000, "ebitda": 324800000, "ebitdaratio": 1.4251864853, "operatingIncome": 307400000, "operatingIncomeRatio": 1.3488372093, "totalOtherIncomeExpensesNet": -253900000, "incomeBeforeTax": 53500000, "incomeBeforeTaxRatio": 0.2347520842, "incomeTaxExpense": 19700000, "netIncome": 33800000, "netIncomeRatio": 0.1483106626, "eps": 0.53, "epsdiluted": 0.52, "weightedAverageShsOut": 89671476, "weightedAverageShsOutDil": 91932672, "link": "https://www.sec.gov/Archives/edgar/data/801337/000100515098000289/0001005150-98-000289-index.html", "finalLink": "https://www.sec.gov/Archives/edgar/data/801337/", "calculatedOtherExpenses": -142900000, "calculatedOperatingExpenses": -79500000, "calculatedNetInterest": 191900000, "calculatedOtherIncome": -445800000, "calculatedIncomeNonControlling": 0, "calculatedEbitda": 324800000}, {"date": "1996-12-31", "symbol": "WBS", "reportedCurrency": "USD", "cik": "0000801337", "fillingDate": "1997-03-27", "acceptedDate": "1997-03-27 00:00:00", "calendarYear": "1996", "period": "FY", "revenue": 141300000, "costOfRevenue": 0, "grossProfit": 141300000, "grossProfitRatio": 1, "researchAndDevelopmentExpenses": 0, "generalAndAdministrativeExpenses": 44500000, "sellingAndMarketingExpenses": 4400000, "sellingGeneralAndAdministrativeExpenses": 48900000, "otherExpenses": -400000, "operatingExpenses": 48500000, "costAndExpenses": 48500000, "interestIncome": 265500000, "interestExpense": 149700000, "depreciationAndAmortization": 16100000, "ebitda": 205900000, "ebitdaratio": 1.4571832979, "operatingIncome": 189800000, "operatingIncomeRatio": 1.3432413305, "totalOtherIncomeExpensesNet": -149700000, "incomeBeforeTax": 40100000, "incomeBeforeTaxRatio": 0.2837933475, "incomeTaxExpense": 14500000, "netIncome": 25600000, "netIncomeRatio": 0.1811748054, "eps": 0.72, "epsdiluted": 0.68, "weightedAverageShsOut": 23899982, "weightedAverageShsOutDil": 23899982, "link": "https://www.sec.gov/Archives/edgar/data/801337/000100515097000191/0001005150-97-000191-index.html", "finalLink": "https://www.sec.gov/Archives/edgar/data/801337/", "calculatedOtherExpenses": -97400000, "calculatedOperatingExpenses": -48500000, "calculatedNetInterest": 115800000, "calculatedOtherIncome": -265500000, "calculatedIncomeNonControlling": 0, "calculatedEbitda": 205900000}, {"date": "1995-12-31", "symbol": "WBS", "reportedCurrency": "USD", "cik": "0000801337", "fillingDate": "1996-03-29", "acceptedDate": "1996-03-29 00:00:00", "calendarYear": "1995", "period": "FY", "revenue": 109300000, "costOfRevenue": 0, "grossProfit": 109300000, "grossProfitRatio": 1, "researchAndDevelopmentExpenses": 0, "generalAndAdministrativeExpenses": 37600000, "sellingAndMarketingExpenses": 6000000, "sellingGeneralAndAdministrativeExpenses": 43600000, "otherExpenses": 5100000, "operatingExpenses": 48700000, "costAndExpenses": 48700000, "interestIncome": 218800000, "interestExpense": 131500000, "depreciationAndAmortization": 6100000, "ebitda": 164100000, "ebitdaratio": 1.5013723696, "operatingIncome": 158000000, "operatingIncomeRatio": 1.4455626715, "totalOtherIncomeExpensesNet": -131500000, "incomeBeforeTax": 26500000, "incomeBeforeTaxRatio": 0.2424519671, "incomeTaxExpense": 8200000, "netIncome": 18300000, "netIncomeRatio": 0.1674290942, "eps": 0.59, "epsdiluted": 0.56, "weightedAverageShsOut": 16156000, "weightedAverageShsOutDil": 16156000, "link": "https://www.sec.gov/Archives/edgar/data/801337/000100515096000066/0001005150-96-000066-index.html", "finalLink": "https://www.sec.gov/Archives/edgar/data/801337/", "calculatedOtherExpenses": -92300000, "calculatedOperatingExpenses": -48700000, "calculatedNetInterest": 87300000, "calculatedOtherIncome": -218800000, "calculatedIncomeNonControlling": 0, "calculatedEbitda": 164100000}, {"date": "1994-12-31", "symbol": "WBS", "reportedCurrency": "USD", "cik": "0000801337", "fillingDate": "1994-12-31", "acceptedDate": "1994-12-30 19:00:00", "calendarYear": "1994", "period": "FY", "revenue": 96100000, "costOfRevenue": 0, "grossProfit": 96100000, "grossProfitRatio": 1, "researchAndDevelopmentExpenses": 0, "generalAndAdministrativeExpenses": 32000000, "sellingAndMarketingExpenses": 0, "sellingGeneralAndAdministrativeExpenses": 32000000, "otherExpenses": -18300000, "operatingExpenses": 13700000, "costAndExpenses": 13700000, "interestIncome": 173300000, "interestExpense": 89600000, "depreciationAndAmortization": 10600000, "ebitda": 120400000, "ebitdaratio": 1.2528616025, "operatingIncome": 109800000, "operatingIncomeRatio": 1.1425598335, "totalOtherIncomeExpensesNet": -89600000, "incomeBeforeTax": 20200000, "incomeBeforeTaxRatio": 0.2101977107, "incomeTaxExpense": 3700000, "netIncome": 16500000, "netIncomeRatio": 0.1716961498, "eps": 0.74, "epsdiluted": 0.65, "weightedAverageShsOut": 10964000, "weightedAverageShsOutDil": 10964000, "link": "", "finalLink": "", "calculatedOtherExpenses": -45700000, "calculatedOperatingExpenses": -13700000, "calculatedNetInterest": 83700000, "calculatedOtherIncome": -173300000, "calculatedIncomeNonControlling": 0, "calculatedEbitda": 120400000}, {"date": "1993-12-31", "symbol": "WBS", "reportedCurrency": "USD", "cik": "0000801337", "fillingDate": "1993-12-31", "acceptedDate": "1993-12-30 19:00:00", "calendarYear": "1993", "period": "FY", "revenue": 72400000, "costOfRevenue": 0, "grossProfit": 72400000, "grossProfitRatio": 1, "researchAndDevelopmentExpenses": 0, "generalAndAdministrativeExpenses": 18900000, "sellingAndMarketingExpenses": 0, "sellingGeneralAndAdministrativeExpenses": 18900000, "otherExpenses": 5300000, "operatingExpenses": 24200000, "costAndExpenses": 24200000, "interestIncome": 134300000, "interestExpense": 70400000, "depreciationAndAmortization": 6200000, "ebitda": 102800000, "ebitdaratio": 1.4198895028, "operatingIncome": 96600000, "operatingIncomeRatio": 1.3342541436, "totalOtherIncomeExpensesNet": -74700000, "incomeBeforeTax": 21900000, "incomeBeforeTaxRatio": 0.3024861878, "incomeTaxExpense": 9200000, "netIncome": 17000000, "netIncomeRatio": 0.2348066298, "eps": 0.98, "epsdiluted": 0.8, "weightedAverageShsOut": 7200000, "weightedAverageShsOutDil": 7200000, "link": "", "finalLink": "", "calculatedOtherExpenses": -43100000, "calculatedOperatingExpenses": -24200000, "calculatedNetInterest": 63900000, "calculatedOtherIncome": -138600000, "calculatedIncomeNonControlling": -4300000, "calculatedEbitda": 102800000}, {"date": "1992-12-31", "symbol": "WBS", "reportedCurrency": "USD", "cik": "0000801337", "fillingDate": "1992-12-31", "acceptedDate": "1992-12-30 19:00:00", "calendarYear": "1992", "period": "FY", "revenue": 45800000, "costOfRevenue": 0, "grossProfit": 45800000, "grossProfitRatio": 1, "researchAndDevelopmentExpenses": 0, "generalAndAdministrativeExpenses": 11400000, "sellingAndMarketingExpenses": 0, "sellingGeneralAndAdministrativeExpenses": 11400000, "otherExpenses": 2600000, "operatingExpenses": 14000000, "costAndExpenses": 14000000, "interestIncome": 88500000, "interestExpense": 48700000, "depreciationAndAmortization": 1200000, "ebitda": 61000000, "ebitdaratio": 1.3318777293, "operatingIncome": 59800000, "operatingIncomeRatio": 1.3056768559, "totalOtherIncomeExpensesNet": -48700000, "incomeBeforeTax": 11100000, "incomeBeforeTaxRatio": 0.2423580786, "incomeTaxExpense": 5400000, "netIncome": 5700000, "netIncomeRatio": 0.1244541485, "eps": 0.32, "epsdiluted": 0.32, "weightedAverageShsOut": 7068000, "weightedAverageShsOutDil": 7068000, "link": "", "finalLink": "", "calculatedOtherExpenses": -25400000, "calculatedOperatingExpenses": -14000000, "calculatedNetInterest": 39800000, "calculatedOtherIncome": -88500000, "calculatedIncomeNonControlling": 0, "calculatedEbitda": 61000000}, {"date": "1991-12-31", "symbol": "WBS", "reportedCurrency": "USD", "cik": "0000801337", "fillingDate": "1991-12-31", "acceptedDate": "1991-12-30 19:00:00", "calendarYear": "1991", "period": "FY", "revenue": 27000000, "costOfRevenue": 0, "grossProfit": 27000000, "grossProfitRatio": 1, "researchAndDevelopmentExpenses": 0, "generalAndAdministrativeExpenses": 7300000, "sellingAndMarketingExpenses": 0, "sellingGeneralAndAdministrativeExpenses": 7300000, "otherExpenses": 16400000, "operatingExpenses": 23700000, "costAndExpenses": 23700000, "interestIncome": 68200000, "interestExpense": 45200000, "depreciationAndAmortization": 1000000, "ebitda": 51700000, "ebitdaratio": 1.9148148148, "operatingIncome": 50700000, "operatingIncomeRatio": 1.8777777778, "totalOtherIncomeExpensesNet": -45200000, "incomeBeforeTax": 5500000, "incomeBeforeTaxRatio": 0.2037037037, "incomeTaxExpense": 2100000, "netIncome": 3400000, "netIncomeRatio": 0.1259259259, "eps": 0.22, "epsdiluted": 0.22, "weightedAverageShsOut": 6986000, "weightedAverageShsOutDil": 6986000, "link": "", "finalLink": "", "calculatedOtherExpenses": -31000000, "calculatedOperatingExpenses": -23700000, "calculatedNetInterest": 23000000, "calculatedOtherIncome": -68200000, "calculatedIncomeNonControlling": 0, "calculatedEbitda": 51700000}, {"date": "1990-12-31", "symbol": "WBS", "reportedCurrency": "USD", "cik": "0000801337", "fillingDate": "1990-12-31", "acceptedDate": "1990-12-30 19:00:00", "calendarYear": "1990", "period": "FY", "revenue": 22400000, "costOfRevenue": 0, "grossProfit": 22400000, "grossProfitRatio": 1, "researchAndDevelopmentExpenses": 0, "generalAndAdministrativeExpenses": 6700000, "sellingAndMarketingExpenses": 0, "sellingGeneralAndAdministrativeExpenses": 6700000, "otherExpenses": 16900000, "operatingExpenses": 23600000, "costAndExpenses": 23600000, "interestIncome": 66200000, "interestExpense": 47100000, "depreciationAndAmortization": 1200000, "ebitda": 47200000, "ebitdaratio": 2.1071428571, "operatingIncome": 46000000, "operatingIncomeRatio": 2.0535714286, "totalOtherIncomeExpensesNet": -47100000, "incomeBeforeTax": -1100000, "incomeBeforeTaxRatio": -0.0491071429, "incomeTaxExpense": 1600000, "netIncome": -2700000, "netIncomeRatio": -0.1205357143, "eps": -0.39, "epsdiluted": -0.39, "weightedAverageShsOut": 6984000, "weightedAverageShsOutDil": 6984000, "link": "", "finalLink": "", "calculatedOtherExpenses": -30300000, "calculatedOperatingExpenses": -23600000, "calculatedNetInterest": 19100000, "calculatedOtherIncome": -66200000, "calculatedIncomeNonControlling": 0, "calculatedEbitda": 47200000}, {"date": "1989-12-31", "symbol": "WBS", "reportedCurrency": "USD", "cik": "0000801337", "fillingDate": "1989-12-31", "acceptedDate": "1989-12-30 19:00:00", "calendarYear": "1989", "period": "FY", "revenue": 20900000, "costOfRevenue": 0, "grossProfit": 20900000, "grossProfitRatio": 1, "researchAndDevelopmentExpenses": 0, "generalAndAdministrativeExpenses": 6500000, "sellingAndMarketingExpenses": 0, "sellingGeneralAndAdministrativeExpenses": 6500000, "otherExpenses": 27100000, "operatingExpenses": 33600000, "costAndExpenses": 33600000, "interestIncome": 67100000, "interestExpense": 48700000, "depreciationAndAmortization": 1000000, "ebitda": 55500000, "ebitdaratio": 2.6555023923, "operatingIncome": 54500000, "operatingIncomeRatio": 2.6076555024, "totalOtherIncomeExpensesNet": -48700000, "incomeBeforeTax": 5800000, "incomeBeforeTaxRatio": 0.2775119617, "incomeTaxExpense": 2900000, "netIncome": 2900000, "netIncomeRatio": 0.1387559809, "eps": 0.17, "epsdiluted": 0.17, "weightedAverageShsOut": 7758000, "weightedAverageShsOutDil": 7758000, "link": "", "finalLink": "", "calculatedOtherExpenses": -40100000, "calculatedOperatingExpenses": -33600000, "calculatedNetInterest": 18400000, "calculatedOtherIncome": -67100000, "calculatedIncomeNonControlling": 0, "calculatedEbitda": 55500000}, {"date": "1988-12-31", "symbol": "WBS", "reportedCurrency": "USD", "cik": "0000801337", "fillingDate": "1988-12-31", "acceptedDate": "1988-12-30 19:00:00", "calendarYear": "1988", "period": "FY", "revenue": 0, "costOfRevenue": 0, "grossProfit": 0, "grossProfitRatio": 0, "researchAndDevelopmentExpenses": 0, "generalAndAdministrativeExpenses": 0, "sellingAndMarketingExpenses": 0, "sellingGeneralAndAdministrativeExpenses": 0, "otherExpenses": 4500000, "operatingExpenses": 4500000, "costAndExpenses": 4500000, "interestIncome": 0, "interestExpense": 0, "depreciationAndAmortization": 0, "ebitda": 4500000, "ebitdaratio": 0, "operatingIncome": 4500000, "operatingIncomeRatio": 0, "totalOtherIncomeExpensesNet": 0, "incomeBeforeTax": 0, "incomeBeforeTaxRatio": 0, "incomeTaxExpense": -4500000, "netIncome": 4500000, "netIncomeRatio": 0, "eps": 0.55, "epsdiluted": 0.55, "weightedAverageShsOut": 8190000, "weightedAverageShsOutDil": 8190000, "link": "", "finalLink": "", "calculatedOtherExpenses": -4500000, "calculatedOperatingExpenses": -4500000, "calculatedNetInterest": 0, "calculatedOtherIncome": -4500000, "calculatedIncomeNonControlling": 0, "calculatedEbitda": 4500000}, {"date": "1987-12-31", "symbol": "WBS", "reportedCurrency": "USD", "cik": "0000801337", "fillingDate": "1987-12-31", "acceptedDate": "1987-12-30 19:00:00", "calendarYear": "1987", "period": "FY", "revenue": 0, "costOfRevenue": 0, "grossProfit": 0, "grossProfitRatio": 0, "researchAndDevelopmentExpenses": 0, "generalAndAdministrativeExpenses": 0, "sellingAndMarketingExpenses": 0, "sellingGeneralAndAdministrativeExpenses": 0, "otherExpenses": 4500000, "operatingExpenses": 4500000, "costAndExpenses": 4500000, "interestIncome": 0, "interestExpense": 0, "depreciationAndAmortization": 0, "ebitda": 4500000, "ebitdaratio": 0, "operatingIncome": 4500000, "operatingIncomeRatio": 0, "totalOtherIncomeExpensesNet": 0, "incomeBeforeTax": 0, "incomeBeforeTaxRatio": 0, "incomeTaxExpense": -4500000, "netIncome": 4500000, "netIncomeRatio": 0, "eps": 0.55, "epsdiluted": 0.55, "weightedAverageShsOut": 8190000, "weightedAverageShsOutDil": 8190000, "link": "", "finalLink": "", "calculatedOtherExpenses": -4500000, "calculatedOperatingExpenses": -4500000, "calculatedNetInterest": 0, "calculatedOtherIncome": -4500000, "calculatedIncomeNonControlling": 0, "calculatedEbitda": 4500000}]}