{"originalCurrency": "USD", "convertedCurrency": "USD", "report": [{"date": "2023-12-31", "symbol": "WCC", "reportedCurrency": "USD", "cik": "0000929008", "fillingDate": "2024-02-20", "acceptedDate": "2024-02-20 08:36:06", "calendarYear": "2023", "period": "FY", "revenue": 22385200000, "costOfRevenue": 17541500000, "grossProfit": 4843700000, "grossProfitRatio": 0.2163795722, "researchAndDevelopmentExpenses": 0, "generalAndAdministrativeExpenses": 0, "sellingAndMarketingExpenses": 0, "sellingGeneralAndAdministrativeExpenses": 3256000000, "otherExpenses": -25100000, "operatingExpenses": 3437300000, "costAndExpenses": 20978800000, "interestIncome": 0, "interestExpense": 389300000, "depreciationAndAmortization": 181300000, "ebitda": 1562600000, "ebitdaratio": 0.0698050498, "operatingIncome": 1406400000, "operatingIncomeRatio": 0.0628272251, "totalOtherIncomeExpensesNet": -25100000, "incomeBeforeTax": 992000000, "incomeBeforeTaxRatio": 0.0443149938, "incomeTaxExpense": 225900000, "netIncome": 765500000, "netIncomeRatio": 0.0341967014, "eps": 13.86, "epsdiluted": 13.54, "weightedAverageShsOut": 51100000, "weightedAverageShsOutDil": 52300000, "link": "https://www.sec.gov/Archives/edgar/data/929008/000092900824000005/0000929008-24-000005-index.htm", "finalLink": "https://www.sec.gov/Archives/edgar/data/929008/000092900824000005/wcc-20231231.htm", "calculatedOtherExpenses": 181300000, "calculatedOperatingExpenses": 3437300000, "calculatedNetInterest": -389300000, "calculatedOtherIncome": -25100000, "calculatedIncomeNonControlling": 600000, "calculatedEbitda": 1587700000}, {"date": "2022-12-31", "symbol": "WCC", "reportedCurrency": "USD", "cik": "0000929008", "fillingDate": "2023-02-21", "acceptedDate": "2023-02-21 16:38:56", "calendarYear": "2022", "period": "FY", "revenue": 21420116000, "costOfRevenue": 16758794000, "grossProfit": 4661322000, "grossProfitRatio": 0.2176142277, "researchAndDevelopmentExpenses": 0, "generalAndAdministrativeExpenses": 0, "sellingAndMarketingExpenses": 0, "sellingGeneralAndAdministrativeExpenses": 3044223000, "otherExpenses": 179014000, "operatingExpenses": 3223237000, "costAndExpenses": 19982031000, "interestIncome": 294420000, "interestExpense": 294420000, "depreciationAndAmortization": 172000000, "ebitda": 1610085000, "ebitdaratio": 0.0751669599, "operatingIncome": 1438085000, "operatingIncomeRatio": 0.0671371247, "totalOtherIncomeExpensesNet": -301434000, "incomeBeforeTax": 1136651000, "incomeBeforeTaxRatio": 0.0530646519, "incomeTaxExpense": 274529000, "netIncome": 860500000, "netIncomeRatio": 0.0401725182, "eps": 15.83, "epsdiluted": 15.33, "weightedAverageShsOut": 50734000, "weightedAverageShsOutDil": 52395000, "link": "https://www.sec.gov/Archives/edgar/data/929008/000092900823000006/0000929008-23-000006-index.htm", "finalLink": "https://www.sec.gov/Archives/edgar/data/929008/000092900823000006/wcc-20221231.htm", "calculatedOtherExpenses": 179014000, "calculatedOperatingExpenses": 3223237000, "calculatedNetInterest": 0, "calculatedOtherIncome": -301434000, "calculatedIncomeNonControlling": 1622000, "calculatedEbitda": 1610085000}, {"date": "2021-12-31", "symbol": "WCC", "reportedCurrency": "USD", "cik": "0000929008", "fillingDate": "2022-02-25", "acceptedDate": "2022-02-25 16:33:01", "calendarYear": "2021", "period": "FY", "revenue": 18217512000, "costOfRevenue": 14425444000, "grossProfit": 3792068000, "grossProfitRatio": 0.2081550982, "researchAndDevelopmentExpenses": 0, "generalAndAdministrativeExpenses": 0, "sellingAndMarketingExpenses": 0, "sellingGeneralAndAdministrativeExpenses": 2791641000, "otherExpenses": 198554000, "operatingExpenses": 2990195000, "costAndExpenses": 17415639000, "interestIncome": 268072999, "interestExpense": 268073000, "depreciationAndAmortization": 246666000, "ebitda": 1048539000, "ebitdaratio": 0.0575566521, "operatingIncome": 801873000, "operatingIncomeRatio": 0.0440166034, "totalOtherIncomeExpensesNet": -219961000, "incomeBeforeTax": 581912000, "incomeBeforeTaxRatio": 0.0319424519, "incomeTaxExpense": 115510000, "netIncome": 465400000, "netIncomeRatio": 0.0255468475, "eps": 8.11, "epsdiluted": 7.84, "weightedAverageShsOut": 50300000, "weightedAverageShsOutDil": 52030000, "link": "https://www.sec.gov/Archives/edgar/data/929008/000092900822000009/0000929008-22-000009-index.htm", "finalLink": "https://www.sec.gov/Archives/edgar/data/929008/000092900822000009/wcc-20211231.htm", "calculatedOtherExpenses": 198554000, "calculatedOperatingExpenses": 2990195000, "calculatedNetInterest": -1, "calculatedOtherIncome": -219960999, "calculatedIncomeNonControlling": 1002000, "calculatedEbitda": 1048539000}, {"date": "2020-12-31", "symbol": "WCC", "reportedCurrency": "USD", "cik": "0000929008", "fillingDate": "2021-03-01", "acceptedDate": "2021-03-01 16:05:48", "calendarYear": "2020", "period": "FY", "revenue": 12325995000, "costOfRevenue": 9998329000, "grossProfit": 2327666000, "grossProfitRatio": 0.1888420367, "researchAndDevelopmentExpenses": 0, "generalAndAdministrativeExpenses": 0, "sellingAndMarketingExpenses": 0, "sellingGeneralAndAdministrativeExpenses": 1859028000, "otherExpenses": 121600000, "operatingExpenses": 1980628000, "costAndExpenses": 11978957000, "interestIncome": 226591000, "interestExpense": 226591000, "depreciationAndAmortization": 123995000, "ebitda": 471033000, "ebitdaratio": 0.0382146026, "operatingIncome": 347038000, "operatingIncomeRatio": 0.0281549684, "totalOtherIncomeExpensesNet": -224196000, "incomeBeforeTax": 122842000, "incomeBeforeTaxRatio": 0.009966092, "incomeTaxExpense": 22803000, "netIncome": 100560000, "netIncomeRatio": 0.0081583677, "eps": 1.53, "epsdiluted": 1.51, "weightedAverageShsOut": 46174000, "weightedAverageShsOutDil": 46625000, "link": "https://www.sec.gov/Archives/edgar/data/929008/000092900821000006/0000929008-21-000006-index.htm", "finalLink": "https://www.sec.gov/Archives/edgar/data/929008/000092900821000006/wcc-20201231.htm", "calculatedOtherExpenses": 121600000, "calculatedOperatingExpenses": 1980628000, "calculatedNetInterest": 0, "calculatedOtherIncome": -224196000, "calculatedIncomeNonControlling": -521000, "calculatedEbitda": 471033000}, {"date": "2019-12-31", "symbol": "WCC", "reportedCurrency": "USD", "cik": "0000929008", "fillingDate": "2020-02-24", "acceptedDate": "2020-02-24 17:02:49", "calendarYear": "2019", "period": "FY", "revenue": 8358917000, "costOfRevenue": 6777456000, "grossProfit": 1581461000, "grossProfitRatio": 0.1891944854, "researchAndDevelopmentExpenses": 0, "generalAndAdministrativeExpenses": 0, "sellingAndMarketingExpenses": 0, "sellingGeneralAndAdministrativeExpenses": 1173137000, "otherExpenses": 62107000, "operatingExpenses": 1235244000, "costAndExpenses": 8012700000, "interestIncome": 65709999, "interestExpense": 64156000, "depreciationAndAmortization": 62107000, "ebitda": 408324000, "ebitdaratio": 0.0488489119, "operatingIncome": 346217000, "operatingIncomeRatio": 0.0414188824, "totalOtherIncomeExpensesNet": -64156000, "incomeBeforeTax": 282061000, "incomeBeforeTaxRatio": 0.0337437254, "incomeTaxExpense": 59863000, "netIncome": 223426000, "netIncomeRatio": 0.0267290607, "eps": 5.18, "epsdiluted": 5.14, "weightedAverageShsOut": 43104000, "weightedAverageShsOutDil": 43487000, "link": "https://www.sec.gov/Archives/edgar/data/929008/000092900820000013/0000929008-20-000013-index.htm", "finalLink": "https://www.sec.gov/Archives/edgar/data/929008/000092900820000013/wcc-form10k2019.htm", "calculatedOtherExpenses": 62107000, "calculatedOperatingExpenses": 1235244000, "calculatedNetInterest": 1553999, "calculatedOtherIncome": -65709999, "calculatedIncomeNonControlling": -1228000, "calculatedEbitda": 408324000}, {"date": "2018-12-31", "symbol": "WCC", "reportedCurrency": "USD", "cik": "0000929008", "fillingDate": "2019-02-27", "acceptedDate": "2019-02-27 17:22:26", "calendarYear": "2018", "period": "FY", "revenue": 8176600000, "costOfRevenue": 6609200000, "grossProfit": 1567400000, "grossProfitRatio": 0.1916933689, "researchAndDevelopmentExpenses": 0, "generalAndAdministrativeExpenses": 1151944000, "sellingAndMarketingExpenses": -44000, "sellingGeneralAndAdministrativeExpenses": 1151900000, "otherExpenses": 62997000, "operatingExpenses": 1214900000, "costAndExpenses": 7824100000, "interestIncome": 0, "interestExpense": 0, "depreciationAndAmortization": 63000000, "ebitda": 415500000, "ebitdaratio": 0.0508157425, "operatingIncome": 352500000, "operatingIncomeRatio": 0.0431108285, "totalOtherIncomeExpensesNet": -71415000, "incomeBeforeTax": 281100000, "incomeBeforeTaxRatio": 0.0343785926, "incomeTaxExpense": 55700000, "netIncome": 227400000, "netIncomeRatio": 0.0278110706, "eps": 5.04, "epsdiluted": 4.82, "weightedAverageShsOut": 45106085, "weightedAverageShsOutDil": 47200000, "link": "https://www.sec.gov/Archives/edgar/data/929008/000092900819000006/0000929008-19-000006-index.htm", "finalLink": "https://www.sec.gov/Archives/edgar/data/929008/000092900819000006/wcc-form10k2018.htm", "calculatedOtherExpenses": 63000000, "calculatedOperatingExpenses": 1214900000, "calculatedNetInterest": 0, "calculatedOtherIncome": -71400000, "calculatedIncomeNonControlling": -2000000, "calculatedEbitda": 415500000}, {"date": "2017-12-31", "symbol": "WCC", "reportedCurrency": "USD", "cik": "0000929008", "fillingDate": "2018-02-22", "acceptedDate": "2018-02-21 19:18:14", "calendarYear": "2017", "period": "FY", "revenue": 7679000000, "costOfRevenue": 6194400000, "grossProfit": 1484600000, "grossProfitRatio": 0.1933324652, "researchAndDevelopmentExpenses": 0, "generalAndAdministrativeExpenses": 1099748000, "sellingAndMarketingExpenses": -148000, "sellingGeneralAndAdministrativeExpenses": 1099600000, "otherExpenses": 64017000, "operatingExpenses": 1163600000, "costAndExpenses": 7358000000, "interestIncome": 0, "interestExpense": 68450000, "depreciationAndAmortization": 64000000, "ebitda": 385000000, "ebitdaratio": 0.0501367366, "operatingIncome": 321000000, "operatingIncomeRatio": 0.041802318, "totalOtherIncomeExpensesNet": -68450000, "incomeBeforeTax": 252500000, "incomeBeforeTaxRatio": 0.0328818857, "incomeTaxExpense": 89300000, "netIncome": 163500000, "netIncomeRatio": 0.0212918349, "eps": 3.48, "epsdiluted": 3.38, "weightedAverageShsOut": 47009540, "weightedAverageShsOutDil": 48400000, "link": "https://www.sec.gov/Archives/edgar/data/929008/000092900818000004/0000929008-18-000004-index.htm", "finalLink": "https://www.sec.gov/Archives/edgar/data/929008/000092900818000004/wccform10k2017.htm", "calculatedOtherExpenses": 64000000, "calculatedOperatingExpenses": 1163600000, "calculatedNetInterest": -68450000, "calculatedOtherIncome": -50000, "calculatedIncomeNonControlling": -300000, "calculatedEbitda": 385000000}, {"date": "2016-12-31", "symbol": "WCC", "reportedCurrency": "USD", "cik": "0000929008", "fillingDate": "2017-02-22", "acceptedDate": "2017-02-22 17:14:28", "calendarYear": "2016", "period": "FY", "revenue": 7336000000, "costOfRevenue": 5887800000, "grossProfit": 1448200000, "grossProfitRatio": 0.1974100327, "researchAndDevelopmentExpenses": 0, "generalAndAdministrativeExpenses": 1049286000, "sellingAndMarketingExpenses": 14000, "sellingGeneralAndAdministrativeExpenses": 1049300000, "otherExpenses": 66858000, "operatingExpenses": 1116200000, "costAndExpenses": 7004000000, "interestIncome": 0, "interestExpense": 76575000, "depreciationAndAmortization": 66900000, "ebitda": 522800000, "ebitdaratio": 0.0712649945, "operatingIncome": 332000000, "operatingIncomeRatio": 0.0452562704, "totalOtherIncomeExpensesNet": -123900000, "incomeBeforeTax": 131500000, "incomeBeforeTaxRatio": 0.0179252999, "incomeTaxExpense": 30400000, "netIncome": 101600000, "netIncomeRatio": 0.0138495093, "eps": 2.09, "epsdiluted": 2.09, "weightedAverageShsOut": 48375238, "weightedAverageShsOutDil": 48611497, "link": "https://www.sec.gov/Archives/edgar/data/929008/000092900817000005/0000929008-17-000005-index.htm", "finalLink": "https://www.sec.gov/Archives/edgar/data/929008/000092900817000005/wcc2016form10-k.htm", "calculatedOtherExpenses": 66900000, "calculatedOperatingExpenses": 1116200000, "calculatedNetInterest": -76575000, "calculatedOtherIncome": -123925000, "calculatedIncomeNonControlling": -500000, "calculatedEbitda": 398900000}, {"date": "2015-12-31", "symbol": "WCC", "reportedCurrency": "USD", "cik": "0000929008", "fillingDate": "2016-02-22", "acceptedDate": "2016-02-22 17:26:11", "calendarYear": "2015", "period": "FY", "revenue": 7518500000, "costOfRevenue": 6024800000, "grossProfit": 1493700000, "grossProfitRatio": 0.1986699475, "researchAndDevelopmentExpenses": 0, "generalAndAdministrativeExpenses": 1054951000, "sellingAndMarketingExpenses": 49000, "sellingGeneralAndAdministrativeExpenses": 1055000000, "otherExpenses": 64968000, "operatingExpenses": 1120000000, "costAndExpenses": 7144800000, "interestIncome": 0, "interestExpense": 69832000, "depreciationAndAmortization": 65000000, "ebitda": 438700000, "ebitdaratio": 0.0583494048, "operatingIncome": 373700000, "operatingIncomeRatio": 0.0497040633, "totalOtherIncomeExpensesNet": -69832000, "incomeBeforeTax": 303900000, "incomeBeforeTaxRatio": 0.0404202966, "incomeTaxExpense": 95500000, "netIncome": 210700000, "netIncomeRatio": 0.028024207, "eps": 5, "epsdiluted": 4.18, "weightedAverageShsOut": 42173790, "weightedAverageShsOutDil": 50400000, "link": "https://www.sec.gov/Archives/edgar/data/929008/000092900816000049/0000929008-16-000049-index.htm", "finalLink": "https://www.sec.gov/Archives/edgar/data/929008/000092900816000049/wcc-12312015x10k.htm", "calculatedOtherExpenses": 65000000, "calculatedOperatingExpenses": 1120000000, "calculatedNetInterest": -69832000, "calculatedOtherIncome": 32000, "calculatedIncomeNonControlling": -2300000, "calculatedEbitda": 438700000}, {"date": "2014-12-31", "symbol": "WCC", "reportedCurrency": "USD", "cik": "0000929008", "fillingDate": "2015-02-24", "acceptedDate": "2015-02-24 09:59:30", "calendarYear": "2014", "period": "FY", "revenue": 7889600000, "costOfRevenue": 6278600000, "grossProfit": 1611000000, "grossProfitRatio": 0.2041928615, "researchAndDevelopmentExpenses": 0, "generalAndAdministrativeExpenses": 1076808000, "sellingAndMarketingExpenses": -8000, "sellingGeneralAndAdministrativeExpenses": 1076800000, "otherExpenses": 68017000, "operatingExpenses": 1144800000, "costAndExpenses": 7423400000, "interestIncome": 0, "interestExpense": 0, "depreciationAndAmortization": 68000000, "ebitda": 534200000, "ebitdaratio": 0.0677093896, "operatingIncome": 466200000, "operatingIncomeRatio": 0.0590904482, "totalOtherIncomeExpensesNet": -82064000, "incomeBeforeTax": 384100000, "incomeBeforeTaxRatio": 0.0486843439, "incomeTaxExpense": 108700000, "netIncome": 275900000, "netIncomeRatio": 0.0349700872, "eps": 6.2, "epsdiluted": 5.18, "weightedAverageShsOut": 44489989, "weightedAverageShsOutDil": 53300000, "link": "https://www.sec.gov/Archives/edgar/data/929008/000092900815000006/0000929008-15-000006-index.htm", "finalLink": "https://www.sec.gov/Archives/edgar/data/929008/000092900815000006/wcc-12312014x10k.htm", "calculatedOtherExpenses": 68000000, "calculatedOperatingExpenses": 1144800000, "calculatedNetInterest": 0, "calculatedOtherIncome": -82100000, "calculatedIncomeNonControlling": -500000, "calculatedEbitda": 534200000}, {"date": "2013-12-31", "symbol": "WCC", "reportedCurrency": "USD", "cik": "0000929008", "fillingDate": "2014-02-21", "acceptedDate": "2014-02-21 17:10:46", "calendarYear": "2013", "period": "FY", "revenue": 7513300000, "costOfRevenue": 5967900000, "grossProfit": 1545400000, "grossProfitRatio": 0.2056885789, "researchAndDevelopmentExpenses": 0, "generalAndAdministrativeExpenses": 996810000, "sellingAndMarketingExpenses": -10000, "sellingGeneralAndAdministrativeExpenses": 996800000, "otherExpenses": 67642000, "operatingExpenses": 1064400000, "costAndExpenses": 7032300000, "interestIncome": 0, "interestExpense": 0, "depreciationAndAmortization": 67600000, "ebitda": 564100000, "ebitdaratio": 0.0750801911, "operatingIncome": 481000000, "operatingIncomeRatio": 0.0640198049, "totalOtherIncomeExpensesNet": -15500000, "incomeBeforeTax": 379900000, "incomeBeforeTaxRatio": 0.0505636671, "incomeTaxExpense": 103400000, "netIncome": 276400000, "netIncomeRatio": 0.0367880958, "eps": 6.24, "epsdiluted": 5.25, "weightedAverageShsOut": 44267460, "weightedAverageShsOutDil": 52700000, "link": "https://www.sec.gov/Archives/edgar/data/929008/000092900814000006/0000929008-14-000006-index.htm", "finalLink": "https://www.sec.gov/Archives/edgar/data/929008/000092900814000006/wcc-12312013x10k.htm", "calculatedOtherExpenses": 67600000, "calculatedOperatingExpenses": 1064400000, "calculatedNetInterest": 0, "calculatedOtherIncome": -101100000, "calculatedIncomeNonControlling": 100000, "calculatedEbitda": 548600000}, {"date": "2012-12-31", "symbol": "WCC", "reportedCurrency": "USD", "cik": "0000929008", "fillingDate": "2013-03-01", "acceptedDate": "2013-02-28 19:16:42", "calendarYear": "2012", "period": "FY", "revenue": 6579300000, "costOfRevenue": 5247900000, "grossProfit": 1331400000, "grossProfitRatio": 0.2023619534, "researchAndDevelopmentExpenses": 0, "generalAndAdministrativeExpenses": 961014000, "sellingAndMarketingExpenses": -36214000, "sellingGeneralAndAdministrativeExpenses": 924800000, "otherExpenses": 37561000, "operatingExpenses": 962400000, "costAndExpenses": 6210300000, "interestIncome": 0, "interestExpense": 47762000, "depreciationAndAmortization": 37600000, "ebitda": 410100000, "ebitdaratio": 0.062331859, "operatingIncome": 369000000, "operatingIncomeRatio": 0.0560849938, "totalOtherIncomeExpensesNet": -3500000, "incomeBeforeTax": 317800000, "incomeBeforeTaxRatio": 0.048303011, "incomeTaxExpense": 93900000, "netIncome": 223900000, "netIncomeRatio": 0.0340309759, "eps": 5.08, "epsdiluted": 4.38, "weightedAverageShsOut": 44061451, "weightedAverageShsOutDil": 51100000, "link": "https://www.sec.gov/Archives/edgar/data/929008/000092900813000009/0000929008-13-000009-index.htm", "finalLink": "https://www.sec.gov/Archives/edgar/data/929008/000092900813000009/wcc-12312012x10k.htm", "calculatedOtherExpenses": 37600000, "calculatedOperatingExpenses": 962400000, "calculatedNetInterest": -47762000, "calculatedOtherIncome": -3438000, "calculatedIncomeNonControlling": 0, "calculatedEbitda": 406600000}, {"date": "2011-12-31", "symbol": "WCC", "reportedCurrency": "USD", "cik": "0000929008", "fillingDate": "2012-02-22", "acceptedDate": "2012-02-22 16:57:18", "calendarYear": "2011", "period": "FY", "revenue": 6125700000, "costOfRevenue": 4889100000, "grossProfit": 1236600000, "grossProfitRatio": 0.2018708066, "researchAndDevelopmentExpenses": 0, "generalAndAdministrativeExpenses": 871983000, "sellingAndMarketingExpenses": 17000, "sellingGeneralAndAdministrativeExpenses": 872000000, "otherExpenses": 31607000, "operatingExpenses": 903600000, "costAndExpenses": 5792700000, "interestIncome": 0, "interestExpense": 53600000, "depreciationAndAmortization": 31600000, "ebitda": 364600000, "ebitdaratio": 0.0595197284, "operatingIncome": 333000000, "operatingIncomeRatio": 0.0543611342, "totalOtherIncomeExpensesNet": -53603000, "incomeBeforeTax": 279400000, "incomeBeforeTaxRatio": 0.0456111138, "incomeTaxExpense": 83100000, "netIncome": 196300000, "netIncomeRatio": 0.0320453173, "eps": 3.96, "epsdiluted": 3.96, "weightedAverageShsOut": 49600000, "weightedAverageShsOutDil": 49600000, "link": "https://www.sec.gov/Archives/edgar/data/929008/000092900812000010/0000929008-12-000010-index.htm", "finalLink": "https://www.sec.gov/Archives/edgar/data/929008/000092900812000010/wcc-12312011x10k.htm", "calculatedOtherExpenses": 31600000, "calculatedOperatingExpenses": 903600000, "calculatedNetInterest": -53600000, "calculatedOtherIncome": 0, "calculatedIncomeNonControlling": 0, "calculatedEbitda": 364600000}, {"date": "2010-12-31", "symbol": "WCC", "reportedCurrency": "USD", "cik": "0000929008", "fillingDate": "2011-02-25", "acceptedDate": "2011-02-24 21:05:08", "calendarYear": "2010", "period": "FY", "revenue": 5063900000, "costOfRevenue": 4065400000, "grossProfit": 998500000, "grossProfitRatio": 0.1971800391, "researchAndDevelopmentExpenses": 0, "generalAndAdministrativeExpenses": 763583000, "sellingAndMarketingExpenses": 17000, "sellingGeneralAndAdministrativeExpenses": 763600000, "otherExpenses": 23935000, "operatingExpenses": 787500000, "costAndExpenses": 4852900000, "interestIncome": 0, "interestExpense": 57600000, "depreciationAndAmortization": 23900000, "ebitda": 234900000, "ebitdaratio": 0.0463871719, "operatingIncome": 211000000, "operatingIncomeRatio": 0.0416674895, "totalOtherIncomeExpensesNet": 4300000, "incomeBeforeTax": 157700000, "incomeBeforeTaxRatio": 0.0311420052, "incomeTaxExpense": 42200000, "netIncome": 115500000, "netIncomeRatio": 0.0228085073, "eps": 2.69, "epsdiluted": 2.5, "weightedAverageShsOut": 43009941, "weightedAverageShsOutDil": 46100000, "link": "https://www.sec.gov/Archives/edgar/data/929008/000095012311018103/0000950123-11-018103-index.htm", "finalLink": "https://www.sec.gov/Archives/edgar/data/929008/000095012311018103/l41398e10vk.htm", "calculatedOtherExpenses": 23900000, "calculatedOperatingExpenses": 787500000, "calculatedNetInterest": -57600000, "calculatedOtherIncome": 4300000, "calculatedIncomeNonControlling": 0, "calculatedEbitda": 234900000}, {"date": "2009-12-31", "symbol": "WCC", "reportedCurrency": "USD", "cik": "0000929008", "fillingDate": "2010-02-26", "acceptedDate": "2010-02-26 17:10:49", "calendarYear": "2009", "period": "FY", "revenue": 4624000000, "costOfRevenue": 3724100000, "grossProfit": 899900000, "grossProfitRatio": 0.1946150519, "researchAndDevelopmentExpenses": 0, "generalAndAdministrativeExpenses": 693896000, "sellingAndMarketingExpenses": 4000, "sellingGeneralAndAdministrativeExpenses": 693900000, "otherExpenses": 26045000, "operatingExpenses": 719900000, "costAndExpenses": 4444000000, "interestIncome": 0, "interestExpense": 53800000, "depreciationAndAmortization": 26000000, "ebitda": 206000000, "ebitdaratio": 0.044550173, "operatingIncome": 180000000, "operatingIncomeRatio": 0.0389273356, "totalOtherIncomeExpensesNet": 11000000, "incomeBeforeTax": 137200000, "incomeBeforeTaxRatio": 0.0296712803, "incomeTaxExpense": 32100000, "netIncome": 105100000, "netIncomeRatio": 0.0227292388, "eps": 2.48, "epsdiluted": 2.46, "weightedAverageShsOut": 42264440, "weightedAverageShsOutDil": 42700000, "link": "https://www.sec.gov/Archives/edgar/data/929008/000095012310018312/0000950123-10-018312-index.htm", "finalLink": "https://www.sec.gov/Archives/edgar/data/929008/000095012310018312/l38968e10vk.htm", "calculatedOtherExpenses": 26000000, "calculatedOperatingExpenses": 719900000, "calculatedNetInterest": -53800000, "calculatedOtherIncome": 11000000, "calculatedIncomeNonControlling": 0, "calculatedEbitda": 206000000}, {"date": "2008-12-31", "symbol": "WCC", "reportedCurrency": "USD", "cik": "0000929008", "fillingDate": "2009-02-27", "acceptedDate": "2009-02-27 16:39:33", "calendarYear": "2008", "period": "FY", "revenue": 6110800000, "costOfRevenue": 4904200000, "grossProfit": 1206600000, "grossProfitRatio": 0.1974536886, "researchAndDevelopmentExpenses": 0, "generalAndAdministrativeExpenses": 834278000, "sellingAndMarketingExpenses": 22000, "sellingGeneralAndAdministrativeExpenses": 834300000, "otherExpenses": 26731000, "operatingExpenses": 861000000, "costAndExpenses": 5765200000, "interestIncome": 0, "interestExpense": 50076000, "depreciationAndAmortization": 26700000, "ebitda": 372300000, "ebitdaratio": 0.0609249198, "operatingIncome": 345600000, "operatingIncomeRatio": 0.0565556065, "totalOtherIncomeExpensesNet": 9352000, "incomeBeforeTax": 304900000, "incomeBeforeTaxRatio": 0.0498952674, "incomeTaxExpense": 92200000, "netIncome": 212700000, "netIncomeRatio": 0.0348072265, "eps": 5.04, "epsdiluted": 4.91, "weightedAverageShsOut": 42465351, "weightedAverageShsOutDil": 43319756, "link": "https://www.sec.gov/Archives/edgar/data/929008/000095015209001958/0000950152-09-001958-index.htm", "finalLink": "https://www.sec.gov/Archives/edgar/data/929008/000095015209001958/l35104ae10vk.htm", "calculatedOtherExpenses": 26700000, "calculatedOperatingExpenses": 861000000, "calculatedNetInterest": -50076000, "calculatedOtherIncome": 9376000, "calculatedIncomeNonControlling": 0, "calculatedEbitda": 372300000}, {"date": "2007-12-31", "symbol": "WCC", "reportedCurrency": "USD", "cik": "0000929008", "fillingDate": "2008-02-29", "acceptedDate": "2008-02-29 15:53:44", "calendarYear": "2007", "period": "FY", "revenue": 6003452000, "costOfRevenue": 4781336000, "grossProfit": 1222116000, "grossProfitRatio": 0.20356888, "researchAndDevelopmentExpenses": 0, "generalAndAdministrativeExpenses": 791133000, "sellingAndMarketingExpenses": 0, "sellingGeneralAndAdministrativeExpenses": 791133000, "otherExpenses": 36759000, "operatingExpenses": 827892000, "costAndExpenses": 5609228000, "interestIncome": 0, "interestExpense": 63200, "depreciationAndAmortization": 40951000, "ebitda": 435175000, "ebitdaratio": 0.0724874622, "operatingIncome": 394224000, "operatingIncomeRatio": 0.06566622, "totalOtherIncomeExpensesNet": -63196000, "incomeBeforeTax": 331028000, "incomeBeforeTaxRatio": 0.0551396097, "incomeTaxExpense": 90397000, "netIncome": 240631000, "netIncomeRatio": 0.0400821061, "eps": 5.27, "epsdiluted": 4.99, "weightedAverageShsOut": 45660531, "weightedAverageShsOutDil": 48222645, "link": "https://www.sec.gov/Archives/edgar/data/929008/000095015208001567/0000950152-08-001567-index.htm", "finalLink": "https://www.sec.gov/Archives/edgar/data/929008/000095015208001567/l29854ae10vk.htm", "calculatedOtherExpenses": 36759000, "calculatedOperatingExpenses": 827892000, "calculatedNetInterest": -63200, "calculatedOtherIncome": -63132800, "calculatedIncomeNonControlling": 0, "calculatedEbitda": 435175000}, {"date": "2006-12-31", "symbol": "WCC", "reportedCurrency": "USD", "cik": "0000929008", "fillingDate": "2007-03-01", "acceptedDate": "2007-03-01 14:08:49", "calendarYear": "2006", "period": "FY", "revenue": 5320603000, "costOfRevenue": 4234079000, "grossProfit": 1086524000, "grossProfitRatio": 0.2042106881, "researchAndDevelopmentExpenses": 0, "generalAndAdministrativeExpenses": 692881000, "sellingAndMarketingExpenses": 0, "sellingGeneralAndAdministrativeExpenses": 692881000, "otherExpenses": 28660000, "operatingExpenses": 721541000, "costAndExpenses": 4955620000, "interestIncome": 0, "interestExpense": 24600, "depreciationAndAmortization": 31180000, "ebitda": 418958000, "ebitdaratio": 0.0787425786, "operatingIncome": 364983000, "operatingIncomeRatio": 0.0685980518, "totalOtherIncomeExpensesNet": -22795000, "incomeBeforeTax": 317566000, "incomeBeforeTaxRatio": 0.059686092, "incomeTaxExpense": 100246000, "netIncome": 217320000, "netIncomeRatio": 0.0408449944, "eps": 4.46, "epsdiluted": 4.14, "weightedAverageShsOut": 48726457, "weightedAverageShsOutDil": 52492754, "link": "https://www.sec.gov/Archives/edgar/data/929008/000095015207001674/0000950152-07-001674-index.htm", "finalLink": "https://www.sec.gov/Archives/edgar/data/929008/000095015207001674/l24081ae10vk.htm", "calculatedOtherExpenses": 28660000, "calculatedOperatingExpenses": 721541000, "calculatedNetInterest": -24600, "calculatedOtherIncome": -47392400, "calculatedIncomeNonControlling": 0, "calculatedEbitda": 396163000}, {"date": "2005-12-31", "symbol": "WCC", "reportedCurrency": "USD", "cik": "0000929008", "fillingDate": "2006-03-15", "acceptedDate": "2006-03-15 17:01:37", "calendarYear": "2005", "period": "FY", "revenue": 4421103000, "costOfRevenue": 3580398000, "grossProfit": 840705000, "grossProfitRatio": 0.1901572979, "researchAndDevelopmentExpenses": 0, "generalAndAdministrativeExpenses": 612780000, "sellingAndMarketingExpenses": 0, "sellingGeneralAndAdministrativeExpenses": 612780000, "otherExpenses": 18639000, "operatingExpenses": 631419000, "costAndExpenses": 4211817000, "interestIncome": 0, "interestExpense": 30200, "depreciationAndAmortization": 18002000, "ebitda": 256144000, "ebitdaratio": 0.0579366733, "operatingIncome": 209286000, "operatingIncomeRatio": 0.0473379607, "totalOtherIncomeExpensesNet": -28219000, "incomeBeforeTax": 150884000, "incomeBeforeTaxRatio": 0.034128135, "incomeTaxExpense": 47358000, "netIncome": 103526000, "netIncomeRatio": 0.0234163285, "eps": 2.2, "epsdiluted": 2.1, "weightedAverageShsOut": 47085524, "weightedAverageShsOutDil": 49238436, "link": "https://www.sec.gov/Archives/edgar/data/929008/000095015206002136/0000950152-06-002136-index.htm", "finalLink": "https://www.sec.gov/Archives/edgar/data/929008/000095015206002136/j1826501e10vk.htm", "calculatedOtherExpenses": 18639000, "calculatedOperatingExpenses": 631419000, "calculatedNetInterest": -30200, "calculatedOtherIncome": -58371800, "calculatedIncomeNonControlling": 0, "calculatedEbitda": 227288000}, {"date": "2004-12-31", "symbol": "WCC", "reportedCurrency": "USD", "cik": "0000929008", "fillingDate": "2005-03-07", "acceptedDate": "2005-03-07 16:36:07", "calendarYear": "2004", "period": "FY", "revenue": 3741253000, "costOfRevenue": 3029132000, "grossProfit": 712121000, "grossProfitRatio": 0.1903429145, "researchAndDevelopmentExpenses": 0, "generalAndAdministrativeExpenses": 544532000, "sellingAndMarketingExpenses": 0, "sellingGeneralAndAdministrativeExpenses": 544532000, "otherExpenses": 18143000, "operatingExpenses": 562675000, "costAndExpenses": 3591807000, "interestIncome": 0, "interestExpense": 40800, "depreciationAndAmortization": 21371000, "ebitda": 179974000, "ebitdaratio": 0.0481052738, "operatingIncome": 149446000, "operatingIncomeRatio": 0.0399454407, "totalOtherIncomeExpensesNet": -9157000, "incomeBeforeTax": 99498000, "incomeBeforeTaxRatio": 0.0265948333, "incomeTaxExpense": 34566000, "netIncome": 64932000, "netIncomeRatio": 0.0173556827, "eps": 1.55, "epsdiluted": 1.47, "weightedAverageShsOut": 41838034, "weightedAverageShsOutDil": 44109153, "link": "https://www.sec.gov/Archives/edgar/data/929008/000095015205001807/0000950152-05-001807-index.htm", "finalLink": "https://www.sec.gov/Archives/edgar/data/929008/000095015205001807/j1231501e10vk.htm", "calculatedOtherExpenses": 18143000, "calculatedOperatingExpenses": 562675000, "calculatedNetInterest": -40800, "calculatedOtherIncome": -49907200, "calculatedIncomeNonControlling": 0, "calculatedEbitda": 170817000}, {"date": "2003-12-31", "symbol": "WCC", "reportedCurrency": "USD", "cik": "0000929008", "fillingDate": "2004-03-15", "acceptedDate": "2004-03-15 15:14:13", "calendarYear": "2003", "period": "FY", "revenue": 3286766000, "costOfRevenue": 2676701000, "grossProfit": 610065000, "grossProfitRatio": 0.1856125444, "researchAndDevelopmentExpenses": 0, "generalAndAdministrativeExpenses": 501462000, "sellingAndMarketingExpenses": 0, "sellingGeneralAndAdministrativeExpenses": 501462000, "otherExpenses": -526442000, "operatingExpenses": -24980000, "costAndExpenses": 2651721000, "interestIncome": 0, "interestExpense": 0, "depreciationAndAmortization": 23273000, "ebitda": 662955000, "ebitdaratio": 0.2017043501, "operatingIncome": 86045000, "operatingIncomeRatio": 0.0261792291, "totalOtherIncomeExpensesNet": -4637000, "incomeBeforeTax": 39091000, "incomeBeforeTaxRatio": 0.0118934539, "incomeTaxExpense": 9085000, "netIncome": 30006000, "netIncomeRatio": 0.0091293387, "eps": 0.67, "epsdiluted": 0.65, "weightedAverageShsOut": 44785075, "weightedAverageShsOutDil": 46163077, "link": "https://www.sec.gov/Archives/edgar/data/929008/000095012804000282/0000950128-04-000282-index.htm", "finalLink": "https://www.sec.gov/Archives/edgar/data/929008/000095012804000282/j0500901e10vk.txt", "calculatedOtherExpenses": 22558000, "calculatedOperatingExpenses": 524020000, "calculatedNetInterest": 0, "calculatedOtherIncome": -46954000, "calculatedIncomeNonControlling": 0, "calculatedEbitda": 109318000}, {"date": "2002-12-31", "symbol": "WCC", "reportedCurrency": "USD", "cik": "0000929008", "fillingDate": "2003-03-18", "acceptedDate": "2003-03-18 17:03:20", "calendarYear": "2002", "period": "FY", "revenue": 3325780000, "costOfRevenue": 2735006000, "grossProfit": 590774000, "grossProfitRatio": 0.1776347203, "researchAndDevelopmentExpenses": 0, "generalAndAdministrativeExpenses": 494382000, "sellingAndMarketingExpenses": 0, "sellingGeneralAndAdministrativeExpenses": 494382000, "otherExpenses": 19767000, "operatingExpenses": 514149000, "costAndExpenses": 3249155000, "interestIncome": 0, "interestExpense": 0, "depreciationAndAmortization": 20712000, "ebitda": 105007000, "ebitdaratio": 0.0315736459, "operatingIncome": 76625000, "operatingIncomeRatio": 0.023039708, "totalOtherIncomeExpensesNet": -7670000, "incomeBeforeTax": 25970000, "incomeBeforeTaxRatio": 0.0078086945, "incomeTaxExpense": 2847000, "netIncome": 23123000, "netIncomeRatio": 0.0069526547, "eps": 0.51, "epsdiluted": 0.49, "weightedAverageShsOut": 45339216, "weightedAverageShsOutDil": 47189796, "link": "https://www.sec.gov/Archives/edgar/data/929008/000095012803000386/0000950128-03-000386-index.htm", "finalLink": "https://www.sec.gov/Archives/edgar/data/929008/000095012803000386/j9926301e10vk.txt", "calculatedOtherExpenses": 19767000, "calculatedOperatingExpenses": 514149000, "calculatedNetInterest": 0, "calculatedOtherIncome": -50655000, "calculatedIncomeNonControlling": 0, "calculatedEbitda": 97337000}, {"date": "2001-12-31", "symbol": "WCC", "reportedCurrency": "USD", "cik": "0000929008", "fillingDate": "2002-03-29", "acceptedDate": "2002-03-29 00:00:00", "calendarYear": "2001", "period": "FY", "revenue": 3658033000, "costOfRevenue": 3014520000, "grossProfit": 643513000, "grossProfitRatio": 0.1759177678, "researchAndDevelopmentExpenses": 0, "generalAndAdministrativeExpenses": 517156000, "sellingAndMarketingExpenses": 0, "sellingGeneralAndAdministrativeExpenses": 517156000, "otherExpenses": 30972000, "operatingExpenses": 548128000, "costAndExpenses": 3562648000, "interestIncome": 0, "interestExpense": 0, "depreciationAndAmortization": 32140000, "ebitda": 144402000, "ebitdaratio": 0.0394753136, "operatingIncome": 95385000, "operatingIncomeRatio": 0.0260754892, "totalOtherIncomeExpensesNet": -16877000, "incomeBeforeTax": 33368000, "incomeBeforeTaxRatio": 0.0091218423, "incomeTaxExpense": 13143000, "netIncome": 20225000, "netIncomeRatio": 0.0055289277, "eps": 0.45, "epsdiluted": 0.43, "weightedAverageShsOut": 44944444, "weightedAverageShsOutDil": 47034884, "link": "https://www.sec.gov/Archives/edgar/data/929008/000095015202002609/0000950152-02-002609-index.htm", "finalLink": "https://www.sec.gov/Archives/edgar/data/929008/000095015202002609/j9229001e10-k.txt", "calculatedOtherExpenses": 30972000, "calculatedOperatingExpenses": 548128000, "calculatedNetInterest": 0, "calculatedOtherIncome": -62017000, "calculatedIncomeNonControlling": 0, "calculatedEbitda": 127525000}, {"date": "2000-12-30", "symbol": "WCC", "reportedCurrency": "USD", "cik": "0000929008", "fillingDate": "2001-04-02", "acceptedDate": "2001-04-02 00:00:00", "calendarYear": "2000", "period": "FY", "revenue": 3881096000, "costOfRevenue": 3196344000, "grossProfit": 684752000, "grossProfitRatio": 0.1764326366, "researchAndDevelopmentExpenses": 0, "generalAndAdministrativeExpenses": 524309000, "sellingAndMarketingExpenses": 0, "sellingGeneralAndAdministrativeExpenses": 524309000, "otherExpenses": 25601000, "operatingExpenses": 549910000, "costAndExpenses": 3746254000, "interestIncome": 0, "interestExpense": 0, "depreciationAndAmortization": 25601000, "ebitda": 194792000, "ebitdaratio": 0.0501899463, "operatingIncome": 134842000, "operatingIncomeRatio": 0.0347432787, "totalOtherIncomeExpensesNet": -34349000, "incomeBeforeTax": 56713000, "incomeBeforeTaxRatio": 0.0146126249, "incomeTaxExpense": 23275000, "netIncome": 33438000, "netIncomeRatio": 0.0086156076, "eps": 0.74, "epsdiluted": 0.7, "weightedAverageShsOut": 45186486, "weightedAverageShsOutDil": 47768571, "link": "https://www.sec.gov/Archives/edgar/data/929008/000095012801000572/0000950128-01-000572-index.htm", "finalLink": "https://www.sec.gov/Archives/edgar/data/929008/000095012801000572/j8741901e10-k.txt", "calculatedOtherExpenses": 25601000, "calculatedOperatingExpenses": 549910000, "calculatedNetInterest": 0, "calculatedOtherIncome": -78129000, "calculatedIncomeNonControlling": 0, "calculatedEbitda": 160443000}, {"date": "1999-12-31", "symbol": "WCC", "reportedCurrency": "USD", "cik": "0000929008", "fillingDate": "2000-03-30", "acceptedDate": "2000-03-30 00:00:00", "calendarYear": "1999", "period": "FY", "revenue": 3420100000, "costOfRevenue": 2806100000, "grossProfit": 614000000, "grossProfitRatio": 0.1795269144, "researchAndDevelopmentExpenses": 0, "generalAndAdministrativeExpenses": 467500000, "sellingAndMarketingExpenses": 0, "sellingGeneralAndAdministrativeExpenses": 467500000, "otherExpenses": 21500000, "operatingExpenses": 489000000, "costAndExpenses": 3295100000, "interestIncome": 0, "interestExpense": 0, "depreciationAndAmortization": 21500000, "ebitda": 166000000, "ebitdaratio": 0.0485365925, "operatingIncome": 125000000, "operatingIncomeRatio": 0.0365486389, "totalOtherIncomeExpensesNet": -19500000, "incomeBeforeTax": 58400000, "incomeBeforeTaxRatio": 0.0170755241, "incomeTaxExpense": 23300000, "netIncome": 24600000, "netIncomeRatio": 0.0071927721, "eps": 0.57, "epsdiluted": 0.53, "weightedAverageShsOut": 43224561, "weightedAverageShsOutDil": 46486792, "link": "https://www.sec.gov/Archives/edgar/data/929008/000095012800000601/0000950128-00-000601-index.html", "finalLink": "https://www.sec.gov/Archives/edgar/data/929008/000095012800000601/", "calculatedOtherExpenses": 21500000, "calculatedOperatingExpenses": 489000000, "calculatedNetInterest": 0, "calculatedOtherIncome": -66600000, "calculatedIncomeNonControlling": 10500000, "calculatedEbitda": 146500000}, {"date": "1998-12-31", "symbol": "WCC", "reportedCurrency": "USD", "cik": "0000929008", "fillingDate": "1999-03-30", "acceptedDate": "1999-03-30 00:00:00", "calendarYear": "1998", "period": "FY", "revenue": 3025400000, "costOfRevenue": 2486500000, "grossProfit": 538900000, "grossProfitRatio": 0.1781252066, "researchAndDevelopmentExpenses": 0, "generalAndAdministrativeExpenses": 415000000, "sellingAndMarketingExpenses": 0, "sellingGeneralAndAdministrativeExpenses": 415000000, "otherExpenses": 16100000, "operatingExpenses": 431100000, "costAndExpenses": 2917600000, "interestIncome": 0, "interestExpense": 0, "depreciationAndAmortization": 16100000, "ebitda": 185800000, "ebitdaratio": 0.0614133668, "operatingIncome": 107800000, "operatingIncomeRatio": 0.035631652, "totalOtherIncomeExpensesNet": -61900000, "incomeBeforeTax": 800000, "incomeBeforeTaxRatio": 0.0002644278, "incomeTaxExpense": 8500000, "netIncome": -7700000, "netIncomeRatio": -0.002545118, "eps": -0.17, "epsdiluted": -0.17, "weightedAverageShsOut": 45294118, "weightedAverageShsOutDil": 45294118, "link": "https://www.sec.gov/Archives/edgar/data/929008/000095012899000630/0000950128-99-000630-index.html", "finalLink": "https://www.sec.gov/Archives/edgar/data/929008/", "calculatedOtherExpenses": 16100000, "calculatedOperatingExpenses": 431100000, "calculatedNetInterest": 0, "calculatedOtherIncome": -107000000, "calculatedIncomeNonControlling": 0, "calculatedEbitda": 123900000}]}