{"originalCurrency": "USD", "convertedCurrency": "USD", "report": [{"date": "2023-12-31", "symbol": "WCN", "reportedCurrency": "USD", "cik": "0001318220", "fillingDate": "2024-02-14", "acceptedDate": "2024-02-14 06:01:29", "calendarYear": "2023", "period": "FY", "revenue": 8169064075, "costOfRevenue": 5853130447, "grossProfit": 2315933628, "grossProfitRatio": 0.2835004851, "researchAndDevelopmentExpenses": 0, "generalAndAdministrativeExpenses": 793828532, "sellingAndMarketingExpenses": 9097000, "sellingGeneralAndAdministrativeExpenses": 802925532, "otherExpenses": -17816853, "operatingExpenses": 820742385, "costAndExpenses": 6673872835, "interestIncome": 9521467, "interestExpense": 259712039, "depreciationAndAmortization": 1021608701, "ebitda": 2516799940, "ebitdaratio": 0.3080891418, "operatingIncome": 1495191239, "operatingIncomeRatio": 0.1830309109, "totalOtherIncomeExpensesNet": -493653996, "incomeBeforeTax": 1001537242, "incomeBeforeTaxRatio": 0.1226012225, "incomeTaxExpense": 224721918, "netIncome": 762800000, "netIncomeRatio": 0.09337667, "eps": 3.02, "epsdiluted": 3.01, "weightedAverageShsOut": 257551129, "weightedAverageShsOutDil": 258149244, "link": "https://www.sec.gov/Archives/edgar/data/1318220/000155837024001109/0001558370-24-001109-index.htm", "finalLink": "https://www.sec.gov/Archives/edgar/data/1318220/000155837024001109/wcn-20231231x10k.htm", "calculatedOtherExpenses": 17816857, "calculatedOperatingExpenses": 820742389, "calculatedNetInterest": -250190572, "calculatedOtherIncome": -243463425, "calculatedIncomeNonControlling": 14015324, "calculatedEbitda": 2516799940}, {"date": "2022-12-31", "symbol": "WCN", "reportedCurrency": "USD", "cik": "0001318220", "fillingDate": "2023-02-16", "acceptedDate": "2023-02-16 06:05:49", "calendarYear": "2022", "period": "FY", "revenue": 7211859000, "costOfRevenue": 4336012000, "grossProfit": 2875847000, "grossProfitRatio": 0.398766393, "researchAndDevelopmentExpenses": 0, "generalAndAdministrativeExpenses": 688132000, "sellingAndMarketingExpenses": 8335000, "sellingGeneralAndAdministrativeExpenses": 696467000, "otherExpenses": 918960000, "operatingExpenses": 1615427000, "costAndExpenses": 5951439000, "interestIncome": 5950000, "interestExpense": 202331000, "depreciationAndAmortization": 946294000, "ebitda": 2188484000, "ebitdaratio": 0.3034562933, "operatingIncome": 1242190000, "operatingIncomeRatio": 0.1722426908, "totalOtherIncomeExpensesNet": -193227000, "incomeBeforeTax": 1048963000, "incomeBeforeTaxRatio": 0.1454497377, "incomeTaxExpense": 212962000, "netIncome": 835662000, "netIncomeRatio": 0.1158733137, "eps": 3.12, "epsdiluted": 3.11, "weightedAverageShsOut": 257383578, "weightedAverageShsOutDil": 258038800, "link": "https://www.sec.gov/Archives/edgar/data/1318220/000155837023001404/0001558370-23-001404-index.htm", "finalLink": "https://www.sec.gov/Archives/edgar/data/1318220/000155837023001404/wcn-20221231x10k.htm", "calculatedOtherExpenses": 937190000, "calculatedOperatingExpenses": 1633657000, "calculatedNetInterest": -196381000, "calculatedOtherIncome": 3154000, "calculatedIncomeNonControlling": 339000, "calculatedEbitda": 2188484000}, {"date": "2021-12-31", "symbol": "WCN", "reportedCurrency": "USD", "cik": "0001318220", "fillingDate": "2022-02-17", "acceptedDate": "2022-02-17 06:04:20", "calendarYear": "2021", "period": "FY", "revenue": 6151361000, "costOfRevenue": 3654074000, "grossProfit": 2497287000, "grossProfitRatio": 0.4059730847, "researchAndDevelopmentExpenses": 0, "generalAndAdministrativeExpenses": 605182000, "sellingAndMarketingExpenses": 7155000, "sellingGeneralAndAdministrativeExpenses": 612337000, "otherExpenses": 813009000, "operatingExpenses": 1425346000, "costAndExpenses": 5079420000, "interestIncome": 2916000, "interestExpense": 162796000, "depreciationAndAmortization": 854526000, "ebitda": 1894151000, "ebitdaratio": 0.3079238887, "operatingIncome": 1039625000, "operatingIncomeRatio": 0.169007314, "totalOtherIncomeExpensesNet": -268883000, "incomeBeforeTax": 770742000, "incomeBeforeTaxRatio": 0.1252961743, "incomeTaxExpense": 152253000, "netIncome": 618047000, "netIncomeRatio": 0.1004732124, "eps": 2.35, "epsdiluted": 2.34, "weightedAverageShsOut": 261166723, "weightedAverageShsOutDil": 261728470, "link": "https://www.sec.gov/Archives/edgar/data/1318220/000155837022001308/0001558370-22-001308-index.htm", "finalLink": "https://www.sec.gov/Archives/edgar/data/1318220/000155837022001308/wcn-20211231x10k.htm", "calculatedOtherExpenses": 845325000, "calculatedOperatingExpenses": 1457662000, "calculatedNetInterest": -159880000, "calculatedOtherIncome": -109003000, "calculatedIncomeNonControlling": 442000, "calculatedEbitda": 1894151000}, {"date": "2020-12-31", "symbol": "WCN", "reportedCurrency": "USD", "cik": "0001318220", "fillingDate": "2021-02-18", "acceptedDate": "2021-02-18 06:10:29", "calendarYear": "2020", "period": "FY", "revenue": 5445990000, "costOfRevenue": 3276808000, "grossProfit": 2169182000, "grossProfitRatio": 0.3983081129, "researchAndDevelopmentExpenses": 0, "generalAndAdministrativeExpenses": 532762000, "sellingAndMarketingExpenses": 4870000, "sellingGeneralAndAdministrativeExpenses": 537632000, "otherExpenses": 752404000, "operatingExpenses": 1290036000, "costAndExpenses": 4566844000, "interestIncome": 5253000, "interestExpense": 162375000, "depreciationAndAmortization": 752404000, "ebitda": 1635411000, "ebitdaratio": 0.3002963648, "operatingIncome": 883007000, "operatingIncomeRatio": 0.1621389316, "totalOtherIncomeExpensesNet": -629093000, "incomeBeforeTax": 253914000, "incomeBeforeTaxRatio": 0.0466240298, "incomeTaxExpense": 49922000, "netIncome": 204677000, "netIncomeRatio": 0.0375830657, "eps": 0.82, "epsdiluted": 0.82, "weightedAverageShsOut": 263189699, "weightedAverageShsOutDil": 263687539, "link": "https://www.sec.gov/Archives/edgar/data/1318220/000155837021001174/0001558370-21-001174-index.htm", "finalLink": "https://www.sec.gov/Archives/edgar/data/1318220/000155837021001174/wcn-20201231x10k.htm", "calculatedOtherExpenses": 748543000, "calculatedOperatingExpenses": 1286175000, "calculatedNetInterest": -157122000, "calculatedOtherIncome": -471971000, "calculatedIncomeNonControlling": -685000, "calculatedEbitda": 1635411000}, {"date": "2019-12-31", "symbol": "WCN", "reportedCurrency": "USD", "cik": "0001318220", "fillingDate": "2020-02-13", "acceptedDate": "2020-02-13 06:12:23", "calendarYear": "2019", "period": "FY", "revenue": 5388679000, "costOfRevenue": 3198757000, "grossProfit": 2189922000, "grossProfitRatio": 0.4063931067, "researchAndDevelopmentExpenses": 0, "generalAndAdministrativeExpenses": 540868000, "sellingAndMarketingExpenses": 5410000, "sellingGeneralAndAdministrativeExpenses": 546278000, "otherExpenses": 743918000, "operatingExpenses": 1290196000, "costAndExpenses": 4488953000, "interestIncome": 9777000, "interestExpense": 147368000, "depreciationAndAmortization": 821347000, "ebitda": 1659125000, "ebitdaratio": 0.3078908579, "operatingIncome": 837778000, "operatingIncomeRatio": 0.1554700141, "totalOtherIncomeExpensesNet": -131887000, "incomeBeforeTax": 705891000, "incomeBeforeTaxRatio": 0.1309951845, "incomeTaxExpense": 139210000, "netIncome": 566841000, "netIncomeRatio": 0.1051910867, "eps": 2.2, "epsdiluted": 2.19, "weightedAverageShsOut": 263792693, "weightedAverageShsOutDil": 264526561, "link": "https://www.sec.gov/Archives/edgar/data/1318220/000155837020000746/0001558370-20-000746-index.htm", "finalLink": "https://www.sec.gov/Archives/edgar/data/1318220/000155837020000746/wcn-20191231x10k563eb6.htm", "calculatedOtherExpenses": 805866000, "calculatedOperatingExpenses": 1352144000, "calculatedNetInterest": -137591000, "calculatedOtherIncome": 5704000, "calculatedIncomeNonControlling": -160000, "calculatedEbitda": 1659125000}, {"date": "2018-12-31", "symbol": "WCN", "reportedCurrency": "USD", "cik": "0001318220", "fillingDate": "2019-02-14", "acceptedDate": "2019-02-14 06:03:25", "calendarYear": "2018", "period": "FY", "revenue": 4922941000, "costOfRevenue": 2865704000, "grossProfit": 2057237000, "grossProfitRatio": 0.4178878032, "researchAndDevelopmentExpenses": 0, "generalAndAdministrativeExpenses": 524388000, "sellingAndMarketingExpenses": 0, "sellingGeneralAndAdministrativeExpenses": 524388000, "otherExpenses": 1263000, "operatingExpenses": 1204875000, "costAndExpenses": 4070579000, "interestIncome": 7170000, "interestExpense": 132104000, "depreciationAndAmortization": 680487000, "ebitda": 1541282000, "ebitdaratio": 0.3130815502, "operatingIncome": 832244000, "operatingIncomeRatio": 0.16905423, "totalOtherIncomeExpensesNet": -20288000, "incomeBeforeTax": 707140000, "incomeBeforeTaxRatio": 0.1436417784, "incomeTaxExpense": 159986000, "netIncome": 546871000, "netIncomeRatio": 0.1110862389, "eps": 2.07, "epsdiluted": 2.07, "weightedAverageShsOut": 263650155, "weightedAverageShsOutDil": 264395618, "link": "https://www.sec.gov/Archives/edgar/data/1318220/000114420419007493/0001144204-19-007493-index.htm", "finalLink": "https://www.sec.gov/Archives/edgar/data/1318220/000114420419007493/tv510568_10k.htm", "calculatedOtherExpenses": 700605000, "calculatedOperatingExpenses": 1224993000, "calculatedNetInterest": -124934000, "calculatedOtherIncome": -170000, "calculatedIncomeNonControlling": 283000, "calculatedEbitda": 1512731000}, {"date": "2017-12-31", "symbol": "WCN", "reportedCurrency": "USD", "cik": "0001318220", "fillingDate": "2018-02-15", "acceptedDate": "2018-02-15 06:09:20", "calendarYear": "2017", "period": "FY", "revenue": 4630488000, "costOfRevenue": 2704775000, "grossProfit": 1925713000, "grossProfitRatio": 0.4158769011, "researchAndDevelopmentExpenses": 0, "generalAndAdministrativeExpenses": 509638000, "sellingAndMarketingExpenses": 0, "sellingGeneralAndAdministrativeExpenses": 509638000, "otherExpenses": 3736000, "operatingExpenses": 1142122000, "costAndExpenses": 3846897000, "interestIncome": 5173000, "interestExpense": 125297000, "depreciationAndAmortization": 632484000, "ebitda": 1424984000, "ebitdaratio": 0.3077394866, "operatingIncome": 627098000, "operatingIncomeRatio": 0.1354280586, "totalOtherIncomeExpensesNet": -154957000, "incomeBeforeTax": 508510000, "incomeBeforeTaxRatio": 0.1098177989, "incomeTaxExpense": -68910000, "netIncome": 576817000, "netIncomeRatio": 0.1245693758, "eps": 2.19, "epsdiluted": 2.18, "weightedAverageShsOut": 263682608, "weightedAverageShsOutDil": 264302411, "link": "https://www.sec.gov/Archives/edgar/data/1318220/000114420418009150/0001144204-18-009150-index.htm", "finalLink": "https://www.sec.gov/Archives/edgar/data/1318220/000114420418009150/tv485067_10k.htm", "calculatedOtherExpenses": 788977000, "calculatedOperatingExpenses": 1298615000, "calculatedNetInterest": -120124000, "calculatedOtherIncome": 1536000, "calculatedIncomeNonControlling": 603000, "calculatedEbitda": 1259582000}, {"date": "2016-12-31", "symbol": "WCN", "reportedCurrency": "USD", "cik": "0001318220", "fillingDate": "2017-02-27", "acceptedDate": "2017-02-27 06:52:34", "calendarYear": "2016", "period": "FY", "revenue": 3375863000, "costOfRevenue": 1957712000, "grossProfit": 1418151000, "grossProfitRatio": 0.4200854715, "researchAndDevelopmentExpenses": 0, "generalAndAdministrativeExpenses": 474263000, "sellingAndMarketingExpenses": 0, "sellingGeneralAndAdministrativeExpenses": 474263000, "otherExpenses": 655000, "operatingExpenses": 938175000, "costAndExpenses": 2895887000, "interestIncome": 0, "interestExpense": 92709000, "depreciationAndAmortization": 463912000, "ebitda": 944543000, "ebitdaratio": 0.2797930485, "operatingIncome": 452298000, "operatingIncomeRatio": 0.133979963, "totalOtherIncomeExpensesNet": -25902000, "incomeBeforeTax": 361365000, "incomeBeforeTaxRatio": 0.1070437396, "incomeTaxExpense": 114044000, "netIncome": 246540000, "netIncomeRatio": 0.0730302148, "eps": 1.07, "epsdiluted": 1.07, "weightedAverageShsOut": 230325012, "weightedAverageShsOutDil": 231081496, "link": "https://www.sec.gov/Archives/edgar/data/1318220/000114420417011069/0001144204-17-011069-index.htm", "finalLink": "https://www.sec.gov/Archives/edgar/data/1318220/000114420417011069/v457710_10k.htm", "calculatedOtherExpenses": 491590000, "calculatedOperatingExpenses": 965853000, "calculatedNetInterest": -92709000, "calculatedOtherIncome": 1776000, "calculatedIncomeNonControlling": 781000, "calculatedEbitda": 916210000}, {"date": "2015-12-31", "symbol": "WCN", "reportedCurrency": "USD", "cik": "0001318220", "fillingDate": "2015-12-31", "acceptedDate": "2015-12-30 19:00:00", "calendarYear": "2015", "period": "FY", "revenue": 2117287000, "costOfRevenue": 1177409000, "grossProfit": 939878000, "grossProfitRatio": 0.4439067543, "researchAndDevelopmentExpenses": 0, "generalAndAdministrativeExpenses": 0, "sellingAndMarketingExpenses": 0, "sellingGeneralAndAdministrativeExpenses": 237484000, "otherExpenses": -518000, "operatingExpenses": 506918000, "costAndExpenses": 1684327000, "interestIncome": 0, "interestExpense": 64236000, "depreciationAndAmortization": 269434000, "ebitda": 701876000, "ebitdaratio": 0.3314978083, "operatingIncome": -61532000, "operatingIncomeRatio": -0.0290617191, "totalOtherIncomeExpensesNet": -495010000, "incomeBeforeTax": -126286000, "incomeBeforeTaxRatio": -0.0596451969, "incomeTaxExpense": -31592000, "netIncome": -95764000, "netIncomeRatio": -0.0452295792, "eps": -0.52, "epsdiluted": -0.52, "weightedAverageShsOut": 184161538, "weightedAverageShsOutDil": 185237896, "link": "", "finalLink": "", "calculatedOtherExpenses": 763926000, "calculatedOperatingExpenses": 1001410000, "calculatedNetInterest": -64236000, "calculatedOtherIncome": -518000, "calculatedIncomeNonControlling": 1070000, "calculatedEbitda": 207902000}, {"date": "2014-12-31", "symbol": "WCN", "reportedCurrency": "USD", "cik": "0001318220", "fillingDate": "2014-12-31", "acceptedDate": "2014-12-30 19:00:00", "calendarYear": "2014", "period": "FY", "revenue": 2079166000, "costOfRevenue": 1138388000, "grossProfit": 940778000, "grossProfitRatio": 0.4524785419, "researchAndDevelopmentExpenses": 0, "generalAndAdministrativeExpenses": 0, "sellingAndMarketingExpenses": 0, "sellingGeneralAndAdministrativeExpenses": 229474000, "otherExpenses": 1067000, "operatingExpenses": 487418000, "costAndExpenses": 1625806000, "interestIncome": 0, "interestExpense": 64674000, "depreciationAndAmortization": 257944000, "ebitda": 712371000, "ebitdaratio": 0.3426234365, "operatingIncome": 449269000, "operatingIncomeRatio": 0.2160813518, "totalOtherIncomeExpensesNet": -3024000, "incomeBeforeTax": 385662000, "incomeBeforeTaxRatio": 0.185488797, "incomeTaxExpense": 152335000, "netIncome": 232525000, "netIncomeRatio": 0.1118357072, "eps": 1.25, "epsdiluted": 1.24, "weightedAverageShsOut": 186323019, "weightedAverageShsOutDil": 187181131, "link": "", "finalLink": "", "calculatedOtherExpenses": 262035000, "calculatedOperatingExpenses": 491509000, "calculatedNetInterest": -64674000, "calculatedOtherIncome": 1067000, "calculatedIncomeNonControlling": 802000, "calculatedEbitda": 707213000}, {"date": "2013-12-31", "symbol": "WCN", "reportedCurrency": "USD", "cik": "0001318220", "fillingDate": "2013-12-31", "acceptedDate": "2013-12-30 19:00:00", "calendarYear": "2013", "period": "FY", "revenue": 1928795000, "costOfRevenue": 1064819000, "grossProfit": 863976000, "grossProfitRatio": 0.4479356282, "researchAndDevelopmentExpenses": 0, "generalAndAdministrativeExpenses": 0, "sellingAndMarketingExpenses": 0, "sellingGeneralAndAdministrativeExpenses": 212637000, "otherExpenses": -220000, "operatingExpenses": 466403000, "costAndExpenses": 1531222000, "interestIncome": 0, "interestExpense": 73579000, "depreciationAndAmortization": 243864000, "ebitda": 641217000, "ebitdaratio": 0.33244435, "operatingIncome": 394720000, "operatingIncomeRatio": 0.2046459059, "totalOtherIncomeExpensesNet": -3073000, "incomeBeforeTax": 320921000, "incomeBeforeTaxRatio": 0.1663841932, "incomeTaxExpense": 124916000, "netIncome": 195655000, "netIncomeRatio": 0.1014389813, "eps": 1.05, "epsdiluted": 1.05, "weightedAverageShsOut": 185396310, "weightedAverageShsOutDil": 186247578, "link": "", "finalLink": "", "calculatedOtherExpenses": 256619000, "calculatedOperatingExpenses": 469256000, "calculatedNetInterest": -73579000, "calculatedOtherIncome": -220000, "calculatedIncomeNonControlling": 350000, "calculatedEbitda": 638584000}, {"date": "2012-12-31", "symbol": "WCN", "reportedCurrency": "USD", "cik": "0001318220", "fillingDate": "2012-12-31", "acceptedDate": "2012-12-30 19:00:00", "calendarYear": "2012", "period": "FY", "revenue": 1661618000, "costOfRevenue": 956357000, "grossProfit": 705261000, "grossProfitRatio": 0.4244423207, "researchAndDevelopmentExpenses": 0, "generalAndAdministrativeExpenses": 0, "sellingAndMarketingExpenses": 0, "sellingGeneralAndAdministrativeExpenses": 197454000, "otherExpenses": 1220000, "operatingExpenses": 391038000, "costAndExpenses": 1347395000, "interestIncome": 773000, "interestExpense": 53037000, "depreciationAndAmortization": 193584000, "ebitda": 509800000, "ebitdaratio": 0.306809387, "operatingIncome": 316147000, "operatingIncomeRatio": 0.1902645494, "totalOtherIncomeExpensesNet": 3144000, "incomeBeforeTax": 265103000, "incomeBeforeTaxRatio": 0.159545094, "incomeTaxExpense": 105443000, "netIncome": 159093000, "netIncomeRatio": 0.0957458333, "eps": 0.87, "epsdiluted": 0.87, "weightedAverageShsOut": 181758571, "weightedAverageShsOutDil": 182736523, "link": "", "finalLink": "", "calculatedOtherExpenses": 191660000, "calculatedOperatingExpenses": 389114000, "calculatedNetInterest": -52264000, "calculatedOtherIncome": 1220000, "calculatedIncomeNonControlling": 567000, "calculatedEbitda": 509731000}, {"date": "2011-12-31", "symbol": "WCN", "reportedCurrency": "USD", "cik": "0001318220", "fillingDate": "2011-12-31", "acceptedDate": "2011-12-30 19:00:00", "calendarYear": "2011", "period": "FY", "revenue": 1505366000, "costOfRevenue": 857580000, "grossProfit": 647786000, "grossProfitRatio": 0.4303179426, "researchAndDevelopmentExpenses": 0, "generalAndAdministrativeExpenses": 0, "sellingAndMarketingExpenses": 0, "sellingGeneralAndAdministrativeExpenses": 161967000, "otherExpenses": 329067000, "operatingExpenses": 329067000, "costAndExpenses": 1186647000, "interestIncome": 530000, "interestExpense": 44520000, "depreciationAndAmortization": 167100000, "ebitda": 486349000, "ebitdaratio": 0.3230769129, "operatingIncome": 318719000, "operatingIncomeRatio": 0.2117219334, "totalOtherIncomeExpensesNet": -1600000, "incomeBeforeTax": 273129000, "incomeBeforeTaxRatio": 0.1814369396, "incomeTaxExpense": 106958000, "netIncome": 165239000, "netIncomeRatio": 0.1097666614, "eps": 0.98, "epsdiluted": 0.97, "weightedAverageShsOut": 169080666, "weightedAverageShsOutDil": 170375229, "link": "", "finalLink": "", "calculatedOtherExpenses": 167100000, "calculatedOperatingExpenses": 329067000, "calculatedNetInterest": -43990000, "calculatedOtherIncome": -1600000, "calculatedIncomeNonControlling": 932000, "calculatedEbitda": 485819000}, {"date": "2010-12-31", "symbol": "WCN", "reportedCurrency": "USD", "cik": "0001318220", "fillingDate": "2010-12-31", "acceptedDate": "2010-12-30 19:00:00", "calendarYear": "2010", "period": "FY", "revenue": 1319757000, "costOfRevenue": 749487000, "grossProfit": 570270000, "grossProfitRatio": 0.4321022734, "researchAndDevelopmentExpenses": 0, "generalAndAdministrativeExpenses": 0, "sellingAndMarketingExpenses": 0, "sellingGeneralAndAdministrativeExpenses": 149860000, "otherExpenses": 297887000, "operatingExpenses": 297887000, "costAndExpenses": 1047374000, "interestIncome": 590000, "interestExpense": 40134000, "depreciationAndAmortization": 147456000, "ebitda": 420429000, "ebitdaratio": 0.3185654632, "operatingIncome": 272383000, "operatingIncomeRatio": 0.2063887519, "totalOtherIncomeExpensesNet": -7363000, "incomeBeforeTax": 225476000, "incomeBeforeTaxRatio": 0.1708466028, "incomeTaxExpense": 89334000, "netIncome": 135104000, "netIncomeRatio": 0.1023703606, "eps": 0.78, "epsdiluted": 0.77, "weightedAverageShsOut": 173469259, "weightedAverageShsOutDil": 175341306, "link": "", "finalLink": "", "calculatedOtherExpenses": 148027000, "calculatedOperatingExpenses": 297887000, "calculatedNetInterest": -39544000, "calculatedOtherIncome": -7363000, "calculatedIncomeNonControlling": 1038000, "calculatedEbitda": 419839000}, {"date": "2009-12-31", "symbol": "WCN", "reportedCurrency": "USD", "cik": "0001318220", "fillingDate": "2009-12-31", "acceptedDate": "2009-12-30 19:00:00", "calendarYear": "2009", "period": "FY", "revenue": 1191393000, "costOfRevenue": 692415000, "grossProfit": 498978000, "grossProfitRatio": 0.4188189791, "researchAndDevelopmentExpenses": 0, "generalAndAdministrativeExpenses": 0, "sellingAndMarketingExpenses": 0, "sellingGeneralAndAdministrativeExpenses": 138026000, "otherExpenses": 268303000, "operatingExpenses": 268303000, "costAndExpenses": 960718000, "interestIncome": 1413000, "interestExpense": 49161000, "depreciationAndAmortization": 130758000, "ebitda": 355295000, "ebitdaratio": 0.2982181362, "operatingIncome": 230675000, "operatingIncomeRatio": 0.193617891, "totalOtherIncomeExpensesNet": -7551000, "incomeBeforeTax": 175376000, "incomeBeforeTaxRatio": 0.1472024764, "incomeTaxExpense": 64565000, "netIncome": 109825000, "netIncomeRatio": 0.0921820088, "eps": 0.61, "epsdiluted": 0.61, "weightedAverageShsOut": 178679400, "weightedAverageShsOutDil": 180759242, "link": "", "finalLink": "", "calculatedOtherExpenses": 130277000, "calculatedOperatingExpenses": 268303000, "calculatedNetInterest": -47748000, "calculatedOtherIncome": -7551000, "calculatedIncomeNonControlling": 986000, "calculatedEbitda": 361433000}, {"date": "2008-12-31", "symbol": "WCN", "reportedCurrency": "USD", "cik": "0001318220", "fillingDate": "2008-12-31", "acceptedDate": "2008-12-30 19:00:00", "calendarYear": "2008", "period": "FY", "revenue": 1049603000, "costOfRevenue": 628075000, "grossProfit": 421528000, "grossProfitRatio": 0.4016070838, "researchAndDevelopmentExpenses": 0, "generalAndAdministrativeExpenses": 0, "sellingAndMarketingExpenses": 0, "sellingGeneralAndAdministrativeExpenses": 111114000, "otherExpenses": 209172000, "operatingExpenses": 209172000, "costAndExpenses": 837247000, "interestIncome": 0, "interestExpense": 0, "depreciationAndAmortization": 97429000, "ebitda": 311047000, "ebitdaratio": 0.2963472856, "operatingIncome": 212356000, "operatingIncomeRatio": 0.2023203059, "totalOtherIncomeExpensesNet": -1262000, "incomeBeforeTax": 163956000, "incomeBeforeTaxRatio": 0.1562076328, "incomeTaxExpense": 58400000, "netIncome": 105556000, "netIncomeRatio": 0.1005675479, "eps": 0.65, "epsdiluted": 0.64, "weightedAverageShsOut": 157555966, "weightedAverageShsOutDil": 160694352, "link": "", "finalLink": "", "calculatedOtherExpenses": 98058000, "calculatedOperatingExpenses": 209172000, "calculatedNetInterest": 0, "calculatedOtherIncome": -48400000, "calculatedIncomeNonControlling": 0, "calculatedEbitda": 309785000}, {"date": "2007-12-31", "symbol": "WCN", "reportedCurrency": "USD", "cik": "0001318220", "fillingDate": "2007-12-31", "acceptedDate": "2007-12-30 19:00:00", "calendarYear": "2007", "period": "FY", "revenue": 958541000, "costOfRevenue": 566089000, "grossProfit": 392452000, "grossProfitRatio": 0.4094264095, "researchAndDevelopmentExpenses": 0, "generalAndAdministrativeExpenses": 0, "sellingAndMarketingExpenses": 0, "sellingGeneralAndAdministrativeExpenses": 99565000, "otherExpenses": 185443000, "operatingExpenses": 185443000, "costAndExpenses": 751532000, "interestIncome": 0, "interestExpense": 0, "depreciationAndAmortization": 87810000, "ebitda": 294780000, "ebitdaratio": 0.3075298814, "operatingIncome": 207009000, "operatingIncomeRatio": 0.2159625931, "totalOtherIncomeExpensesNet": 39000, "incomeBeforeTax": 158998000, "incomeBeforeTaxRatio": 0.1658750121, "incomeTaxExpense": 59917000, "netIncome": 99081000, "netIncomeRatio": 0.1033664705, "eps": 0.64, "epsdiluted": 0.63, "weightedAverageShsOut": 153536676, "weightedAverageShsOutDil": 157488104, "link": "", "finalLink": "", "calculatedOtherExpenses": 85878000, "calculatedOperatingExpenses": 185443000, "calculatedNetInterest": 0, "calculatedOtherIncome": -48011000, "calculatedIncomeNonControlling": 0, "calculatedEbitda": 294819000}, {"date": "2006-12-31", "symbol": "WCN", "reportedCurrency": "USD", "cik": "0001318220", "fillingDate": "2006-12-31", "acceptedDate": "2006-12-30 19:00:00", "calendarYear": "2006", "period": "FY", "revenue": 824354000, "costOfRevenue": 492766000, "grossProfit": 331588000, "grossProfitRatio": 0.4022398144, "researchAndDevelopmentExpenses": 0, "generalAndAdministrativeExpenses": 0, "sellingAndMarketingExpenses": 0, "sellingGeneralAndAdministrativeExpenses": 84541000, "otherExpenses": 160202000, "operatingExpenses": 160202000, "costAndExpenses": 652968000, "interestIncome": 0, "interestExpense": 0, "depreciationAndAmortization": 81103000, "ebitda": 257044000, "ebitdaratio": 0.3118126436, "operatingIncome": 171386000, "operatingIncomeRatio": 0.2079034007, "totalOtherIncomeExpensesNet": -4555000, "incomeBeforeTax": 125752000, "incomeBeforeTaxRatio": 0.1525461149, "incomeTaxExpense": 48329000, "netIncome": 77423000, "netIncomeRatio": 0.0939196025, "eps": 0.51, "epsdiluted": 0.49, "weightedAverageShsOut": 153306283, "weightedAverageShsOutDil": 158419514, "link": "", "finalLink": "", "calculatedOtherExpenses": 75661000, "calculatedOperatingExpenses": 160202000, "calculatedNetInterest": 0, "calculatedOtherIncome": -45634000, "calculatedIncomeNonControlling": 0, "calculatedEbitda": 252489000}, {"date": "2005-12-31", "symbol": "WCN", "reportedCurrency": "USD", "cik": "0001318220", "fillingDate": "2005-12-31", "acceptedDate": "2005-12-30 19:00:00", "calendarYear": "2005", "period": "FY", "revenue": 721899000, "costOfRevenue": 416883000, "grossProfit": 305016000, "grossProfitRatio": 0.4225189396, "researchAndDevelopmentExpenses": 0, "generalAndAdministrativeExpenses": 0, "sellingAndMarketingExpenses": 0, "sellingGeneralAndAdministrativeExpenses": 72395000, "otherExpenses": 136967000, "operatingExpenses": 136967000, "costAndExpenses": 553850000, "interestIncome": 0, "interestExpense": 0, "depreciationAndAmortization": 67039000, "ebitda": 234422000, "ebitdaratio": 0.3247296367, "operatingIncome": 168049000, "operatingIncomeRatio": 0.2327874121, "totalOtherIncomeExpensesNet": 666000, "incomeBeforeTax": 132588000, "incomeBeforeTaxRatio": 0.183665582, "incomeTaxExpense": 48066000, "netIncome": 83943000, "netIncomeRatio": 0.1162808094, "eps": 0.53, "epsdiluted": 0.52, "weightedAverageShsOut": 157614690, "weightedAverageShsOutDil": 162713140, "link": "", "finalLink": "", "calculatedOtherExpenses": 64572000, "calculatedOperatingExpenses": 136967000, "calculatedNetInterest": 0, "calculatedOtherIncome": -35461000, "calculatedIncomeNonControlling": 579000, "calculatedEbitda": 235088000}, {"date": "2004-12-31", "symbol": "WCN", "reportedCurrency": "USD", "cik": "0001318220", "fillingDate": "2004-12-31", "acceptedDate": "2004-12-30 19:00:00", "calendarYear": "2004", "period": "FY", "revenue": 629363000, "costOfRevenue": 359542000, "grossProfit": 269821000, "grossProfitRatio": 0.4287207859, "researchAndDevelopmentExpenses": 0, "generalAndAdministrativeExpenses": 0, "sellingAndMarketingExpenses": 0, "sellingGeneralAndAdministrativeExpenses": 61761000, "otherExpenses": 119502000, "operatingExpenses": 119502000, "costAndExpenses": 479044000, "interestIncome": 0, "interestExpense": 0, "depreciationAndAmortization": 60632000, "ebitda": 216085000, "ebitdaratio": 0.3433392176, "operatingIncome": 150319000, "operatingIncomeRatio": 0.2388430842, "totalOtherIncomeExpensesNet": -5134000, "incomeBeforeTax": 114258000, "incomeBeforeTaxRatio": 0.1815454674, "incomeTaxExpense": 41748000, "netIncome": 72271000, "netIncomeRatio": 0.1148319809, "eps": 0.46, "epsdiluted": 0.44, "weightedAverageShsOut": 157212363, "weightedAverageShsOutDil": 166961982, "link": "", "finalLink": "", "calculatedOtherExpenses": 57741000, "calculatedOperatingExpenses": 119502000, "calculatedNetInterest": 0, "calculatedOtherIncome": -36061000, "calculatedIncomeNonControlling": 239000, "calculatedEbitda": 210951000}, {"date": "2003-12-31", "symbol": "WCN", "reportedCurrency": "USD", "cik": "0001318220", "fillingDate": "2003-12-31", "acceptedDate": "2003-12-30 19:00:00", "calendarYear": "2003", "period": "FY", "revenue": 563509000, "costOfRevenue": 316841000, "grossProfit": 246668000, "grossProfitRatio": 0.4377356883, "researchAndDevelopmentExpenses": 0, "generalAndAdministrativeExpenses": 0, "sellingAndMarketingExpenses": 0, "sellingGeneralAndAdministrativeExpenses": 54367000, "otherExpenses": 101714000, "operatingExpenses": 101714000, "costAndExpenses": 418555000, "interestIncome": 0, "interestExpense": 0, "depreciationAndAmortization": 49750000, "ebitda": 194896000, "ebitdaratio": 0.3458613793, "operatingIncome": 144954000, "operatingIncomeRatio": 0.2572345783, "totalOtherIncomeExpensesNet": -192000, "incomeBeforeTax": 102547000, "incomeBeforeTaxRatio": 0.1819793473, "incomeTaxExpense": 37233000, "netIncome": 65596000, "netIncomeRatio": 0.1164063041, "eps": 0.45, "epsdiluted": 0.43, "weightedAverageShsOut": 143406936, "weightedAverageShsOutDil": 166412738, "link": "", "finalLink": "", "calculatedOtherExpenses": 47347000, "calculatedOperatingExpenses": 101714000, "calculatedNetInterest": 0, "calculatedOtherIncome": -42407000, "calculatedIncomeNonControlling": -282000, "calculatedEbitda": 194704000}, {"date": "2002-12-31", "symbol": "WCN", "reportedCurrency": "USD", "cik": "0001318220", "fillingDate": "2002-12-31", "acceptedDate": "2002-12-30 19:00:00", "calendarYear": "2002", "period": "FY", "revenue": 498661000, "costOfRevenue": 281331000, "grossProfit": 217330000, "grossProfitRatio": 0.4358271451, "researchAndDevelopmentExpenses": 0, "generalAndAdministrativeExpenses": 0, "sellingAndMarketingExpenses": 0, "sellingGeneralAndAdministrativeExpenses": 47366000, "otherExpenses": 86343000, "operatingExpenses": 86343000, "costAndExpenses": 367674000, "interestIncome": 0, "interestExpense": 0, "depreciationAndAmortization": 41172000, "ebitda": 172972000, "ebitdaratio": 0.3468729257, "operatingIncome": 130987000, "operatingIncomeRatio": 0.2626774502, "totalOtherIncomeExpensesNet": -813000, "incomeBeforeTax": 88579000, "incomeBeforeTaxRatio": 0.1776337031, "incomeTaxExpense": 33113000, "netIncome": 55466000, "netIncomeRatio": 0.1112298736, "eps": 0.39, "epsdiluted": 0.37, "weightedAverageShsOut": 140487625, "weightedAverageShsOutDil": 163648471, "link": "", "finalLink": "", "calculatedOtherExpenses": 38977000, "calculatedOperatingExpenses": 86343000, "calculatedNetInterest": 0, "calculatedOtherIncome": -42408000, "calculatedIncomeNonControlling": 0, "calculatedEbitda": 172159000}, {"date": "2001-12-31", "symbol": "WCN", "reportedCurrency": "USD", "cik": "0001318220", "fillingDate": "2001-12-31", "acceptedDate": "2001-12-30 19:00:00", "calendarYear": "2001", "period": "FY", "revenue": 377533000, "costOfRevenue": 210590000, "grossProfit": 166943000, "grossProfitRatio": 0.4421944572, "researchAndDevelopmentExpenses": 0, "generalAndAdministrativeExpenses": 0, "sellingAndMarketingExpenses": 0, "sellingGeneralAndAdministrativeExpenses": 32007000, "otherExpenses": 73024000, "operatingExpenses": 73024000, "costAndExpenses": 283614000, "interestIncome": 0, "interestExpense": 0, "depreciationAndAmortization": 37730000, "ebitda": 142419000, "ebitdaratio": 0.3772358973, "operatingIncome": 93919000, "operatingIncomeRatio": 0.2487703062, "totalOtherIncomeExpensesNet": -10770000, "incomeBeforeTax": 50645000, "incomeBeforeTaxRatio": 0.1341472136, "incomeTaxExpense": 19932000, "netIncome": 30528000, "netIncomeRatio": 0.0808618055, "eps": 0.22, "epsdiluted": 0.22, "weightedAverageShsOut": 137040280, "weightedAverageShsOutDil": 140107922, "link": "", "finalLink": "", "calculatedOtherExpenses": 41017000, "calculatedOperatingExpenses": 73024000, "calculatedNetInterest": 0, "calculatedOtherIncome": -43274000, "calculatedIncomeNonControlling": 185000, "calculatedEbitda": 131649000}, {"date": "2000-12-31", "symbol": "WCN", "reportedCurrency": "USD", "cik": "0001318220", "fillingDate": "2000-12-31", "acceptedDate": "2000-12-30 19:00:00", "calendarYear": "2000", "period": "FY", "revenue": 304355000, "costOfRevenue": 174510000, "grossProfit": 129845000, "grossProfitRatio": 0.4266235153, "researchAndDevelopmentExpenses": 0, "generalAndAdministrativeExpenses": 0, "sellingAndMarketingExpenses": 0, "sellingGeneralAndAdministrativeExpenses": 25416000, "otherExpenses": 52611000, "operatingExpenses": 52611000, "costAndExpenses": 227121000, "interestIncome": 0, "interestExpense": 0, "depreciationAndAmortization": 27195000, "ebitda": 105459000, "ebitdaratio": 0.3464999754, "operatingIncome": 77234000, "operatingIncomeRatio": 0.2537628756, "totalOtherIncomeExpensesNet": -1030000, "incomeBeforeTax": 47499000, "incomeBeforeTaxRatio": 0.1560644642, "incomeTaxExpense": 19310000, "netIncome": 28189000, "netIncomeRatio": 0.0926188168, "eps": 0.24, "epsdiluted": 0.23, "weightedAverageShsOut": 117963124, "weightedAverageShsOutDil": 121474657, "link": "", "finalLink": "", "calculatedOtherExpenses": 27195000, "calculatedOperatingExpenses": 52611000, "calculatedNetInterest": 0, "calculatedOtherIncome": -29735000, "calculatedIncomeNonControlling": 0, "calculatedEbitda": 104429000}, {"date": "1999-12-31", "symbol": "WCN", "reportedCurrency": "USD", "cik": "0001318220", "fillingDate": "1999-12-31", "acceptedDate": "1999-12-30 19:00:00", "calendarYear": "1999", "period": "FY", "revenue": 182600000, "costOfRevenue": 111300000, "grossProfit": 71300000, "grossProfitRatio": 0.3904709748, "researchAndDevelopmentExpenses": 0, "generalAndAdministrativeExpenses": 0, "sellingAndMarketingExpenses": 0, "sellingGeneralAndAdministrativeExpenses": 15700000, "otherExpenses": 30700000, "operatingExpenses": 30700000, "costAndExpenses": 142000000, "interestIncome": 0, "interestExpense": 0, "depreciationAndAmortization": 15000000, "ebitda": 64700000, "ebitdaratio": 0.3543263965, "operatingIncome": 40600000, "operatingIncomeRatio": 0.2223439211, "totalOtherIncomeExpensesNet": -9100000, "incomeBeforeTax": 20100000, "incomeBeforeTaxRatio": 0.1100766703, "incomeTaxExpense": 10900000, "netIncome": 9200000, "netIncomeRatio": 0.0503833516, "eps": 0.0968, "epsdiluted": 0.0909, "weightedAverageShsOut": 94444992, "weightedAverageShsOutDil": 100893291, "link": "", "finalLink": "", "calculatedOtherExpenses": 15000000, "calculatedOperatingExpenses": 30700000, "calculatedNetInterest": 0, "calculatedOtherIncome": -20500000, "calculatedIncomeNonControlling": 0, "calculatedEbitda": 55600000}, {"date": "1998-12-31", "symbol": "WCN", "reportedCurrency": "USD", "cik": "0001318220", "fillingDate": "1998-12-31", "acceptedDate": "1998-12-30 19:00:00", "calendarYear": "1998", "period": "FY", "revenue": 54000000, "costOfRevenue": 36400000, "grossProfit": 17600000, "grossProfitRatio": 0.3259259259, "researchAndDevelopmentExpenses": 0, "generalAndAdministrativeExpenses": 0, "sellingAndMarketingExpenses": 0, "sellingGeneralAndAdministrativeExpenses": 5300000, "otherExpenses": 9600000, "operatingExpenses": 9600000, "costAndExpenses": 46000000, "interestIncome": 0, "interestExpense": 0, "depreciationAndAmortization": 4300000, "ebitda": 12900000, "ebitdaratio": 0.2388888889, "operatingIncome": 8000000, "operatingIncomeRatio": 0.1481481481, "totalOtherIncomeExpensesNet": -600000, "incomeBeforeTax": 5200000, "incomeBeforeTaxRatio": 0.0962962963, "incomeTaxExpense": 2400000, "netIncome": 1800000, "netIncomeRatio": 0.0333333333, "eps": 0.0257, "epsdiluted": 0.0217, "weightedAverageShsOut": 52715144, "weightedAverageShsOutDil": 62390199, "link": "", "finalLink": "", "calculatedOtherExpenses": 4300000, "calculatedOperatingExpenses": 9600000, "calculatedNetInterest": 0, "calculatedOtherIncome": -2800000, "calculatedIncomeNonControlling": 1000000, "calculatedEbitda": 12300000}, {"date": "1997-12-31", "symbol": "WCN", "reportedCurrency": "USD", "cik": "0001318220", "fillingDate": "1997-12-31", "acceptedDate": "1997-12-30 19:00:00", "calendarYear": "1997", "period": "FY", "revenue": 6200000, "costOfRevenue": 3800000, "grossProfit": 2400000, "grossProfitRatio": 0.3870967742, "researchAndDevelopmentExpenses": 0, "generalAndAdministrativeExpenses": 0, "sellingAndMarketingExpenses": 0, "sellingGeneralAndAdministrativeExpenses": 600000, "otherExpenses": 1800000, "operatingExpenses": 1800000, "costAndExpenses": 5600000, "interestIncome": 0, "interestExpense": 0, "depreciationAndAmortization": 1200000, "ebitda": 6700000, "ebitdaratio": 1.0806451613, "operatingIncome": 600000, "operatingIncomeRatio": 0.0967741935, "totalOtherIncomeExpensesNet": -4900000, "incomeBeforeTax": -5400000, "incomeBeforeTaxRatio": -0.8709677419, "incomeTaxExpense": -300000, "netIncome": -5100000, "netIncomeRatio": -0.8225806452, "eps": -0.18, "epsdiluted": -0.18, "weightedAverageShsOut": 29097605, "weightedAverageShsOutDil": 29097605, "link": "", "finalLink": "", "calculatedOtherExpenses": 1200000, "calculatedOperatingExpenses": 1800000, "calculatedNetInterest": 0, "calculatedOtherIncome": -6000000, "calculatedIncomeNonControlling": 0, "calculatedEbitda": 1800000}]}