{"originalCurrency": "USD", "convertedCurrency": "USD", "report": [{"date": "2023-12-31", "symbol": "WD", "reportedCurrency": "USD", "cik": "0001497770", "fillingDate": "2024-02-22", "acceptedDate": "2024-02-22 16:51:38", "calendarYear": "2023", "period": "FY", "revenue": 1054440000, "costOfRevenue": 226752000, "grossProfit": 827688000, "grossProfitRatio": 0.7849550472, "researchAndDevelopmentExpenses": 0, "generalAndAdministrativeExpenses": 83955000, "sellingAndMarketingExpenses": 12142000, "sellingGeneralAndAdministrativeExpenses": 96097000, "otherExpenses": -621515000, "operatingExpenses": 621515000, "costAndExpenses": 848267000, "interestIncome": 0, "interestExpense": 68476000, "depreciationAndAmortization": 226752000, "ebitda": 432925000, "ebitdaratio": 0.4105733849, "operatingIncome": 206173000, "operatingIncomeRatio": 0.1955284322, "totalOtherIncomeExpensesNet": -67976000, "incomeBeforeTax": 138197000, "incomeBeforeTaxRatio": 0.1310619855, "incomeTaxExpense": 35026000, "netIncome": 107357000, "netIncomeRatio": 0.1018142331, "eps": 3.2, "epsdiluted": 3.18, "weightedAverageShsOut": 32697000, "weightedAverageShsOutDil": 32875000, "link": "https://www.sec.gov/Archives/edgar/data/1497770/000155837024001538/0001558370-24-001538-index.htm", "finalLink": "https://www.sec.gov/Archives/edgar/data/1497770/000155837024001538/wd-20231231x10k.htm", "calculatedOtherExpenses": 525418000, "calculatedOperatingExpenses": 621515000, "calculatedNetInterest": -68476000, "calculatedOtherIncome": 500000, "calculatedIncomeNonControlling": -4186000, "calculatedEbitda": 432925000}, {"date": "2022-12-31", "symbol": "WD", "reportedCurrency": "USD", "cik": "0001497770", "fillingDate": "2023-02-23", "acceptedDate": "2023-02-23 15:01:07", "calendarYear": "2022", "period": "FY", "revenue": 1258753000, "costOfRevenue": 641599000, "grossProfit": 617154000, "grossProfitRatio": 0.4902899934, "researchAndDevelopmentExpenses": 0, "generalAndAdministrativeExpenses": 94147000, "sellingAndMarketingExpenses": 14840000, "sellingGeneralAndAdministrativeExpenses": 108987000, "otherExpenses": 243202000, "operatingExpenses": 352189000, "costAndExpenses": 993788000, "interestIncome": 0, "interestExpense": 34233000, "depreciationAndAmortization": 235031000, "ebitda": 499996000, "ebitdaratio": 0.3972153393, "operatingIncome": 264965000, "operatingIncomeRatio": 0.2104980087, "totalOtherIncomeExpensesNet": 4889000, "incomeBeforeTax": 264965000, "incomeBeforeTaxRatio": 0.2104980087, "incomeTaxExpense": 56034000, "netIncome": 213820000, "netIncomeRatio": 0.1698665266, "eps": 6.43, "epsdiluted": 6.36, "weightedAverageShsOut": 32326000, "weightedAverageShsOutDil": 32686999, "link": "https://www.sec.gov/Archives/edgar/data/1497770/000155837023001872/0001558370-23-001872-index.htm", "finalLink": "https://www.sec.gov/Archives/edgar/data/1497770/000155837023001872/wd-20221231x10k.htm", "calculatedOtherExpenses": 243202000, "calculatedOperatingExpenses": 352189000, "calculatedNetInterest": -34233000, "calculatedOtherIncome": 34233000, "calculatedIncomeNonControlling": -4889000, "calculatedEbitda": 499996000}, {"date": "2021-12-31", "symbol": "WD", "reportedCurrency": "USD", "cik": "0001497770", "fillingDate": "2022-02-24", "acceptedDate": "2022-02-24 16:50:57", "calendarYear": "2021", "period": "FY", "revenue": 1259178000, "costOfRevenue": 611468000, "grossProfit": 647710000, "grossProfitRatio": 0.5143911345, "researchAndDevelopmentExpenses": 0, "generalAndAdministrativeExpenses": 60441000, "sellingAndMarketingExpenses": 12526000, "sellingGeneralAndAdministrativeExpenses": 72967000, "otherExpenses": 222685000, "operatingExpenses": 295652000, "costAndExpenses": 907120000, "interestIncome": 0, "interestExpense": 7981000, "depreciationAndAmortization": 210284000, "ebitda": 562342000, "ebitdaratio": 0.4465945244, "operatingIncome": 352058000, "operatingIncomeRatio": 0.2795935126, "totalOtherIncomeExpensesNet": 21515000, "incomeBeforeTax": 352058000, "incomeBeforeTaxRatio": 0.2795935126, "incomeTaxExpense": 86428000, "netIncome": 265762000, "netIncomeRatio": 0.2110599137, "eps": 8.27, "epsdiluted": 8.15, "weightedAverageShsOut": 31081000, "weightedAverageShsOutDil": 31533000, "link": "https://www.sec.gov/Archives/edgar/data/1497770/000155837022001963/0001558370-22-001963-index.htm", "finalLink": "https://www.sec.gov/Archives/edgar/data/1497770/000155837022001963/wd-20211231x10k.htm", "calculatedOtherExpenses": 222685000, "calculatedOperatingExpenses": 295652000, "calculatedNetInterest": -7981000, "calculatedOtherIncome": 7981000, "calculatedIncomeNonControlling": -132000, "calculatedEbitda": 562342000}, {"date": "2020-12-31", "symbol": "WD", "reportedCurrency": "USD", "cik": "0001497770", "fillingDate": "2021-02-25", "acceptedDate": "2021-02-25 17:11:58", "calendarYear": "2020", "period": "FY", "revenue": 1083707000, "costOfRevenue": 477369000, "grossProfit": 606338000, "grossProfitRatio": 0.5595036297, "researchAndDevelopmentExpenses": 0, "generalAndAdministrativeExpenses": 50876000, "sellingAndMarketingExpenses": 9139000, "sellingGeneralAndAdministrativeExpenses": 60015000, "otherExpenses": 216057000, "operatingExpenses": 276072000, "costAndExpenses": 753441000, "interestIncome": 0, "interestExpense": 8550000, "depreciationAndAmortization": 169011000, "ebitda": 499277000, "ebitdaratio": 0.4607121667, "operatingIncome": 330266000, "operatingIncomeRatio": 0.3047558058, "totalOtherIncomeExpensesNet": -46030000, "incomeBeforeTax": 330266000, "incomeBeforeTaxRatio": 0.3047558058, "incomeTaxExpense": 84313000, "netIncome": 246177000, "netIncomeRatio": 0.2271619543, "eps": 7.85, "epsdiluted": 7.69, "weightedAverageShsOut": 30444000, "weightedAverageShsOutDil": 31083000, "link": "https://www.sec.gov/Archives/edgar/data/1497770/000155837021001854/0001558370-21-001854-index.htm", "finalLink": "https://www.sec.gov/Archives/edgar/data/1497770/000155837021001854/wd-20201231x10k.htm", "calculatedOtherExpenses": 216057000, "calculatedOperatingExpenses": 276072000, "calculatedNetInterest": -8550000, "calculatedOtherIncome": 8550000, "calculatedIncomeNonControlling": -224000, "calculatedEbitda": 499277000}, {"date": "2019-12-31", "symbol": "WD", "reportedCurrency": "USD", "cik": "0001497770", "fillingDate": "2020-02-26", "acceptedDate": "2020-02-26 16:28:27", "calendarYear": "2019", "period": "FY", "revenue": 817219000, "costOfRevenue": 360527000, "grossProfit": 456692000, "grossProfitRatio": 0.5588367378, "researchAndDevelopmentExpenses": 0, "generalAndAdministrativeExpenses": 346168000, "sellingAndMarketingExpenses": 8534000, "sellingGeneralAndAdministrativeExpenses": 346168000, "otherExpenses": -119827000, "operatingExpenses": 226341000, "costAndExpenses": 586868000, "interestIncome": 23782000, "interestExpense": 14359000, "depreciationAndAmortization": 152472000, "ebitda": 382823000, "ebitdaratio": 0.4684460347, "operatingIncome": 230351000, "operatingIncomeRatio": 0.2818718116, "totalOtherIncomeExpensesNet": 143000, "incomeBeforeTax": 230351000, "incomeBeforeTaxRatio": 0.2818718116, "incomeTaxExpense": 57121000, "netIncome": 173373000, "netIncomeRatio": 0.2121499867, "eps": 5.61, "epsdiluted": 5.45, "weightedAverageShsOut": 29913000, "weightedAverageShsOutDil": 30815000, "link": "https://www.sec.gov/Archives/edgar/data/1497770/000155837020001477/0001558370-20-001477-index.htm", "finalLink": "https://www.sec.gov/Archives/edgar/data/1497770/000155837020001477/wd-20191231x10k4bb676.htm", "calculatedOtherExpenses": -119827000, "calculatedOperatingExpenses": 226341000, "calculatedNetInterest": 9423000, "calculatedOtherIncome": -9423000, "calculatedIncomeNonControlling": -143000, "calculatedEbitda": 382823000}, {"date": "2018-12-31", "symbol": "WD", "reportedCurrency": "USD", "cik": "0001497770", "fillingDate": "2019-03-01", "acceptedDate": "2019-03-01 09:03:10", "calendarYear": "2018", "period": "FY", "revenue": 725246000, "costOfRevenue": 307433000, "grossProfit": 417813000, "grossProfitRatio": 0.576098317, "researchAndDevelopmentExpenses": 0, "generalAndAdministrativeExpenses": 297303000, "sellingAndMarketingExpenses": 7951000, "sellingGeneralAndAdministrativeExpenses": 297303000, "otherExpenses": 154509000, "operatingExpenses": 204963000, "costAndExpenses": 512396000, "interestIncome": 8038000, "interestExpense": 10130000, "depreciationAndAmortization": 142134000, "ebitda": 354984000, "ebitdaratio": 0.4894670222, "operatingIncome": 212850000, "operatingIncomeRatio": 0.2934866238, "totalOtherIncomeExpensesNet": 497000, "incomeBeforeTax": 212850000, "incomeBeforeTaxRatio": 0.2934866238, "incomeTaxExpense": 51908000, "netIncome": 161439000, "netIncomeRatio": 0.2225989526, "eps": 5.15, "epsdiluted": 5.04, "weightedAverageShsOut": 31349762, "weightedAverageShsOutDil": 32043000, "link": "https://www.sec.gov/Archives/edgar/data/1497770/000155837019001390/0001558370-19-001390-index.htm", "finalLink": "https://www.sec.gov/Archives/edgar/data/1497770/000155837019001390/wd-20181231x10k.htm", "calculatedOtherExpenses": -92340000, "calculatedOperatingExpenses": 204963000, "calculatedNetInterest": -2092000, "calculatedOtherIncome": 2092000, "calculatedIncomeNonControlling": -497000, "calculatedEbitda": 354984000}, {"date": "2017-12-31", "symbol": "WD", "reportedCurrency": "USD", "cik": "0001497770", "fillingDate": "2018-02-23", "acceptedDate": "2018-02-23 15:10:24", "calendarYear": "2017", "period": "FY", "revenue": 711857000, "costOfRevenue": 299022000, "grossProfit": 412835000, "grossProfitRatio": 0.5799409151, "researchAndDevelopmentExpenses": 0, "generalAndAdministrativeExpenses": 289277000, "sellingAndMarketingExpenses": 7819000, "sellingGeneralAndAdministrativeExpenses": 289277000, "otherExpenses": 137330000, "operatingExpenses": 179174000, "costAndExpenses": 478196000, "interestIncome": 9390000, "interestExpense": 9745000, "depreciationAndAmortization": 131246000, "ebitda": 364907000, "ebitdaratio": 0.512612786, "operatingIncome": 233661000, "operatingIncomeRatio": 0.3282414867, "totalOtherIncomeExpensesNet": -707000, "incomeBeforeTax": 233661000, "incomeBeforeTaxRatio": 0.3282414867, "incomeTaxExpense": 21827000, "netIncome": 211127000, "netIncomeRatio": 0.2965862526, "eps": 7.03, "epsdiluted": 6.56, "weightedAverageShsOut": 30014000, "weightedAverageShsOutDil": 32205000, "link": "https://www.sec.gov/Archives/edgar/data/1497770/000155837018001023/0001558370-18-001023-index.htm", "finalLink": "https://www.sec.gov/Archives/edgar/data/1497770/000155837018001023/wd-20171231x10k.htm", "calculatedOtherExpenses": -110103000, "calculatedOperatingExpenses": 179174000, "calculatedNetInterest": -355000, "calculatedOtherIncome": 355000, "calculatedIncomeNonControlling": 707000, "calculatedEbitda": 364907000}, {"date": "2016-12-31", "symbol": "WD", "reportedCurrency": "USD", "cik": "0001497770", "fillingDate": "2017-02-24", "acceptedDate": "2017-02-24 07:06:19", "calendarYear": "2016", "period": "FY", "revenue": 575276000, "costOfRevenue": 237342000, "grossProfit": 337934000, "grossProfitRatio": 0.5874293383, "researchAndDevelopmentExpenses": 0, "generalAndAdministrativeExpenses": 227491000, "sellingAndMarketingExpenses": 5607000, "sellingGeneralAndAdministrativeExpenses": 227491000, "otherExpenses": 116510000, "operatingExpenses": 152153000, "costAndExpenses": 389495000, "interestIncome": 7482000, "interestExpense": 9851000, "depreciationAndAmortization": 111427000, "ebitda": 297208000, "ebitdaratio": 0.5166354932, "operatingIncome": 185781000, "operatingIncomeRatio": 0.322942379, "totalOtherIncomeExpensesNet": -414000, "incomeBeforeTax": 185781000, "incomeBeforeTaxRatio": 0.322942379, "incomeTaxExpense": 71470000, "netIncome": 113897000, "netIncomeRatio": 0.1979867055, "eps": 3.87, "epsdiluted": 3.65, "weightedAverageShsOut": 29432000, "weightedAverageShsOutDil": 31172000, "link": "https://www.sec.gov/Archives/edgar/data/1497770/000155837017000939/0001558370-17-000939-index.htm", "finalLink": "https://www.sec.gov/Archives/edgar/data/1497770/000155837017000939/wd-20161231x10k.htm", "calculatedOtherExpenses": -75338000, "calculatedOperatingExpenses": 152153000, "calculatedNetInterest": -2369000, "calculatedOtherIncome": 2369000, "calculatedIncomeNonControlling": 414000, "calculatedEbitda": 297208000}, {"date": "2015-12-31", "symbol": "WD", "reportedCurrency": "USD", "cik": "0001497770", "fillingDate": "2016-02-26", "acceptedDate": "2016-02-26 06:13:32", "calendarYear": "2015", "period": "FY", "revenue": 468198000, "costOfRevenue": 194508000, "grossProfit": 273690000, "grossProfitRatio": 0.5845603783, "researchAndDevelopmentExpenses": 0, "generalAndAdministrativeExpenses": 184590000, "sellingAndMarketingExpenses": 4599000, "sellingGeneralAndAdministrativeExpenses": 184590000, "otherExpenses": 106282000, "operatingExpenses": 138324000, "costAndExpenses": 332832000, "interestIncome": 9419000, "interestExpense": 9918000, "depreciationAndAmortization": 98173000, "ebitda": 233539000, "ebitdaratio": 0.4988039248, "operatingIncome": 135366000, "operatingIncomeRatio": 0.2891212692, "totalOtherIncomeExpensesNet": -467000, "incomeBeforeTax": 135366000, "incomeBeforeTaxRatio": 0.2891212692, "incomeTaxExpense": 52771000, "netIncome": 82128000, "netIncomeRatio": 0.1754129663, "eps": 2.76, "epsdiluted": 2.65, "weightedAverageShsOut": 29754000, "weightedAverageShsOutDil": 30949000, "link": "https://www.sec.gov/Archives/edgar/data/1497770/000155837016003573/0001558370-16-003573-index.htm", "finalLink": "https://www.sec.gov/Archives/edgar/data/1497770/000155837016003573/wd-20151231x10k.htm", "calculatedOtherExpenses": -46266000, "calculatedOperatingExpenses": 138324000, "calculatedNetInterest": -499000, "calculatedOtherIncome": 499000, "calculatedIncomeNonControlling": 467000, "calculatedEbitda": 233539000}, {"date": "2014-12-31", "symbol": "WD", "reportedCurrency": "USD", "cik": "0001497770", "fillingDate": "2015-03-05", "acceptedDate": "2015-03-05 06:07:37", "calendarYear": "2014", "period": "FY", "revenue": 360772000, "costOfRevenue": 159685000, "grossProfit": 201087000, "grossProfitRatio": 0.5573797301, "researchAndDevelopmentExpenses": 0, "generalAndAdministrativeExpenses": 149374000, "sellingAndMarketingExpenses": 3693000, "sellingGeneralAndAdministrativeExpenses": 149374000, "otherExpenses": 89484000, "operatingExpenses": 117175000, "costAndExpenses": 276860000, "interestIncome": 6151000, "interestExpense": 10311000, "depreciationAndAmortization": 80138000, "ebitda": 164050000, "ebitdaratio": 0.4547193241, "operatingIncome": 83912000, "operatingIncomeRatio": 0.2325901123, "totalOtherIncomeExpensesNet": 0, "incomeBeforeTax": 83912000, "incomeBeforeTaxRatio": 0.2325901123, "incomeTaxExpense": 32490000, "netIncome": 51422000, "netIncomeRatio": 0.1425332343, "eps": 1.6, "epsdiluted": 1.58, "weightedAverageShsOut": 32210000, "weightedAverageShsOutDil": 32624000, "link": "https://www.sec.gov/Archives/edgar/data/1497770/000119312515077598/0001193125-15-077598-index.htm", "finalLink": "https://www.sec.gov/Archives/edgar/data/1497770/000119312515077598/d843655d10k.htm", "calculatedOtherExpenses": -32199000, "calculatedOperatingExpenses": 117175000, "calculatedNetInterest": -4160000, "calculatedOtherIncome": 4160000, "calculatedIncomeNonControlling": 0, "calculatedEbitda": 164050000}, {"date": "2013-12-31", "symbol": "WD", "reportedCurrency": "USD", "cik": "0001497770", "fillingDate": "2014-03-07", "acceptedDate": "2014-03-07 16:24:07", "calendarYear": "2013", "period": "FY", "revenue": 319039000, "costOfRevenue": 137410000, "grossProfit": 181629000, "grossProfitRatio": 0.569300305, "researchAndDevelopmentExpenses": 0, "generalAndAdministrativeExpenses": 133667000, "sellingAndMarketingExpenses": 3873000, "sellingGeneralAndAdministrativeExpenses": 133667000, "otherExpenses": 89537000, "operatingExpenses": 114842000, "costAndExpenses": 252252000, "interestIncome": 0, "interestExpense": 3743000, "depreciationAndAmortization": 75955000, "ebitda": 142742000, "ebitdaratio": 0.4474123853, "operatingIncome": 66787000, "operatingIncomeRatio": 0.2093380433, "totalOtherIncomeExpensesNet": 0, "incomeBeforeTax": 66787000, "incomeBeforeTaxRatio": 0.2093380433, "incomeTaxExpense": 25257000, "netIncome": 41530000, "netIncomeRatio": 0.1301721733, "eps": 1.23, "epsdiluted": 1.21, "weightedAverageShsOut": 33764233, "weightedAverageShsOutDil": 34335914, "link": "https://www.sec.gov/Archives/edgar/data/1497770/000119312514089168/0001193125-14-089168-index.htm", "finalLink": "https://www.sec.gov/Archives/edgar/data/1497770/000119312514089168/d646318d10k.htm", "calculatedOtherExpenses": -18825000, "calculatedOperatingExpenses": 114842000, "calculatedNetInterest": -3743000, "calculatedOtherIncome": 3743000, "calculatedIncomeNonControlling": 0, "calculatedEbitda": 142742000}, {"date": "2012-12-31", "symbol": "WD", "reportedCurrency": "USD", "cik": "0001497770", "fillingDate": "2013-03-18", "acceptedDate": "2013-03-18 16:35:16", "calendarYear": "2012", "period": "FY", "revenue": 256770000, "costOfRevenue": 110686000, "grossProfit": 146084000, "grossProfitRatio": 0.5689293921, "researchAndDevelopmentExpenses": 0, "generalAndAdministrativeExpenses": 109037000, "sellingAndMarketingExpenses": 2755000, "sellingGeneralAndAdministrativeExpenses": 109037000, "otherExpenses": 64139000, "operatingExpenses": 90314000, "costAndExpenses": 201000000, "interestIncome": 0, "interestExpense": 1649000, "depreciationAndAmortization": 53925000, "ebitda": 109695000, "ebitdaratio": 0.4272111228, "operatingIncome": 55770000, "operatingIncomeRatio": 0.2171982708, "totalOtherIncomeExpensesNet": 0, "incomeBeforeTax": 55770000, "incomeBeforeTaxRatio": 0.2171982708, "incomeTaxExpense": 21998000, "netIncome": 33772000, "netIncomeRatio": 0.1315262686, "eps": 1.32, "epsdiluted": 1.31, "weightedAverageShsOut": 25545028, "weightedAverageShsOutDil": 25845015, "link": "https://www.sec.gov/Archives/edgar/data/1497770/000104746913002970/0001047469-13-002970-index.htm", "finalLink": "https://www.sec.gov/Archives/edgar/data/1497770/000104746913002970/a2213439z10-k.htm", "calculatedOtherExpenses": -18723000, "calculatedOperatingExpenses": 90314000, "calculatedNetInterest": -1649000, "calculatedOtherIncome": 1649000, "calculatedIncomeNonControlling": 0, "calculatedEbitda": 109695000}, {"date": "2011-12-31", "symbol": "WD", "reportedCurrency": "USD", "cik": "0001497770", "fillingDate": "2012-03-09", "acceptedDate": "2012-03-09 13:44:43", "calendarYear": "2011", "period": "FY", "revenue": 152350000, "costOfRevenue": 13471000, "grossProfit": 138879000, "grossProfitRatio": 0.9115786019, "researchAndDevelopmentExpenses": 0, "generalAndAdministrativeExpenses": 51162000, "sellingAndMarketingExpenses": 0, "sellingGeneralAndAdministrativeExpenses": 51162000, "otherExpenses": 43704000, "operatingExpenses": 94866000, "costAndExpenses": 94866000, "interestIncome": 0, "interestExpense": 823000, "depreciationAndAmortization": 22514000, "ebitda": 79998000, "ebitdaratio": 0.5250935346, "operatingIncome": 56661000, "operatingIncomeRatio": 0.3719133574, "totalOtherIncomeExpensesNet": 0, "incomeBeforeTax": 56661000, "incomeBeforeTaxRatio": 0.3719133574, "incomeTaxExpense": 21797000, "netIncome": 34864000, "netIncomeRatio": 0.2288414834, "eps": 1.61, "epsdiluted": 1.6, "weightedAverageShsOut": 21621534, "weightedAverageShsOutDil": 21747672, "link": "https://www.sec.gov/Archives/edgar/data/1497770/000104746912002360/0001047469-12-002360-index.htm", "finalLink": "https://www.sec.gov/Archives/edgar/data/1497770/000104746912002360/a2207893z10-k.htm", "calculatedOtherExpenses": 31056000, "calculatedOperatingExpenses": 82218000, "calculatedNetInterest": -823000, "calculatedOtherIncome": 823000, "calculatedIncomeNonControlling": 0, "calculatedEbitda": 79175000}, {"date": "2010-12-31", "symbol": "WD", "reportedCurrency": "USD", "cik": "0001497770", "fillingDate": "2011-03-30", "acceptedDate": "2011-03-30 15:34:06", "calendarYear": "2010", "period": "FY", "revenue": 121834000, "costOfRevenue": 11114000, "grossProfit": 110720000, "grossProfitRatio": 0.9087775169, "researchAndDevelopmentExpenses": 0, "generalAndAdministrativeExpenses": 42459000, "sellingAndMarketingExpenses": 0, "sellingGeneralAndAdministrativeExpenses": 42459000, "otherExpenses": 37899000, "operatingExpenses": 80358000, "costAndExpenses": 80358000, "interestIncome": 0, "interestExpense": 1334000, "depreciationAndAmortization": 16959000, "ebitda": 58435000, "ebitdaratio": 0.4796280185, "operatingIncome": 40142000, "operatingIncomeRatio": 0.3294810972, "totalOtherIncomeExpensesNet": 21992000, "incomeBeforeTax": 40142000, "incomeBeforeTaxRatio": 0.3294810972, "incomeTaxExpense": 31915000, "netIncome": 8227000, "netIncomeRatio": 0.0675263063, "eps": 0.55, "epsdiluted": 0.55, "weightedAverageShsOut": 15033741, "weightedAverageShsOutDil": 15036411, "link": "https://www.sec.gov/Archives/edgar/data/1497770/000104746911002884/0001047469-11-002884-index.htm", "finalLink": "https://www.sec.gov/Archives/edgar/data/1497770/000104746911002884/a2203050z10-k.htm", "calculatedOtherExpenses": 28119000, "calculatedOperatingExpenses": 70578000, "calculatedNetInterest": -1334000, "calculatedOtherIncome": 1334000, "calculatedIncomeNonControlling": 0, "calculatedEbitda": 57101000}, {"date": "2009-12-31", "symbol": "WD", "reportedCurrency": "USD", "cik": "0001497770", "fillingDate": "2009-12-31", "acceptedDate": "2009-12-30 19:00:00", "calendarYear": "2009", "period": "FY", "revenue": 88761000, "costOfRevenue": 0, "grossProfit": 88761000, "grossProfitRatio": 1, "researchAndDevelopmentExpenses": 0, "generalAndAdministrativeExpenses": 32177000, "sellingAndMarketingExpenses": 0, "sellingGeneralAndAdministrativeExpenses": 32177000, "otherExpenses": 26296000, "operatingExpenses": 58473000, "costAndExpenses": 58473000, "interestIncome": 0, "interestExpense": 1684000, "depreciationAndAmortization": 12917000, "ebitda": 43205000, "ebitdaratio": 0.486756571, "operatingIncome": 28604000, "operatingIncomeRatio": 0.3222586496, "totalOtherIncomeExpensesNet": 10922000, "incomeBeforeTax": 39526000, "incomeBeforeTaxRatio": 0.4453081872, "incomeTaxExpense": 10869000, "netIncome": 28657000, "netIncomeRatio": 0.3228557587, "eps": 2.76, "epsdiluted": 2.76, "weightedAverageShsOut": 14306873, "weightedAverageShsOutDil": 14306873, "link": "", "finalLink": "", "calculatedOtherExpenses": 27980000, "calculatedOperatingExpenses": 60157000, "calculatedNetInterest": -1684000, "calculatedOtherIncome": 12606000, "calculatedIncomeNonControlling": 0, "calculatedEbitda": 41521000}, {"date": "2008-12-31", "symbol": "WD", "reportedCurrency": "USD", "cik": "0001497770", "fillingDate": "2008-12-31", "acceptedDate": "2008-12-30 19:00:00", "calendarYear": "2008", "period": "FY", "revenue": 49172000, "costOfRevenue": 0, "grossProfit": 49172000, "grossProfitRatio": 1, "researchAndDevelopmentExpenses": 0, "generalAndAdministrativeExpenses": 17008000, "sellingAndMarketingExpenses": 0, "sellingGeneralAndAdministrativeExpenses": 17008000, "otherExpenses": 15453000, "operatingExpenses": 32461000, "costAndExpenses": 32461000, "interestIncome": 0, "interestExpense": 2679000, "depreciationAndAmortization": 6759000, "ebitda": 24515000, "ebitdaratio": 0.4985560888, "operatingIncome": 14032000, "operatingIncomeRatio": 0.2853656553, "totalOtherIncomeExpensesNet": 0, "incomeBeforeTax": 14032000, "incomeBeforeTaxRatio": 0.2853656553, "incomeTaxExpense": 5332000, "netIncome": 8700000, "netIncomeRatio": 0.1769299601, "eps": 0.9, "epsdiluted": 0.9, "weightedAverageShsOut": 9710521, "weightedAverageShsOutDil": 9710521, "link": "", "finalLink": "", "calculatedOtherExpenses": 18132000, "calculatedOperatingExpenses": 35140000, "calculatedNetInterest": -2679000, "calculatedOtherIncome": 2679000, "calculatedIncomeNonControlling": 0, "calculatedEbitda": 20791000}]}