{"originalCurrency": "USD", "convertedCurrency": "USD", "report": [{"date": "2024-01-31", "symbol": "WDAY", "reportedCurrency": "USD", "cik": "0001327811", "fillingDate": "2024-03-08", "acceptedDate": "2024-03-08 16:01:53", "calendarYear": "2024", "period": "FY", "revenue": 7197000000, "costOfRevenue": 1771000000, "grossProfit": 5426000000, "grossProfitRatio": 0.7539252466, "researchAndDevelopmentExpenses": 2464000000, "generalAndAdministrativeExpenses": 702000000, "sellingAndMarketingExpenses": 2139000000, "sellingGeneralAndAdministrativeExpenses": 2841000000, "otherExpenses": -14000000, "operatingExpenses": 5305000000, "costAndExpenses": 7076000000, "interestIncome": 301000000, "interestExpense": 114000000, "depreciationAndAmortization": 282000000, "ebitda": 403000000, "ebitdaratio": 0.0559955537, "operatingIncome": 121000000, "operatingIncomeRatio": 0.0168125608, "totalOtherIncomeExpensesNet": 235000000, "incomeBeforeTax": 356000000, "incomeBeforeTaxRatio": 0.0494650549, "incomeTaxExpense": -1025000000, "netIncome": 1381000000, "netIncomeRatio": 0.1918855079, "eps": 5.28, "epsdiluted": 5.21, "weightedAverageShsOut": 261344000, "weightedAverageShsOutDil": 265285000, "link": "https://www.sec.gov/Archives/edgar/data/1327811/000132781124000044/0001327811-24-000044-index.htm", "finalLink": "https://www.sec.gov/Archives/edgar/data/1327811/000132781124000044/wday-20240131.htm", "calculatedOtherExpenses": 0, "calculatedOperatingExpenses": 5305000000, "calculatedNetInterest": 187000000, "calculatedOtherIncome": 48000000, "calculatedIncomeNonControlling": 0, "calculatedEbitda": 403000000}, {"date": "2023-01-31", "symbol": "WDAY", "reportedCurrency": "USD", "cik": "0001327811", "fillingDate": "2023-02-27", "acceptedDate": "2023-02-27 16:10:12", "calendarYear": "2023", "period": "FY", "revenue": 6215818000, "costOfRevenue": 1715178000, "grossProfit": 4500640000, "grossProfitRatio": 0.7240623841, "researchAndDevelopmentExpenses": 2270660000, "generalAndAdministrativeExpenses": 604087000, "sellingAndMarketingExpenses": 1848093000, "sellingGeneralAndAdministrativeExpenses": 2452180000, "otherExpenses": -37750000, "operatingExpenses": 4722840000, "costAndExpenses": 6438018000, "interestIncome": 97709000, "interestExpense": 102353000, "depreciationAndAmortization": 364357000, "ebitda": 142157000, "ebitdaratio": 0.0228701999, "operatingIncome": -222200000, "operatingIncomeRatio": -0.0357475074, "totalOtherIncomeExpensesNet": -37750000, "incomeBeforeTax": -259950000, "incomeBeforeTaxRatio": -0.0418207226, "incomeTaxExpense": 106799000, "netIncome": -366749000, "netIncomeRatio": -0.0590025319, "eps": -1.44, "epsdiluted": -1.44, "weightedAverageShsOut": 254686805, "weightedAverageShsOutDil": 254819000, "link": "https://www.sec.gov/Archives/edgar/data/1327811/000132781123000024/0001327811-23-000024-index.htm", "finalLink": "https://www.sec.gov/Archives/edgar/data/1327811/000132781123000024/wday-20230131.htm", "calculatedOtherExpenses": 0, "calculatedOperatingExpenses": 4722840000, "calculatedNetInterest": -4644000, "calculatedOtherIncome": -33106000, "calculatedIncomeNonControlling": 0, "calculatedEbitda": 142157000}, {"date": "2022-01-31", "symbol": "WDAY", "reportedCurrency": "USD", "cik": "0001327811", "fillingDate": "2022-02-28", "acceptedDate": "2022-02-28 16:06:43", "calendarYear": "2022", "period": "FY", "revenue": 5138798000, "costOfRevenue": 1428095000, "grossProfit": 3710703000, "grossProfitRatio": 0.7220955173, "researchAndDevelopmentExpenses": 1879220000, "generalAndAdministrativeExpenses": 486012000, "sellingAndMarketingExpenses": 1461921000, "sellingGeneralAndAdministrativeExpenses": 1947933000, "otherExpenses": 132632000, "operatingExpenses": 3827153000, "costAndExpenses": 5255248000, "interestIncome": 5575000, "interestExpense": 16602000, "depreciationAndAmortization": 343723000, "ebitda": 227273000, "ebitdaratio": 0.0442268795, "operatingIncome": -116450000, "operatingIncomeRatio": -0.0226609413, "totalOtherIncomeExpensesNet": 132632000, "incomeBeforeTax": 16182000, "incomeBeforeTaxRatio": 0.0031489854, "incomeTaxExpense": -13191000, "netIncome": 29000000, "netIncomeRatio": 0.0056433431, "eps": 0.12, "epsdiluted": 0.12, "weightedAverageShsOut": 247249000, "weightedAverageShsOutDil": 254032000, "link": "https://www.sec.gov/Archives/edgar/data/1327811/000132781122000030/0001327811-22-000030-index.htm", "finalLink": "https://www.sec.gov/Archives/edgar/data/1327811/000132781122000030/wday-20220131.htm", "calculatedOtherExpenses": 0, "calculatedOperatingExpenses": 3827153000, "calculatedNetInterest": -11027000, "calculatedOtherIncome": 143659000, "calculatedIncomeNonControlling": 373000, "calculatedEbitda": 227273000}, {"date": "2021-01-31", "symbol": "WDAY", "reportedCurrency": "USD", "cik": "0001327811", "fillingDate": "2021-03-02", "acceptedDate": "2021-03-02 16:03:28", "calendarYear": "2021", "period": "FY", "revenue": 4317996000, "costOfRevenue": 1198132000, "grossProfit": 3119864000, "grossProfitRatio": 0.7225259125, "researchAndDevelopmentExpenses": 1721222000, "generalAndAdministrativeExpenses": 414068000, "sellingAndMarketingExpenses": 1233173000, "sellingGeneralAndAdministrativeExpenses": 1647241000, "otherExpenses": -26535000, "operatingExpenses": 3368463000, "costAndExpenses": 4566595000, "interestIncome": 18788000, "interestExpense": 68806000, "depreciationAndAmortization": 293657000, "ebitda": 45058000, "ebitdaratio": 0.0104349332, "operatingIncome": -248599000, "operatingIncomeRatio": -0.0575727722, "totalOtherIncomeExpensesNet": -26535000, "incomeBeforeTax": -275134000, "incomeBeforeTaxRatio": -0.063717984, "incomeTaxExpense": 7297000, "netIncome": -282431000, "netIncomeRatio": -0.0654078883, "eps": -1.19, "epsdiluted": -1.19, "weightedAverageShsOut": 237019000, "weightedAverageShsOutDil": 237019000, "link": "https://www.sec.gov/Archives/edgar/data/1327811/000132781121000020/0001327811-21-000020-index.htm", "finalLink": "https://www.sec.gov/Archives/edgar/data/1327811/000132781121000020/wday-20210131.htm", "calculatedOtherExpenses": 0, "calculatedOperatingExpenses": 3368463000, "calculatedNetInterest": -50018000, "calculatedOtherIncome": 23483000, "calculatedIncomeNonControlling": 0, "calculatedEbitda": 45058000}, {"date": "2020-01-31", "symbol": "WDAY", "reportedCurrency": "USD", "cik": "0001327811", "fillingDate": "2020-03-03", "acceptedDate": "2020-03-03 16:30:48", "calendarYear": "2020", "period": "FY", "revenue": 3627206000, "costOfRevenue": 1065258000, "grossProfit": 2561948000, "grossProfitRatio": 0.706314447, "researchAndDevelopmentExpenses": 1549906000, "generalAndAdministrativeExpenses": 367724000, "sellingAndMarketingExpenses": 1146548000, "sellingGeneralAndAdministrativeExpenses": 1514272000, "otherExpenses": 19783000, "operatingExpenses": 3064178000, "costAndExpenses": 4129436000, "interestIncome": 41268000, "interestExpense": 58685000, "depreciationAndAmortization": 276278000, "ebitda": -225952000, "ebitdaratio": -0.0622936773, "operatingIncome": -502230000, "operatingIncomeRatio": -0.1384619456, "totalOtherIncomeExpensesNet": 19783000, "incomeBeforeTax": -482447000, "incomeBeforeTaxRatio": -0.1330078854, "incomeTaxExpense": -1773000, "netIncome": -480674000, "netIncomeRatio": -0.1325190794, "eps": -2.12, "epsdiluted": -2.12, "weightedAverageShsOut": 226733018, "weightedAverageShsOutDil": 227185000, "link": "https://www.sec.gov/Archives/edgar/data/1327811/000132781120000022/0001327811-20-000022-index.htm", "finalLink": "https://www.sec.gov/Archives/edgar/data/1327811/000132781120000022/wday-20200131.htm", "calculatedOtherExpenses": 0, "calculatedOperatingExpenses": 3064178000, "calculatedNetInterest": -17417000, "calculatedOtherIncome": 37200000, "calculatedIncomeNonControlling": 0, "calculatedEbitda": -225952000}, {"date": "2019-01-31", "symbol": "WDAY", "reportedCurrency": "USD", "cik": "0001327811", "fillingDate": "2019-03-18", "acceptedDate": "2019-03-18 16:11:12", "calendarYear": "2019", "period": "FY", "revenue": 2822180000, "costOfRevenue": 834950000, "grossProfit": 1987230000, "grossProfitRatio": 0.7041471487, "researchAndDevelopmentExpenses": 1211832000, "generalAndAdministrativeExpenses": 347337000, "sellingAndMarketingExpenses": 891345000, "sellingGeneralAndAdministrativeExpenses": 1238682000, "otherExpenses": 39532000, "operatingExpenses": 2450514000, "costAndExpenses": 3285464000, "interestIncome": 42461000, "interestExpense": 60209000, "depreciationAndAmortization": 198111000, "ebitda": -265173000, "ebitdaratio": -0.0939603427, "operatingIncome": -463284000, "operatingIncomeRatio": -0.1641582039, "totalOtherIncomeExpensesNet": 39532000, "incomeBeforeTax": -423752000, "incomeBeforeTaxRatio": -0.1501505928, "incomeTaxExpense": -5494000, "netIncome": -418258000, "netIncomeRatio": -0.1482038708, "eps": -1.93, "epsdiluted": -1.93, "weightedAverageShsOut": 216789000, "weightedAverageShsOutDil": 216789000, "link": "https://www.sec.gov/Archives/edgar/data/1327811/000132781119000038/0001327811-19-000038-index.htm", "finalLink": "https://www.sec.gov/Archives/edgar/data/1327811/000132781119000038/wday-01312019x10k.htm", "calculatedOtherExpenses": 0, "calculatedOperatingExpenses": 2450514000, "calculatedNetInterest": -17748000, "calculatedOtherIncome": 57280000, "calculatedIncomeNonControlling": 0, "calculatedEbitda": -265173000}, {"date": "2018-01-31", "symbol": "WDAY", "reportedCurrency": "USD", "cik": "0001327811", "fillingDate": "2018-03-14", "acceptedDate": "2018-03-14 16:42:29", "calendarYear": "2018", "period": "FY", "revenue": 2143050000, "costOfRevenue": 629413000, "grossProfit": 1513637000, "grossProfitRatio": 0.7063003663, "researchAndDevelopmentExpenses": 910584000, "generalAndAdministrativeExpenses": 222909000, "sellingAndMarketingExpenses": 683367000, "sellingGeneralAndAdministrativeExpenses": 906276000, "otherExpenses": -11563000, "operatingExpenses": 1816860000, "costAndExpenses": 2446273000, "interestIncome": 25252000, "interestExpense": 44549000, "depreciationAndAmortization": 136974000, "ebitda": -166249000, "ebitdaratio": -0.0775758848, "operatingIncome": -303223000, "operatingIncomeRatio": -0.1414913324, "totalOtherIncomeExpensesNet": -11563000, "incomeBeforeTax": -314786000, "incomeBeforeTaxRatio": -0.1468869135, "incomeTaxExpense": 6436000, "netIncome": -321222000, "netIncomeRatio": -0.1498901099, "eps": -1.55, "epsdiluted": -1.55, "weightedAverageShsOut": 207774000, "weightedAverageShsOutDil": 207774000, "link": "https://www.sec.gov/Archives/edgar/data/1327811/000132781118000009/0001327811-18-000009-index.htm", "finalLink": "https://www.sec.gov/Archives/edgar/data/1327811/000132781118000009/wday-01312018x10k.htm", "calculatedOtherExpenses": 0, "calculatedOperatingExpenses": 1816860000, "calculatedNetInterest": -19297000, "calculatedOtherIncome": 7734000, "calculatedIncomeNonControlling": 0, "calculatedEbitda": -166249000}, {"date": "2017-01-31", "symbol": "WDAY", "reportedCurrency": "USD", "cik": "0001327811", "fillingDate": "2017-03-20", "acceptedDate": "2017-03-20 16:13:14", "calendarYear": "2017", "period": "FY", "revenue": 1569407000, "costOfRevenue": 483545000, "grossProfit": 1085862000, "grossProfitRatio": 0.69189318, "researchAndDevelopmentExpenses": 680531000, "generalAndAdministrativeExpenses": 198122000, "sellingAndMarketingExpenses": 583874000, "sellingGeneralAndAdministrativeExpenses": 781996000, "otherExpenses": -32427000, "operatingExpenses": 1462527000, "costAndExpenses": 1946072000, "interestIncome": 11303000, "interestExpense": 30103000, "depreciationAndAmortization": 115885000, "ebitda": -260780000, "ebitdaratio": -0.1661646724, "operatingIncome": -376665000, "operatingIncomeRatio": -0.2400046642, "totalOtherIncomeExpensesNet": -32427000, "incomeBeforeTax": -409092000, "incomeBeforeTaxRatio": -0.2606666085, "incomeTaxExpense": -814000, "netIncome": -408278000, "netIncomeRatio": -0.2601479412, "eps": -2.06, "epsdiluted": -2.06, "weightedAverageShsOut": 198214000, "weightedAverageShsOutDil": 198214000, "link": "https://www.sec.gov/Archives/edgar/data/1327811/000132781117000008/0001327811-17-000008-index.htm", "finalLink": "https://www.sec.gov/Archives/edgar/data/1327811/000132781117000008/wday-01312017x10k.htm", "calculatedOtherExpenses": 0, "calculatedOperatingExpenses": 1462527000, "calculatedNetInterest": -18800000, "calculatedOtherIncome": -13627000, "calculatedIncomeNonControlling": 0, "calculatedEbitda": -260780000}, {"date": "2016-01-31", "symbol": "WDAY", "reportedCurrency": "USD", "cik": "0001327811", "fillingDate": "2016-03-22", "acceptedDate": "2016-03-22 16:29:27", "calendarYear": "2016", "period": "FY", "revenue": 1162346000, "costOfRevenue": 374427000, "grossProfit": 787919000, "grossProfitRatio": 0.6778695844, "researchAndDevelopmentExpenses": 469944000, "generalAndAdministrativeExpenses": 148578000, "sellingAndMarketingExpenses": 434056000, "sellingGeneralAndAdministrativeExpenses": 582634000, "otherExpenses": -24242000, "operatingExpenses": 1052578000, "costAndExpenses": 1427005000, "interestIncome": 4855000, "interestExpense": 31932000, "depreciationAndAmortization": 85939000, "ebitda": -178720000, "ebitdaratio": -0.1537580032, "operatingIncome": -264659000, "operatingIncomeRatio": -0.2276938192, "totalOtherIncomeExpensesNet": -24242000, "incomeBeforeTax": -288901000, "incomeBeforeTaxRatio": -0.2485499154, "incomeTaxExpense": 1017000, "netIncome": -289918000, "netIncomeRatio": -0.24942487, "eps": -1.53, "epsdiluted": -1.53, "weightedAverageShsOut": 190016000, "weightedAverageShsOutDil": 190016000, "link": "https://www.sec.gov/Archives/edgar/data/1327811/000132781116000032/0001327811-16-000032-index.htm", "finalLink": "https://www.sec.gov/Archives/edgar/data/1327811/000132781116000032/wday-01312016x10k.htm", "calculatedOtherExpenses": 0, "calculatedOperatingExpenses": 1052578000, "calculatedNetInterest": -27077000, "calculatedOtherIncome": 2835000, "calculatedIncomeNonControlling": 0, "calculatedEbitda": -178720000}, {"date": "2015-01-31", "symbol": "WDAY", "reportedCurrency": "USD", "cik": "0001327811", "fillingDate": "2015-03-25", "acceptedDate": "2015-03-25 17:26:16", "calendarYear": "2015", "period": "FY", "revenue": 787860000, "costOfRevenue": 264803000, "grossProfit": 523057000, "grossProfitRatio": 0.6638958698, "researchAndDevelopmentExpenses": 316868000, "generalAndAdministrativeExpenses": 106051000, "sellingAndMarketingExpenses": 315840000, "sellingGeneralAndAdministrativeExpenses": 421891000, "otherExpenses": -30270000, "operatingExpenses": 738759000, "costAndExpenses": 1003562000, "interestIncome": 2960000, "interestExpense": 31060000, "depreciationAndAmortization": 59205000, "ebitda": -156497000, "ebitdaratio": -0.1986355444, "operatingIncome": -215702000, "operatingIncomeRatio": -0.273782144, "totalOtherIncomeExpensesNet": -30270000, "incomeBeforeTax": -245972000, "incomeBeforeTaxRatio": -0.3122026756, "incomeTaxExpense": 2010000, "netIncome": -247982000, "netIncomeRatio": -0.3147538903, "eps": -1.35, "epsdiluted": -1.35, "weightedAverageShsOut": 183702000, "weightedAverageShsOutDil": 183702000, "link": "https://www.sec.gov/Archives/edgar/data/1327811/000132781115000006/0001327811-15-000006-index.htm", "finalLink": "https://www.sec.gov/Archives/edgar/data/1327811/000132781115000006/wday-01312015x10k.htm", "calculatedOtherExpenses": 0, "calculatedOperatingExpenses": 738759000, "calculatedNetInterest": -28100000, "calculatedOtherIncome": -2170000, "calculatedIncomeNonControlling": 0, "calculatedEbitda": -156497000}, {"date": "2014-01-31", "symbol": "WDAY", "reportedCurrency": "USD", "cik": "0001327811", "fillingDate": "2014-03-31", "acceptedDate": "2014-03-31 17:25:09", "calendarYear": "2014", "period": "FY", "revenue": 468938000, "costOfRevenue": 176810000, "grossProfit": 292128000, "grossProfitRatio": 0.6229565529, "researchAndDevelopmentExpenses": 182116000, "generalAndAdministrativeExpenses": 65921000, "sellingAndMarketingExpenses": 197373000, "sellingGeneralAndAdministrativeExpenses": 263294000, "otherExpenses": -17549000, "operatingExpenses": 445410000, "costAndExpenses": 622220000, "interestIncome": 1992000, "interestExpense": 19618000, "depreciationAndAmortization": 34695000, "ebitda": -118587000, "ebitdaratio": -0.2528841766, "operatingIncome": -153282000, "operatingIncomeRatio": -0.3268705031, "totalOtherIncomeExpensesNet": -17549000, "incomeBeforeTax": -170831000, "incomeBeforeTaxRatio": -0.3642933607, "incomeTaxExpense": 1678000, "netIncome": -172509000, "netIncomeRatio": -0.3678716589, "eps": -1.01, "epsdiluted": -1.01, "weightedAverageShsOut": 171297000, "weightedAverageShsOutDil": 171297000, "link": "https://www.sec.gov/Archives/edgar/data/1327811/000119312514124249/0001193125-14-124249-index.htm", "finalLink": "https://www.sec.gov/Archives/edgar/data/1327811/000119312514124249/d667142d10k.htm", "calculatedOtherExpenses": 0, "calculatedOperatingExpenses": 445410000, "calculatedNetInterest": -17626000, "calculatedOtherIncome": 77000, "calculatedIncomeNonControlling": 0, "calculatedEbitda": -118587000}, {"date": "2013-01-31", "symbol": "WDAY", "reportedCurrency": "USD", "cik": "0001327811", "fillingDate": "2013-03-22", "acceptedDate": "2013-03-22 16:54:25", "calendarYear": "2013", "period": "FY", "revenue": 273657000, "costOfRevenue": 116535000, "grossProfit": 157122000, "grossProfitRatio": 0.5741566998, "researchAndDevelopmentExpenses": 102665000, "generalAndAdministrativeExpenses": 48880000, "sellingAndMarketingExpenses": 123440000, "sellingGeneralAndAdministrativeExpenses": 172320000, "otherExpenses": -1203000, "operatingExpenses": 274985000, "costAndExpenses": 391520000, "interestIncome": 560000, "interestExpense": 1363000, "depreciationAndAmortization": 17722000, "ebitda": -100141000, "ebitdaratio": -0.3659361902, "operatingIncome": -117863000, "operatingIncomeRatio": -0.4306960904, "totalOtherIncomeExpensesNet": -1203000, "incomeBeforeTax": -119066000, "incomeBeforeTaxRatio": -0.4350921043, "incomeTaxExpense": 124000, "netIncome": -119190000, "netIncomeRatio": -0.4355452263, "eps": -1.61, "epsdiluted": -1.61, "weightedAverageShsOut": 74011000, "weightedAverageShsOutDil": 74011000, "link": "https://www.sec.gov/Archives/edgar/data/1327811/000119312513122351/0001193125-13-122351-index.htm", "finalLink": "https://www.sec.gov/Archives/edgar/data/1327811/000119312513122351/d448150d10k.htm", "calculatedOtherExpenses": 0, "calculatedOperatingExpenses": 274985000, "calculatedNetInterest": -803000, "calculatedOtherIncome": -400000, "calculatedIncomeNonControlling": 0, "calculatedEbitda": -100141000}, {"date": "2012-01-31", "symbol": "WDAY", "reportedCurrency": "USD", "cik": "0001327811", "fillingDate": "2012-01-31", "acceptedDate": "2012-01-31 00:00:00", "calendarYear": "2012", "period": "FY", "revenue": 134427000, "costOfRevenue": 65368000, "grossProfit": 69059000, "grossProfitRatio": 0.5137286408, "researchAndDevelopmentExpenses": 62014000, "generalAndAdministrativeExpenses": 15133000, "sellingAndMarketingExpenses": 70356000, "sellingGeneralAndAdministrativeExpenses": 85489000, "otherExpenses": -110000, "operatingExpenses": 147503000, "costAndExpenses": 212871000, "interestIncome": 68000, "interestExpense": 976000, "depreciationAndAmortization": 9319000, "ebitda": -69167000, "ebitdaratio": -0.5145320509, "operatingIncome": -78444000, "operatingIncomeRatio": -0.5835434846, "totalOtherIncomeExpensesNet": -110000, "incomeBeforeTax": -79462000, "incomeBeforeTaxRatio": -0.591116368, "incomeTaxExpense": 167000, "netIncome": -79629000, "netIncomeRatio": -0.5923586779, "eps": -0.35, "epsdiluted": -0.35, "weightedAverageShsOut": 226071000, "weightedAverageShsOutDil": 226071000, "link": null, "finalLink": null, "calculatedOtherExpenses": 0, "calculatedOperatingExpenses": 147503000, "calculatedNetInterest": -908000, "calculatedOtherIncome": -110000, "calculatedIncomeNonControlling": 0, "calculatedEbitda": -69125000}, {"date": "2010-12-31", "symbol": "WDAY", "reportedCurrency": "USD", "cik": "0001327811", "fillingDate": "2010-12-31", "acceptedDate": "2010-12-31 00:00:00", "calendarYear": "2011", "period": "FY", "revenue": 68055000, "costOfRevenue": 39864000, "grossProfit": 28191000, "grossProfitRatio": 0.4142384836, "researchAndDevelopmentExpenses": 39175000, "generalAndAdministrativeExpenses": 8553000, "sellingAndMarketingExpenses": 36524000, "sellingGeneralAndAdministrativeExpenses": 45077000, "otherExpenses": 76000, "operatingExpenses": 84252000, "costAndExpenses": 124116000, "interestIncome": 88000, "interestExpense": 221000, "depreciationAndAmortization": 5313000, "ebitda": -50584000, "ebitdaratio": -0.7432811696, "operatingIncome": -56061000, "operatingIncomeRatio": -0.823760194, "totalOtherIncomeExpensesNet": 76000, "incomeBeforeTax": -56118000, "incomeBeforeTaxRatio": -0.8245977518, "incomeTaxExpense": 97000, "netIncome": -56215000, "netIncomeRatio": -0.8260230696, "eps": -0.25, "epsdiluted": -0.25, "weightedAverageShsOut": 226071000, "weightedAverageShsOutDil": 226071000, "link": null, "finalLink": null, "calculatedOtherExpenses": 0, "calculatedOperatingExpenses": 84252000, "calculatedNetInterest": -133000, "calculatedOtherIncome": 76000, "calculatedIncomeNonControlling": 0, "calculatedEbitda": -50748000}, {"date": "2009-12-31", "symbol": "WDAY", "reportedCurrency": "USD", "cik": "0001327811", "fillingDate": "2009-12-31", "acceptedDate": "2009-12-31 00:00:00", "calendarYear": "2010", "period": "FY", "revenue": 25245000, "costOfRevenue": 20505000, "grossProfit": 4740000, "grossProfitRatio": 0.1877599525, "researchAndDevelopmentExpenses": 30045000, "generalAndAdministrativeExpenses": 5215000, "sellingAndMarketingExpenses": 20875000, "sellingGeneralAndAdministrativeExpenses": 26090000, "otherExpenses": 73000, "operatingExpenses": 56135000, "costAndExpenses": 76640000, "interestIncome": 444000, "interestExpense": 0, "depreciationAndAmortization": 3262000, "ebitda": -47616000, "ebitdaratio": -1.8861556744, "operatingIncome": -51395000, "operatingIncomeRatio": -2.0358486829, "totalOtherIncomeExpensesNet": 1100000, "incomeBeforeTax": -49851000, "incomeBeforeTaxRatio": -1.974688057, "incomeTaxExpense": 91000, "netIncome": -49942000, "netIncomeRatio": -1.9782927312, "eps": -0.22, "epsdiluted": -0.22, "weightedAverageShsOut": 226071000, "weightedAverageShsOutDil": 226071000, "link": null, "finalLink": null, "calculatedOtherExpenses": 0, "calculatedOperatingExpenses": 56135000, "calculatedNetInterest": 444000, "calculatedOtherIncome": 1100000, "calculatedIncomeNonControlling": 0, "calculatedEbitda": -48133000}]}