{"originalCurrency": "USD", "convertedCurrency": "USD", "report": [{"date": "2023-08-31", "symbol": "WDFC", "reportedCurrency": "USD", "cik": "0000105132", "fillingDate": "2023-10-23", "acceptedDate": "2023-10-23 16:22:21", "calendarYear": "2023", "period": "FY", "revenue": 537255000, "costOfRevenue": 263035000, "grossProfit": 274220000, "grossProfitRatio": 0.5104093959, "researchAndDevelopmentExpenses": 6200000, "generalAndAdministrativeExpenses": 154684000, "sellingAndMarketingExpenses": 28807000, "sellingGeneralAndAdministrativeExpenses": 183491000, "otherExpenses": 822000, "operatingExpenses": 184496000, "costAndExpenses": 447531000, "interestIncome": 231000, "interestExpense": 5614000, "depreciationAndAmortization": 8151000, "ebitda": 98928000, "ebitdaratio": 0.1841360248, "operatingIncome": 89724000, "operatingIncomeRatio": 0.1670044951, "totalOtherIncomeExpensesNet": 822000, "incomeBeforeTax": 85163000, "incomeBeforeTaxRatio": 0.1585150441, "incomeTaxExpense": 19170000, "netIncome": 65993000, "netIncomeRatio": 0.1228336637, "eps": 4.84, "epsdiluted": 4.83, "weightedAverageShsOut": 13578000, "weightedAverageShsOutDil": 13604000, "link": "https://www.sec.gov/Archives/edgar/data/105132/000010513223000059/0000105132-23-000059-index.htm", "finalLink": "https://www.sec.gov/Archives/edgar/data/105132/000010513223000059/wdfc-20230831.htm", "calculatedOtherExpenses": -5195000, "calculatedOperatingExpenses": 184496000, "calculatedNetInterest": -5383000, "calculatedOtherIncome": 822000, "calculatedIncomeNonControlling": 0, "calculatedEbitda": 97875000}, {"date": "2022-08-31", "symbol": "WDFC", "reportedCurrency": "USD", "cik": "0000105132", "fillingDate": "2022-10-24", "acceptedDate": "2022-10-24 15:32:02", "calendarYear": "2022", "period": "FY", "revenue": 518820000, "costOfRevenue": 264055000, "grossProfit": 254765000, "grossProfitRatio": 0.4910469912, "researchAndDevelopmentExpenses": 5100000, "generalAndAdministrativeExpenses": 138658000, "sellingAndMarketingExpenses": 27343000, "sellingGeneralAndAdministrativeExpenses": 166001000, "otherExpenses": 1434000, "operatingExpenses": 167435000, "costAndExpenses": 431490000, "interestIncome": 102000, "interestExpense": 2742000, "depreciationAndAmortization": 7814000, "ebitda": 95144000, "ebitdaratio": 0.1833853745, "operatingIncome": 87330000, "operatingIncomeRatio": 0.1683242743, "totalOtherIncomeExpensesNet": -3222000, "incomeBeforeTax": 84108000, "incomeBeforeTaxRatio": 0.162114028, "incomeTaxExpense": 16779000, "netIncome": 67329000, "netIncomeRatio": 0.1297733318, "eps": 4.91, "epsdiluted": 4.9, "weightedAverageShsOut": 13668000, "weightedAverageShsOutDil": 13696000, "link": "https://www.sec.gov/Archives/edgar/data/105132/000010513222000038/0000105132-22-000038-index.htm", "finalLink": "https://www.sec.gov/Archives/edgar/data/105132/000010513222000038/wdfc-20220831x10k.htm", "calculatedOtherExpenses": -3666000, "calculatedOperatingExpenses": 167435000, "calculatedNetInterest": -2640000, "calculatedOtherIncome": -582000, "calculatedIncomeNonControlling": 0, "calculatedEbitda": 95144000}, {"date": "2021-08-31", "symbol": "WDFC", "reportedCurrency": "USD", "cik": "0000105132", "fillingDate": "2021-10-22", "acceptedDate": "2021-10-22 17:14:20", "calendarYear": "2021", "period": "FY", "revenue": 488109000, "costOfRevenue": 224370000, "grossProfit": 263739000, "grossProfitRatio": 0.5403280825, "researchAndDevelopmentExpenses": 5600000, "generalAndAdministrativeExpenses": 145493000, "sellingAndMarketingExpenses": 27956000, "sellingGeneralAndAdministrativeExpenses": 173449000, "otherExpenses": 1449000, "operatingExpenses": 174898000, "costAndExpenses": 399268000, "interestIncome": 81000, "interestExpense": 2395000, "depreciationAndAmortization": 7072000, "ebitda": 95913000, "ebitdaratio": 0.1964991426, "operatingIncome": 88841000, "operatingIncomeRatio": 0.1820105755, "totalOtherIncomeExpensesNet": -2342000, "incomeBeforeTax": 86499000, "incomeBeforeTaxRatio": 0.1772124669, "incomeTaxExpense": 16270000, "netIncome": 70229000, "netIncomeRatio": 0.1438797482, "eps": 5.11, "epsdiluted": 5.09, "weightedAverageShsOut": 13698000, "weightedAverageShsOutDil": 13733000, "link": "https://www.sec.gov/Archives/edgar/data/105132/000010513221000028/0000105132-21-000028-index.htm", "finalLink": "https://www.sec.gov/Archives/edgar/data/105132/000010513221000028/wdfc-20210831x10k.htm", "calculatedOtherExpenses": -4151000, "calculatedOperatingExpenses": 174898000, "calculatedNetInterest": -2314000, "calculatedOtherIncome": -28000, "calculatedIncomeNonControlling": 0, "calculatedEbitda": 95913000}, {"date": "2020-08-31", "symbol": "WDFC", "reportedCurrency": "USD", "cik": "0000105132", "fillingDate": "2020-10-21", "acceptedDate": "2020-10-21 16:23:36", "calendarYear": "2020", "period": "FY", "revenue": 408498000, "costOfRevenue": 185481000, "grossProfit": 223017000, "grossProfitRatio": 0.5459439214, "researchAndDevelopmentExpenses": 6000000, "generalAndAdministrativeExpenses": 121980000, "sellingAndMarketingExpenses": 21606000, "sellingGeneralAndAdministrativeExpenses": 143586000, "otherExpenses": 2211000, "operatingExpenses": 145797000, "costAndExpenses": 331278000, "interestIncome": 93000, "interestExpense": 2439000, "depreciationAndAmortization": 8435000, "ebitda": 85655000, "ebitdaratio": 0.2096827891, "operatingIncome": 77220000, "operatingIncomeRatio": 0.1890339732, "totalOtherIncomeExpensesNet": -1705000, "incomeBeforeTax": 75515000, "incomeBeforeTaxRatio": 0.1848601462, "incomeTaxExpense": 14805000, "netIncome": 60710000, "netIncomeRatio": 0.1486176187, "eps": 4.41, "epsdiluted": 4.4, "weightedAverageShsOut": 13691000, "weightedAverageShsOutDil": 13719000, "link": "https://www.sec.gov/Archives/edgar/data/105132/000010513220000046/0000105132-20-000046-index.htm", "finalLink": "https://www.sec.gov/Archives/edgar/data/105132/000010513220000046/wdfc-20200831x10k.htm", "calculatedOtherExpenses": -3789000, "calculatedOperatingExpenses": 145797000, "calculatedNetInterest": -2346000, "calculatedOtherIncome": 641000, "calculatedIncomeNonControlling": 0, "calculatedEbitda": 85655000}, {"date": "2019-08-31", "symbol": "WDFC", "reportedCurrency": "USD", "cik": "0000105132", "fillingDate": "2019-10-22", "acceptedDate": "2019-10-22 16:35:03", "calendarYear": "2019", "period": "FY", "revenue": 423350000, "costOfRevenue": 191010000, "grossProfit": 232340000, "grossProfitRatio": 0.5488130389, "researchAndDevelopmentExpenses": 6500000, "generalAndAdministrativeExpenses": 123946000, "sellingAndMarketingExpenses": 23306000, "sellingGeneralAndAdministrativeExpenses": 147252000, "otherExpenses": 2706000, "operatingExpenses": 149958000, "costAndExpenses": 340968000, "interestIncome": 155000, "interestExpense": 2541000, "depreciationAndAmortization": 8522000, "ebitda": 90904000, "ebitdaratio": 0.2147254045, "operatingIncome": 82382000, "operatingIncomeRatio": 0.1945954884, "totalOtherIncomeExpensesNet": -1612000, "incomeBeforeTax": 80770000, "incomeBeforeTaxRatio": 0.1907877643, "incomeTaxExpense": 24862000, "netIncome": 55908000, "netIncomeRatio": 0.1320609425, "eps": 4.03, "epsdiluted": 4.02, "weightedAverageShsOut": 13799000, "weightedAverageShsOutDil": 13830000, "link": "https://www.sec.gov/Archives/edgar/data/105132/000010513219000050/0000105132-19-000050-index.htm", "finalLink": "https://www.sec.gov/Archives/edgar/data/105132/000010513219000050/wdfc-20190831x10k.htm", "calculatedOtherExpenses": -3794000, "calculatedOperatingExpenses": 149958000, "calculatedNetInterest": -2386000, "calculatedOtherIncome": 774000, "calculatedIncomeNonControlling": 0, "calculatedEbitda": 90904000}, {"date": "2018-08-31", "symbol": "WDFC", "reportedCurrency": "USD", "cik": "0000105132", "fillingDate": "2018-10-22", "acceptedDate": "2018-10-22 16:55:23", "calendarYear": "2018", "period": "FY", "revenue": 408518000, "costOfRevenue": 183255000, "grossProfit": 225263000, "grossProfitRatio": 0.5514151151, "researchAndDevelopmentExpenses": 7000000, "generalAndAdministrativeExpenses": 121394000, "sellingAndMarketingExpenses": 22314000, "sellingGeneralAndAdministrativeExpenses": 143708000, "otherExpenses": 339000, "operatingExpenses": 146659000, "costAndExpenses": 329914000, "interestIncome": 454000, "interestExpense": 4219000, "depreciationAndAmortization": 7800000, "ebitda": 87197000, "ebitdaratio": 0.2134471431, "operatingIncome": 78604000, "operatingIncomeRatio": 0.1924125742, "totalOtherIncomeExpensesNet": 339000, "incomeBeforeTax": 75178000, "incomeBeforeTaxRatio": 0.1840261629, "incomeTaxExpense": 9963000, "netIncome": 65215000, "netIncomeRatio": 0.1596380086, "eps": 4.68, "epsdiluted": 4.67, "weightedAverageShsOut": 13929000, "weightedAverageShsOutDil": 13962000, "link": "https://www.sec.gov/Archives/edgar/data/105132/000010513218000035/0000105132-18-000035-index.htm", "finalLink": "https://www.sec.gov/Archives/edgar/data/105132/000010513218000035/wdfc-20180831x10k.htm", "calculatedOtherExpenses": -4049000, "calculatedOperatingExpenses": 146659000, "calculatedNetInterest": -3765000, "calculatedOtherIncome": 339000, "calculatedIncomeNonControlling": 0, "calculatedEbitda": 86404000}, {"date": "2017-08-31", "symbol": "WDFC", "reportedCurrency": "USD", "cik": "0000105132", "fillingDate": "2017-10-23", "acceptedDate": "2017-10-23 16:38:52", "calendarYear": "2017", "period": "FY", "revenue": 380506000, "costOfRevenue": 166621000, "grossProfit": 213885000, "grossProfitRatio": 0.5621067736, "researchAndDevelopmentExpenses": 8400000, "generalAndAdministrativeExpenses": 114560000, "sellingAndMarketingExpenses": 20537000, "sellingGeneralAndAdministrativeExpenses": 135097000, "otherExpenses": 787000, "operatingExpenses": 137976000, "costAndExpenses": 304597000, "interestIncome": 508000, "interestExpense": 2582000, "depreciationAndAmortization": 6769000, "ebitda": 83973000, "ebitdaratio": 0.2206877158, "operatingIncome": 75909000, "operatingIncomeRatio": 0.1994948831, "totalOtherIncomeExpensesNet": 787000, "incomeBeforeTax": 74622000, "incomeBeforeTaxRatio": 0.1961125449, "incomeTaxExpense": 21692000, "netIncome": 52930000, "netIncomeRatio": 0.1391042454, "eps": 3.73, "epsdiluted": 3.72, "weightedAverageShsOut": 14089000, "weightedAverageShsOutDil": 14123000, "link": "https://www.sec.gov/Archives/edgar/data/105132/000010513217000032/0000105132-17-000032-index.htm", "finalLink": "https://www.sec.gov/Archives/edgar/data/105132/000010513217000032/wdfc-20170831x10k.htm", "calculatedOtherExpenses": -5521000, "calculatedOperatingExpenses": 137976000, "calculatedNetInterest": -2074000, "calculatedOtherIncome": 787000, "calculatedIncomeNonControlling": 0, "calculatedEbitda": 82678000}, {"date": "2016-08-31", "symbol": "WDFC", "reportedCurrency": "USD", "cik": "0000105132", "fillingDate": "2016-10-24", "acceptedDate": "2016-10-24 16:50:10", "calendarYear": "2016", "period": "FY", "revenue": 380670000, "costOfRevenue": 166301000, "grossProfit": 214369000, "grossProfitRatio": 0.5631360496, "researchAndDevelopmentExpenses": 7700000, "generalAndAdministrativeExpenses": 117767000, "sellingAndMarketingExpenses": 22278000, "sellingGeneralAndAdministrativeExpenses": 140045000, "otherExpenses": 2461000, "operatingExpenses": 143021000, "costAndExpenses": 309322000, "interestIncome": 683000, "interestExpense": 1703000, "depreciationAndAmortization": 6465000, "ebitda": 80957000, "ebitdaratio": 0.2126697665, "operatingIncome": 71348000, "operatingIncomeRatio": 0.1874274306, "totalOtherIncomeExpensesNet": 2461000, "incomeBeforeTax": 72789000, "incomeBeforeTaxRatio": 0.1912128615, "incomeTaxExpense": 20161000, "netIncome": 52628000, "netIncomeRatio": 0.1382509785, "eps": 3.65, "epsdiluted": 3.64, "weightedAverageShsOut": 14332000, "weightedAverageShsOutDil": 14379000, "link": "https://www.sec.gov/Archives/edgar/data/105132/000010513216000097/0000105132-16-000097-index.htm", "finalLink": "https://www.sec.gov/Archives/edgar/data/105132/000010513216000097/wdfc-20160831x10k.htm", "calculatedOtherExpenses": -4724000, "calculatedOperatingExpenses": 143021000, "calculatedNetInterest": -1020000, "calculatedOtherIncome": 2461000, "calculatedIncomeNonControlling": 0, "calculatedEbitda": 77813000}, {"date": "2015-08-31", "symbol": "WDFC", "reportedCurrency": "USD", "cik": "0000105132", "fillingDate": "2015-10-22", "acceptedDate": "2015-10-22 15:46:35", "calendarYear": "2015", "period": "FY", "revenue": 378150000, "costOfRevenue": 177972000, "grossProfit": 200178000, "grossProfitRatio": 0.5293613645, "researchAndDevelopmentExpenses": 9000000, "generalAndAdministrativeExpenses": 108873000, "sellingAndMarketingExpenses": 22876000, "sellingGeneralAndAdministrativeExpenses": 131749000, "otherExpenses": -1659000, "operatingExpenses": 134788000, "costAndExpenses": 312760000, "interestIncome": 584000, "interestExpense": 1205000, "depreciationAndAmortization": 6464000, "ebitda": 70779000, "ebitdaratio": 0.1871717572, "operatingIncome": 65390000, "operatingIncomeRatio": 0.1729207986, "totalOtherIncomeExpensesNet": -1659000, "incomeBeforeTax": 63110000, "incomeBeforeTaxRatio": 0.1668914452, "incomeTaxExpense": 18303000, "netIncome": 44807000, "netIncomeRatio": 0.1184900172, "eps": 3.05, "epsdiluted": 3.04, "weightedAverageShsOut": 14582000, "weightedAverageShsOutDil": 14649000, "link": "https://www.sec.gov/Archives/edgar/data/105132/000010513215000037/0000105132-15-000037-index.htm", "finalLink": "https://www.sec.gov/Archives/edgar/data/105132/000010513215000037/wdfc-20150831x10k.htm", "calculatedOtherExpenses": -5961000, "calculatedOperatingExpenses": 134788000, "calculatedNetInterest": -621000, "calculatedOtherIncome": -1659000, "calculatedIncomeNonControlling": 0, "calculatedEbitda": 71854000}, {"date": "2014-08-31", "symbol": "WDFC", "reportedCurrency": "USD", "cik": "0000105132", "fillingDate": "2014-10-21", "acceptedDate": "2014-10-21 17:21:59", "calendarYear": "2014", "period": "FY", "revenue": 382997000, "costOfRevenue": 184144000, "grossProfit": 198853000, "grossProfitRatio": 0.5192025003, "researchAndDevelopmentExpenses": 6900000, "generalAndAdministrativeExpenses": 108577000, "sellingAndMarketingExpenses": 23922000, "sellingGeneralAndAdministrativeExpenses": 132499000, "otherExpenses": -372000, "operatingExpenses": 135116000, "costAndExpenses": 319260000, "interestIncome": 596000, "interestExpense": 1002000, "depreciationAndAmortization": 5860000, "ebitda": 69821000, "ebitdaratio": 0.182301689, "operatingIncome": 63737000, "operatingIncomeRatio": 0.1664164471, "totalOtherIncomeExpensesNet": -372000, "incomeBeforeTax": 62959000, "incomeBeforeTaxRatio": 0.1643850996, "incomeTaxExpense": 19213000, "netIncome": 43746000, "netIncomeRatio": 0.1142202158, "eps": 2.89, "epsdiluted": 2.87, "weightedAverageShsOut": 15072000, "weightedAverageShsOutDil": 15148000, "link": "https://www.sec.gov/Archives/edgar/data/105132/000010513214000025/0000105132-14-000025-index.htm", "finalLink": "https://www.sec.gov/Archives/edgar/data/105132/000010513214000025/wdfc-20140831x10k.htm", "calculatedOtherExpenses": -4283000, "calculatedOperatingExpenses": 135116000, "calculatedNetInterest": -406000, "calculatedOtherIncome": -372000, "calculatedIncomeNonControlling": 0, "calculatedEbitda": 69597000}, {"date": "2013-08-31", "symbol": "WDFC", "reportedCurrency": "USD", "cik": "0000105132", "fillingDate": "2013-10-22", "acceptedDate": "2013-10-22 16:51:10", "calendarYear": "2013", "period": "FY", "revenue": 368548000, "costOfRevenue": 179385000, "grossProfit": 189163000, "grossProfitRatio": 0.5132655719, "researchAndDevelopmentExpenses": 7200000, "generalAndAdministrativeExpenses": 104378000, "sellingAndMarketingExpenses": 24811000, "sellingGeneralAndAdministrativeExpenses": 129189000, "otherExpenses": 417000, "operatingExpenses": 131449000, "costAndExpenses": 310834000, "interestIncome": 506000, "interestExpense": 693000, "depreciationAndAmortization": 5359000, "ebitda": 63996000, "ebitdaratio": 0.1736435959, "operatingIncome": 56637000, "operatingIncomeRatio": 0.1536760476, "totalOtherIncomeExpensesNet": -660000, "incomeBeforeTax": 56867000, "incomeBeforeTaxRatio": 0.1543001183, "incomeTaxExpense": 17054000, "netIncome": 39813000, "netIncomeRatio": 0.1080266343, "eps": 2.55, "epsdiluted": 2.54, "weightedAverageShsOut": 15517000, "weightedAverageShsOutDil": 15619000, "link": "https://www.sec.gov/Archives/edgar/data/105132/000010513213000015/0000105132-13-000015-index.htm", "finalLink": "https://www.sec.gov/Archives/edgar/data/105132/000010513213000015/wdfc-20130831x10k.htm", "calculatedOtherExpenses": -3863000, "calculatedOperatingExpenses": 132526000, "calculatedNetInterest": -187000, "calculatedOtherIncome": 417000, "calculatedIncomeNonControlling": 0, "calculatedEbitda": 61996000}, {"date": "2012-08-31", "symbol": "WDFC", "reportedCurrency": "USD", "cik": "0000105132", "fillingDate": "2012-10-22", "acceptedDate": "2012-10-22 16:56:40", "calendarYear": "2012", "period": "FY", "revenue": 342784000, "costOfRevenue": 174302000, "grossProfit": 168482000, "grossProfitRatio": 0.4915106889, "researchAndDevelopmentExpenses": 0, "generalAndAdministrativeExpenses": 88918000, "sellingAndMarketingExpenses": 25702000, "sellingGeneralAndAdministrativeExpenses": 114620000, "otherExpenses": -348000, "operatingExpenses": 116753000, "costAndExpenses": 291055000, "interestIncome": 261000, "interestExpense": 729000, "depreciationAndAmortization": 4869000, "ebitda": 56511000, "ebitdaratio": 0.1648589199, "operatingIncome": 51729000, "operatingIncomeRatio": 0.1509084438, "totalOtherIncomeExpensesNet": -348000, "incomeBeforeTax": 50913000, "incomeBeforeTaxRatio": 0.148527936, "incomeTaxExpense": 15428000, "netIncome": 35485000, "netIncomeRatio": 0.1035200009, "eps": 2.22, "epsdiluted": 2.2, "weightedAverageShsOut": 15914000, "weightedAverageShsOutDil": 16046000, "link": "https://www.sec.gov/Archives/edgar/data/105132/000119312512430241/0001193125-12-430241-index.htm", "finalLink": "https://www.sec.gov/Archives/edgar/data/105132/000119312512430241/d357289d10k.htm", "calculatedOtherExpenses": 2133000, "calculatedOperatingExpenses": 116753000, "calculatedNetInterest": -468000, "calculatedOtherIncome": -348000, "calculatedIncomeNonControlling": 0, "calculatedEbitda": 56598000}, {"date": "2011-08-31", "symbol": "WDFC", "reportedCurrency": "USD", "cik": "0000105132", "fillingDate": "2011-10-20", "acceptedDate": "2011-10-20 14:30:59", "calendarYear": "2011", "period": "FY", "revenue": 336409000, "costOfRevenue": 168297000, "grossProfit": 168112000, "grossProfitRatio": 0.4997250371, "researchAndDevelopmentExpenses": 0, "generalAndAdministrativeExpenses": 87311000, "sellingAndMarketingExpenses": 25132000, "sellingGeneralAndAdministrativeExpenses": 112443000, "otherExpenses": 1537000, "operatingExpenses": 113980000, "costAndExpenses": 282277000, "interestIncome": 228000, "interestExpense": 1076000, "depreciationAndAmortization": 4386000, "ebitda": 58746000, "ebitdaratio": 0.1746267193, "operatingIncome": 54132000, "operatingIncomeRatio": 0.1609112717, "totalOtherIncomeExpensesNet": 247000, "incomeBeforeTax": 53531000, "incomeBeforeTaxRatio": 0.1591247559, "incomeTaxExpense": 17098000, "netIncome": 36433000, "netIncomeRatio": 0.1082997185, "eps": 2.16, "epsdiluted": 2.14, "weightedAverageShsOut": 16803000, "weightedAverageShsOutDil": 16982000, "link": "https://www.sec.gov/Archives/edgar/data/105132/000119312511275892/0001193125-11-275892-index.htm", "finalLink": "https://www.sec.gov/Archives/edgar/data/105132/000119312511275892/d239552d10k.htm", "calculatedOtherExpenses": 1537000, "calculatedOperatingExpenses": 113980000, "calculatedNetInterest": -848000, "calculatedOtherIncome": 247000, "calculatedIncomeNonControlling": 0, "calculatedEbitda": 58518000}, {"date": "2010-08-31", "symbol": "WDFC", "reportedCurrency": "USD", "cik": "0000105132", "fillingDate": "2010-10-18", "acceptedDate": "2010-10-18 16:21:53", "calendarYear": "2010", "period": "FY", "revenue": 321516000, "costOfRevenue": 156210000, "grossProfit": 165306000, "grossProfitRatio": 0.5141454858, "researchAndDevelopmentExpenses": 0, "generalAndAdministrativeExpenses": 87323000, "sellingAndMarketingExpenses": 22061000, "sellingGeneralAndAdministrativeExpenses": 109384000, "otherExpenses": 724000, "operatingExpenses": 110108000, "costAndExpenses": 266318000, "interestIncome": 174000, "interestExpense": 1726000, "depreciationAndAmortization": 4248000, "ebitda": 59620000, "ebitdaratio": 0.1854340064, "operatingIncome": 55198000, "operatingIncomeRatio": 0.171680414, "totalOtherIncomeExpensesNet": -89000, "incomeBeforeTax": 53557000, "incomeBeforeTaxRatio": 0.166576469, "incomeTaxExpense": 17462000, "netIncome": 36095000, "netIncomeRatio": 0.1122650195, "eps": 2.17, "epsdiluted": 2.15, "weightedAverageShsOut": 16606000, "weightedAverageShsOutDil": 16725000, "link": "https://www.sec.gov/Archives/edgar/data/105132/000119312510230979/0001193125-10-230979-index.htm", "finalLink": "https://www.sec.gov/Archives/edgar/data/105132/000119312510230979/d10k.htm", "calculatedOtherExpenses": 724000, "calculatedOperatingExpenses": 110108000, "calculatedNetInterest": -1552000, "calculatedOtherIncome": -89000, "calculatedIncomeNonControlling": 0, "calculatedEbitda": 59446000}, {"date": "2009-08-31", "symbol": "WDFC", "reportedCurrency": "USD", "cik": "0000105132", "fillingDate": "2009-10-16", "acceptedDate": "2009-10-16 17:16:21", "calendarYear": "2009", "period": "FY", "revenue": 292002000, "costOfRevenue": 147469000, "grossProfit": 144533000, "grossProfitRatio": 0.4949726372, "researchAndDevelopmentExpenses": 0, "generalAndAdministrativeExpenses": 78051000, "sellingAndMarketingExpenses": 19459000, "sellingGeneralAndAdministrativeExpenses": 97510000, "otherExpenses": 468000, "operatingExpenses": 97978000, "costAndExpenses": 245447000, "interestIncome": 428000, "interestExpense": 2064000, "depreciationAndAmortization": 3727000, "ebitda": 50282000, "ebitdaratio": 0.1721974507, "operatingIncome": 39845000, "operatingIncomeRatio": 0.1364545448, "totalOtherIncomeExpensesNet": -6167000, "incomeBeforeTax": 38324000, "incomeBeforeTaxRatio": 0.1312456764, "incomeTaxExpense": 12037000, "netIncome": 26287000, "netIncomeRatio": 0.090023356, "eps": 1.59, "epsdiluted": 1.58, "weightedAverageShsOut": 16503000, "weightedAverageShsOutDil": 16656000, "link": "https://www.sec.gov/Archives/edgar/data/105132/000119312509209188/0001193125-09-209188-index.htm", "finalLink": "https://www.sec.gov/Archives/edgar/data/105132/000119312509209188/d10k.htm", "calculatedOtherExpenses": 7178000, "calculatedOperatingExpenses": 104688000, "calculatedNetInterest": -1636000, "calculatedOtherIncome": 115000, "calculatedIncomeNonControlling": 0, "calculatedEbitda": 43572000}, {"date": "2008-08-31", "symbol": "WDFC", "reportedCurrency": "USD", "cik": "0000105132", "fillingDate": "2008-10-23", "acceptedDate": "2008-10-22 18:08:42", "calendarYear": "2008", "period": "FY", "revenue": 317118000, "costOfRevenue": 168848000, "grossProfit": 148270000, "grossProfitRatio": 0.4675546642, "researchAndDevelopmentExpenses": 0, "generalAndAdministrativeExpenses": 83800000, "sellingAndMarketingExpenses": 19837000, "sellingGeneralAndAdministrativeExpenses": 103637000, "otherExpenses": 1937000, "operatingExpenses": 105574000, "costAndExpenses": 274422000, "interestIncome": 0, "interestExpense": -1679000, "depreciationAndAmortization": 3827000, "ebitda": 46881000, "ebitdaratio": 0.14783456, "operatingIncome": 42696000, "operatingIncomeRatio": 0.1346375797, "totalOtherIncomeExpensesNet": -358000, "incomeBeforeTax": 41999000, "incomeBeforeTaxRatio": 0.1324396597, "incomeTaxExpense": 14377000, "netIncome": 27622000, "netIncomeRatio": 0.0871032234, "eps": 1.66, "epsdiluted": 1.64, "weightedAverageShsOut": 16637740, "weightedAverageShsOutDil": 16815361, "link": "https://www.sec.gov/Archives/edgar/data/105132/000119312508214535/0001193125-08-214535-index.htm", "finalLink": "https://www.sec.gov/Archives/edgar/data/105132/000119312508214535/d10k.htm", "calculatedOtherExpenses": 1937000, "calculatedOperatingExpenses": 105574000, "calculatedNetInterest": 1679000, "calculatedOtherIncome": -2376000, "calculatedIncomeNonControlling": 0, "calculatedEbitda": 46523000}, {"date": "2007-08-31", "symbol": "WDFC", "reportedCurrency": "USD", "cik": "0000105132", "fillingDate": "2007-10-25", "acceptedDate": "2007-10-25 16:17:16", "calendarYear": "2007", "period": "FY", "revenue": 307816000, "costOfRevenue": 158954000, "grossProfit": 148862000, "grossProfitRatio": 0.4836070899, "researchAndDevelopmentExpenses": 0, "generalAndAdministrativeExpenses": 78520000, "sellingAndMarketingExpenses": 20743000, "sellingGeneralAndAdministrativeExpenses": 99263000, "otherExpenses": 583000, "operatingExpenses": 99846000, "costAndExpenses": 258800000, "interestIncome": 0, "interestExpense": 0, "depreciationAndAmortization": 3649000, "ebitda": 52488000, "ebitdaratio": 0.170517452, "operatingIncome": 49016000, "operatingIncomeRatio": 0.1592379863, "totalOtherIncomeExpensesNet": 177000, "incomeBeforeTax": 47175000, "incomeBeforeTaxRatio": 0.1532571406, "incomeTaxExpense": 15641000, "netIncome": 31534000, "netIncomeRatio": 0.1024443174, "eps": 1.85, "epsdiluted": 1.83, "weightedAverageShsOut": 17077870, "weightedAverageShsOutDil": 17271242, "link": "https://www.sec.gov/Archives/edgar/data/105132/000119312507225867/0001193125-07-225867-index.htm", "finalLink": "https://www.sec.gov/Archives/edgar/data/105132/000119312507225867/d10k.htm", "calculatedOtherExpenses": 583000, "calculatedOperatingExpenses": 99846000, "calculatedNetInterest": 0, "calculatedOtherIncome": -1841000, "calculatedIncomeNonControlling": 0, "calculatedEbitda": 52665000}, {"date": "2006-08-31", "symbol": "WDFC", "reportedCurrency": "USD", "cik": "0000105132", "fillingDate": "2006-10-25", "acceptedDate": "2006-10-25 16:22:43", "calendarYear": "2006", "period": "FY", "revenue": 286916000, "costOfRevenue": 148516000, "grossProfit": 138400000, "grossProfitRatio": 0.482371147, "researchAndDevelopmentExpenses": 0, "generalAndAdministrativeExpenses": 71767000, "sellingAndMarketingExpenses": 20079000, "sellingGeneralAndAdministrativeExpenses": 91846000, "otherExpenses": 532000, "operatingExpenses": 92378000, "costAndExpenses": 240894000, "interestIncome": 0, "interestExpense": -3164000, "depreciationAndAmortization": 3467000, "ebitda": 49150000, "ebitdaratio": 0.1713044933, "operatingIncome": 46022000, "operatingIncomeRatio": 0.1604023477, "totalOtherIncomeExpensesNet": 339000, "incomeBeforeTax": 42858000, "incomeBeforeTaxRatio": 0.1493747299, "incomeTaxExpense": 14746000, "netIncome": 28112000, "netIncomeRatio": 0.0979798966, "eps": 1.67, "epsdiluted": 1.66, "weightedAverageShsOut": 16784473, "weightedAverageShsOutDil": 16912355, "link": "https://www.sec.gov/Archives/edgar/data/105132/000119312506214744/0001193125-06-214744-index.htm", "finalLink": "https://www.sec.gov/Archives/edgar/data/105132/000119312506214744/d10k.htm", "calculatedOtherExpenses": 532000, "calculatedOperatingExpenses": 92378000, "calculatedNetInterest": 3164000, "calculatedOtherIncome": -6328000, "calculatedIncomeNonControlling": 0, "calculatedEbitda": 49489000}, {"date": "2005-08-31", "symbol": "WDFC", "reportedCurrency": "USD", "cik": "0000105132", "fillingDate": "2005-11-08", "acceptedDate": "2005-11-07 21:48:23", "calendarYear": "2005", "period": "FY", "revenue": 263227000, "costOfRevenue": 133833000, "grossProfit": 129394000, "grossProfitRatio": 0.4915681142, "researchAndDevelopmentExpenses": 0, "generalAndAdministrativeExpenses": 63529000, "sellingAndMarketingExpenses": 17893000, "sellingGeneralAndAdministrativeExpenses": 81422000, "otherExpenses": 552000, "operatingExpenses": 81974000, "costAndExpenses": 215807000, "interestIncome": 0, "interestExpense": -4555000, "depreciationAndAmortization": 3007000, "ebitda": 49849000, "ebitdaratio": 0.1893764697, "operatingIncome": 47420000, "operatingIncomeRatio": 0.180148693, "totalOtherIncomeExpensesNet": 578000, "incomeBeforeTax": 42865000, "incomeBeforeTaxRatio": 0.1628442371, "incomeTaxExpense": 15067000, "netIncome": 27798000, "netIncomeRatio": 0.1056046682, "eps": 1.67, "epsdiluted": 1.65, "weightedAverageShsOut": 16629057, "weightedAverageShsOutDil": 16807399, "link": "https://www.sec.gov/Archives/edgar/data/105132/000119312505218608/0001193125-05-218608-index.htm", "finalLink": "https://www.sec.gov/Archives/edgar/data/105132/000119312505218608/d10k.htm", "calculatedOtherExpenses": 552000, "calculatedOperatingExpenses": 81974000, "calculatedNetInterest": 4555000, "calculatedOtherIncome": -9110000, "calculatedIncomeNonControlling": 0, "calculatedEbitda": 50427000}, {"date": "2004-08-31", "symbol": "WDFC", "reportedCurrency": "USD", "cik": "0000105132", "fillingDate": "2004-10-28", "acceptedDate": "2004-10-27 20:14:31", "calendarYear": "2004", "period": "FY", "revenue": 242467000, "costOfRevenue": 116944000, "grossProfit": 125523000, "grossProfitRatio": 0.5176910672, "researchAndDevelopmentExpenses": 0, "generalAndAdministrativeExpenses": 58311000, "sellingAndMarketingExpenses": 21539000, "sellingGeneralAndAdministrativeExpenses": 79850000, "otherExpenses": 224000, "operatingExpenses": 80074000, "costAndExpenses": 197018000, "interestIncome": 0, "interestExpense": -6596000000, "depreciationAndAmortization": 2369000, "ebitda": 48027000, "ebitdaratio": 0.1980764393, "operatingIncome": 45449000, "operatingIncomeRatio": 0.1874440646, "totalOtherIncomeExpensesNet": -209000, "incomeBeforeTax": 38853000, "incomeBeforeTaxRatio": 0.1602403626, "incomeTaxExpense": 13210000, "netIncome": 25643000, "netIncomeRatio": 0.1057587218, "eps": 1.52, "epsdiluted": 1.5, "weightedAverageShsOut": 16905587, "weightedAverageShsOutDil": 17118829, "link": "https://www.sec.gov/Archives/edgar/data/105132/000119312504179631/0001193125-04-179631-index.htm", "finalLink": "https://www.sec.gov/Archives/edgar/data/105132/000119312504179631/d10k.htm", "calculatedOtherExpenses": 224000, "calculatedOperatingExpenses": 80074000, "calculatedNetInterest": 6596000000, "calculatedOtherIncome": -6602596000, "calculatedIncomeNonControlling": 0, "calculatedEbitda": 47818000}, {"date": "2003-08-31", "symbol": "WDFC", "reportedCurrency": "USD", "cik": "0000105132", "fillingDate": "2003-10-31", "acceptedDate": "2003-10-31 17:29:47", "calendarYear": "2003", "period": "FY", "revenue": 238140000, "costOfRevenue": 115928000, "grossProfit": 122212000, "grossProfitRatio": 0.5131939195, "researchAndDevelopmentExpenses": 0, "generalAndAdministrativeExpenses": 54061000, "sellingAndMarketingExpenses": 17449000, "sellingGeneralAndAdministrativeExpenses": 71510000, "otherExpenses": 950000, "operatingExpenses": 72460000, "costAndExpenses": 188388000, "interestIncome": 0, "interestExpense": -6555000, "depreciationAndAmortization": 1827000, "ebitda": 52075000, "ebitdaratio": 0.2186738893, "operatingIncome": 49752000, "operatingIncomeRatio": 0.2089191232, "totalOtherIncomeExpensesNet": -496000, "incomeBeforeTax": 43395000, "incomeBeforeTaxRatio": 0.1822247417, "incomeTaxExpense": 14754000, "netIncome": 28641000, "netIncomeRatio": 0.1202695893, "eps": 1.73, "epsdiluted": 1.71, "weightedAverageShsOut": 16581247, "weightedAverageShsOutDil": 16758775, "link": "https://www.sec.gov/Archives/edgar/data/105132/000119312503071011/0001193125-03-071011-index.htm", "finalLink": "https://www.sec.gov/Archives/edgar/data/105132/000119312503071011/d10k.htm", "calculatedOtherExpenses": 950000, "calculatedOperatingExpenses": 72460000, "calculatedNetInterest": 6555000, "calculatedOtherIncome": -12912000, "calculatedIncomeNonControlling": 0, "calculatedEbitda": 51579000}, {"date": "2002-08-31", "symbol": "WDFC", "reportedCurrency": "USD", "cik": "0000105132", "fillingDate": "2002-11-08", "acceptedDate": "2002-11-08 16:45:56", "calendarYear": "2002", "period": "FY", "revenue": 216764000, "costOfRevenue": 108153000, "grossProfit": 108611000, "grossProfitRatio": 0.5010564485, "researchAndDevelopmentExpenses": 0, "generalAndAdministrativeExpenses": 50718000, "sellingAndMarketingExpenses": 15242000, "sellingGeneralAndAdministrativeExpenses": 65960000, "otherExpenses": 285000, "operatingExpenses": 66245000, "costAndExpenses": 174398000, "interestIncome": 0, "interestExpense": -5523000, "depreciationAndAmortization": 1824000, "ebitda": 43922000, "ebitdaratio": 0.2026258973, "operatingIncome": 42366000, "operatingIncomeRatio": 0.1954475835, "totalOtherIncomeExpensesNet": 268000, "incomeBeforeTax": 36843000, "incomeBeforeTaxRatio": 0.1699682604, "incomeTaxExpense": 11475000, "netIncome": 24676000, "netIncomeRatio": 0.1138380912, "eps": 1.54, "epsdiluted": 1.53, "weightedAverageShsOut": 15978961, "weightedAverageShsOutDil": 16154984, "link": "https://www.sec.gov/Archives/edgar/data/105132/000091205702041599/0000912057-02-041599-index.htm", "finalLink": "https://www.sec.gov/Archives/edgar/data/105132/000091205702041599/a2092843z10-k.htm", "calculatedOtherExpenses": 285000, "calculatedOperatingExpenses": 66245000, "calculatedNetInterest": 5523000, "calculatedOtherIncome": -11046000, "calculatedIncomeNonControlling": 692000, "calculatedEbitda": 44190000}, {"date": "2001-08-31", "symbol": "WDFC", "reportedCurrency": "USD", "cik": "0000105132", "fillingDate": "2001-11-07", "acceptedDate": "2001-11-07 00:00:00", "calendarYear": "2001", "period": "FY", "revenue": 174576000, "costOfRevenue": 79547000, "grossProfit": 95029000, "grossProfitRatio": 0.5443417194, "researchAndDevelopmentExpenses": 0, "generalAndAdministrativeExpenses": 36733000, "sellingAndMarketingExpenses": 26249000, "sellingGeneralAndAdministrativeExpenses": 62982000, "otherExpenses": 3958000, "operatingExpenses": 66940000, "costAndExpenses": 146487000, "interestIncome": 0, "interestExpense": 0, "depreciationAndAmortization": 5320000, "ebitda": 33273000, "ebitdaratio": 0.1905932087, "operatingIncome": 28089000, "operatingIncomeRatio": 0.1608984053, "totalOtherIncomeExpensesNet": 136000, "incomeBeforeTax": 25581000, "incomeBeforeTaxRatio": 0.1465321694, "incomeTaxExpense": 8698000, "netIncome": 15903000, "netIncomeRatio": 0.0910949959, "eps": 1.02, "epsdiluted": 1.02, "weightedAverageShsOut": 15532285, "weightedAverageShsOutDil": 15542837, "link": "https://www.sec.gov/Archives/edgar/data/105132/000091205701537893/0000912057-01-537893-index.htm", "finalLink": "https://www.sec.gov/Archives/edgar/data/105132/000091205701537893/a2062413z10-k405.htm", "calculatedOtherExpenses": 3958000, "calculatedOperatingExpenses": 66940000, "calculatedNetInterest": 0, "calculatedOtherIncome": -2508000, "calculatedIncomeNonControlling": 980000, "calculatedEbitda": 33409000}, {"date": "2000-08-31", "symbol": "WDFC", "reportedCurrency": "USD", "cik": "0000105132", "fillingDate": "2000-10-25", "acceptedDate": "2000-10-25 00:00:00", "calendarYear": "2000", "period": "FY", "revenue": 152698000, "costOfRevenue": 68395000, "grossProfit": 84303000, "grossProfitRatio": 0.5520897458, "researchAndDevelopmentExpenses": 0, "generalAndAdministrativeExpenses": 0, "sellingAndMarketingExpenses": 0, "sellingGeneralAndAdministrativeExpenses": 49271000, "otherExpenses": 3409000, "operatingExpenses": 52680000, "costAndExpenses": 121075000, "interestIncome": 0, "interestExpense": 0, "depreciationAndAmortization": 3409000, "ebitda": 34865000, "ebitdaratio": 0.2283265007, "operatingIncome": 31623000, "operatingIncomeRatio": 0.2070950504, "totalOtherIncomeExpensesNet": 167000, "incomeBeforeTax": 31128000, "incomeBeforeTaxRatio": 0.2038533576, "incomeTaxExpense": 10570000, "netIncome": 20558000, "netIncomeRatio": 0.1346317568, "eps": 1.33, "epsdiluted": 1.33, "weightedAverageShsOut": 15457143, "weightedAverageShsOutDil": 15457143, "link": "https://www.sec.gov/Archives/edgar/data/105132/000091205700045873/0000912057-00-045873-index.htm", "finalLink": "https://www.sec.gov/Archives/edgar/data/105132/000091205700045873/a2028373z10-k405.txt", "calculatedOtherExpenses": 3409000, "calculatedOperatingExpenses": 52680000, "calculatedNetInterest": 0, "calculatedOtherIncome": -495000, "calculatedIncomeNonControlling": 0, "calculatedEbitda": 35032000}, {"date": "1999-08-31", "symbol": "WDFC", "reportedCurrency": "USD", "cik": "0000105132", "fillingDate": "1999-11-23", "acceptedDate": "1999-11-23 00:00:00", "calendarYear": "1999", "period": "FY", "revenue": 146300000, "costOfRevenue": 63700000, "grossProfit": 82600000, "grossProfitRatio": 0.5645933014, "researchAndDevelopmentExpenses": 0, "generalAndAdministrativeExpenses": 0, "sellingAndMarketingExpenses": 0, "sellingGeneralAndAdministrativeExpenses": 46400000, "otherExpenses": 2400000, "operatingExpenses": 48800000, "costAndExpenses": 112500000, "interestIncome": 0, "interestExpense": 0, "depreciationAndAmortization": 2400000, "ebitda": 36000000, "ebitdaratio": 0.2460697198, "operatingIncome": 33800000, "operatingIncomeRatio": 0.2310321258, "totalOtherIncomeExpensesNet": 200000, "incomeBeforeTax": 34200000, "incomeBeforeTaxRatio": 0.2337662338, "incomeTaxExpense": 12100000, "netIncome": 22100000, "netIncomeRatio": 0.1510594668, "eps": 1.41, "epsdiluted": 1.41, "weightedAverageShsOut": 15599501, "weightedAverageShsOutDil": 15652004, "link": "https://www.sec.gov/Archives/edgar/data/105132/000091205799007231/0000912057-99-007231-index.html", "finalLink": "https://www.sec.gov/Archives/edgar/data/105132/000091205799007231/", "calculatedOtherExpenses": 2400000, "calculatedOperatingExpenses": 48800000, "calculatedNetInterest": 0, "calculatedOtherIncome": 400000, "calculatedIncomeNonControlling": 0, "calculatedEbitda": 36200000}, {"date": "1998-08-31", "symbol": "WDFC", "reportedCurrency": "USD", "cik": "0000105132", "fillingDate": "1998-11-23", "acceptedDate": "1998-11-23 00:00:00", "calendarYear": "1998", "period": "FY", "revenue": 144400000, "costOfRevenue": 62200000, "grossProfit": 82200000, "grossProfitRatio": 0.5692520776, "researchAndDevelopmentExpenses": 0, "generalAndAdministrativeExpenses": 0, "sellingAndMarketingExpenses": 0, "sellingGeneralAndAdministrativeExpenses": 45900000, "otherExpenses": 2200000, "operatingExpenses": 48100000, "costAndExpenses": 110300000, "interestIncome": 0, "interestExpense": 0, "depreciationAndAmortization": 2200000, "ebitda": 36200000, "ebitdaratio": 0.2506925208, "operatingIncome": 34100000, "operatingIncomeRatio": 0.2361495845, "totalOtherIncomeExpensesNet": 100000, "incomeBeforeTax": 34300000, "incomeBeforeTaxRatio": 0.237534626, "incomeTaxExpense": 12400000, "netIncome": 21900000, "netIncomeRatio": 0.1516620499, "eps": 1.4, "epsdiluted": 1.4, "weightedAverageShsOut": 15604160, "weightedAverageShsOutDil": 15664119, "link": "https://www.sec.gov/Archives/edgar/data/105132/000104746998041980/0001047469-98-041980-index.html", "finalLink": "https://www.sec.gov/Archives/edgar/data/105132/", "calculatedOtherExpenses": 2200000, "calculatedOperatingExpenses": 48100000, "calculatedNetInterest": 0, "calculatedOtherIncome": 200000, "calculatedIncomeNonControlling": 0, "calculatedEbitda": 36300000}, {"date": "1997-08-31", "symbol": "WDFC", "reportedCurrency": "USD", "cik": "0000105132", "fillingDate": "1997-11-28", "acceptedDate": "1997-11-28 00:00:00", "calendarYear": "1997", "period": "FY", "revenue": 137900000, "costOfRevenue": 58400000, "grossProfit": 79500000, "grossProfitRatio": 0.5765047136, "researchAndDevelopmentExpenses": 0, "generalAndAdministrativeExpenses": 0, "sellingAndMarketingExpenses": 0, "sellingGeneralAndAdministrativeExpenses": 42600000, "otherExpenses": 2200000, "operatingExpenses": 44800000, "costAndExpenses": 103200000, "interestIncome": 0, "interestExpense": 0, "depreciationAndAmortization": 2200000, "ebitda": 38100000, "ebitdaratio": 0.2762871646, "operatingIncome": 34700000, "operatingIncomeRatio": 0.2516316171, "totalOtherIncomeExpensesNet": -1200000, "incomeBeforeTax": 33400000, "incomeBeforeTaxRatio": 0.242204496, "incomeTaxExpense": 12000000, "netIncome": 21400000, "netIncomeRatio": 0.1551849166, "eps": 1.38, "epsdiluted": 1.38, "weightedAverageShsOut": 15512140, "weightedAverageShsOutDil": 15588235, "link": "https://www.sec.gov/Archives/edgar/data/105132/000101706297002143/0001017062-97-002143-index.html", "finalLink": "https://www.sec.gov/Archives/edgar/data/105132/", "calculatedOtherExpenses": 2200000, "calculatedOperatingExpenses": 44800000, "calculatedNetInterest": 0, "calculatedOtherIncome": -1300000, "calculatedIncomeNonControlling": 0, "calculatedEbitda": 36900000}, {"date": "1996-08-31", "symbol": "WDFC", "reportedCurrency": "USD", "cik": "0000105132", "fillingDate": "1996-11-26", "acceptedDate": "1996-11-26 00:00:00", "calendarYear": "1996", "period": "FY", "revenue": 130900000, "costOfRevenue": 57200000, "grossProfit": 73700000, "grossProfitRatio": 0.5630252101, "researchAndDevelopmentExpenses": 0, "generalAndAdministrativeExpenses": 0, "sellingAndMarketingExpenses": 0, "sellingGeneralAndAdministrativeExpenses": 39200000, "otherExpenses": 1800000, "operatingExpenses": 41000000, "costAndExpenses": 98200000, "interestIncome": 0, "interestExpense": 0, "depreciationAndAmortization": 1800000, "ebitda": 33800000, "ebitdaratio": 0.2582123759, "operatingIncome": 32700000, "operatingIncomeRatio": 0.2498090145, "totalOtherIncomeExpensesNet": 700000, "incomeBeforeTax": 33400000, "incomeBeforeTaxRatio": 0.2551566081, "incomeTaxExpense": 12100000, "netIncome": 21300000, "netIncomeRatio": 0.1627196333, "eps": 1.38, "epsdiluted": 1.38, "weightedAverageShsOut": 15423728, "weightedAverageShsOutDil": 15428571, "link": "https://www.sec.gov/Archives/edgar/data/105132/000101706296000626/0001017062-96-000626-index.html", "finalLink": "https://www.sec.gov/Archives/edgar/data/105132/", "calculatedOtherExpenses": 1800000, "calculatedOperatingExpenses": 41000000, "calculatedNetInterest": 0, "calculatedOtherIncome": 700000, "calculatedIncomeNonControlling": 0, "calculatedEbitda": 34500000}, {"date": "1995-08-31", "symbol": "WDFC", "reportedCurrency": "USD", "cik": "0000105132", "fillingDate": "1995-11-13", "acceptedDate": "1995-11-13 00:00:00", "calendarYear": "1995", "period": "FY", "revenue": 116800000, "costOfRevenue": 49200000, "grossProfit": 67600000, "grossProfitRatio": 0.5787671233, "researchAndDevelopmentExpenses": 0, "generalAndAdministrativeExpenses": 0, "sellingAndMarketingExpenses": 0, "sellingGeneralAndAdministrativeExpenses": 35100000, "otherExpenses": 1000000, "operatingExpenses": 36100000, "costAndExpenses": 85300000, "interestIncome": 0, "interestExpense": 0, "depreciationAndAmortization": 1000000, "ebitda": 31300000, "ebitdaratio": 0.2679794521, "operatingIncome": 31500000, "operatingIncomeRatio": 0.2696917808, "totalOtherIncomeExpensesNet": 1200000, "incomeBeforeTax": 32700000, "incomeBeforeTaxRatio": 0.2799657534, "incomeTaxExpense": 12200000, "netIncome": 20500000, "netIncomeRatio": 0.1755136986, "eps": 1.33, "epsdiluted": 1.33, "weightedAverageShsOut": 15400478, "weightedAverageShsOutDil": 15400478, "link": "https://www.sec.gov/Archives/edgar/data/105132/000089843095002264/0000898430-95-002264-index.html", "finalLink": "https://www.sec.gov/Archives/edgar/data/105132/", "calculatedOtherExpenses": 1000000, "calculatedOperatingExpenses": 36100000, "calculatedNetInterest": 0, "calculatedOtherIncome": 1200000, "calculatedIncomeNonControlling": 0, "calculatedEbitda": 32500000}, {"date": "1994-08-31", "symbol": "WDFC", "reportedCurrency": "USD", "cik": "0000105132", "fillingDate": "1994-08-31", "acceptedDate": "1994-08-30 20:00:00", "calendarYear": "1994", "period": "FY", "revenue": 112200000, "costOfRevenue": 46200000, "grossProfit": 66000000, "grossProfitRatio": 0.5882352941, "researchAndDevelopmentExpenses": 0, "generalAndAdministrativeExpenses": 0, "sellingAndMarketingExpenses": 0, "sellingGeneralAndAdministrativeExpenses": 32800000, "otherExpenses": 800000, "operatingExpenses": 33600000, "costAndExpenses": 79800000, "interestIncome": 0, "interestExpense": 0, "depreciationAndAmortization": 800000, "ebitda": 45100000, "ebitdaratio": 0.4019607843, "operatingIncome": 32400000, "operatingIncomeRatio": 0.2887700535, "totalOtherIncomeExpensesNet": -11900000, "incomeBeforeTax": 20500000, "incomeBeforeTaxRatio": 0.1827094474, "incomeTaxExpense": 7800000, "netIncome": 12700000, "netIncomeRatio": 0.1131907308, "eps": 0.83, "epsdiluted": 0.83, "weightedAverageShsOut": 15301205, "weightedAverageShsOutDil": 15301205, "link": "", "finalLink": "", "calculatedOtherExpenses": 800000, "calculatedOperatingExpenses": 33600000, "calculatedNetInterest": 0, "calculatedOtherIncome": -11900000, "calculatedIncomeNonControlling": 0, "calculatedEbitda": 33200000}, {"date": "1993-08-31", "symbol": "WDFC", "reportedCurrency": "USD", "cik": "0000105132", "fillingDate": "1993-08-31", "acceptedDate": "1993-08-30 20:00:00", "calendarYear": "1993", "period": "FY", "revenue": 109000000, "costOfRevenue": 44100000, "grossProfit": 64900000, "grossProfitRatio": 0.595412844, "researchAndDevelopmentExpenses": 0, "generalAndAdministrativeExpenses": 0, "sellingAndMarketingExpenses": 0, "sellingGeneralAndAdministrativeExpenses": 31200000, "otherExpenses": 600000, "operatingExpenses": 31800000, "costAndExpenses": 75900000, "interestIncome": 0, "interestExpense": 0, "depreciationAndAmortization": 600000, "ebitda": 35000000, "ebitdaratio": 0.3211009174, "operatingIncome": 33100000, "operatingIncomeRatio": 0.3036697248, "totalOtherIncomeExpensesNet": -1300000, "incomeBeforeTax": 31700000, "incomeBeforeTaxRatio": 0.2908256881, "incomeTaxExpense": 12400000, "netIncome": 19300000, "netIncomeRatio": 0.1770642202, "eps": 1.26, "epsdiluted": 1.26, "weightedAverageShsOut": 15317460, "weightedAverageShsOutDil": 15317460, "link": "", "finalLink": "", "calculatedOtherExpenses": 600000, "calculatedOperatingExpenses": 31800000, "calculatedNetInterest": 0, "calculatedOtherIncome": -1400000, "calculatedIncomeNonControlling": 0, "calculatedEbitda": 33700000}, {"date": "1992-08-31", "symbol": "WDFC", "reportedCurrency": "USD", "cik": "0000105132", "fillingDate": "1992-08-31", "acceptedDate": "1992-08-30 20:00:00", "calendarYear": "1992", "period": "FY", "revenue": 100000000, "costOfRevenue": 41600000, "grossProfit": 58400000, "grossProfitRatio": 0.584, "researchAndDevelopmentExpenses": 0, "generalAndAdministrativeExpenses": 0, "sellingAndMarketingExpenses": 0, "sellingGeneralAndAdministrativeExpenses": 29500000, "otherExpenses": 600000, "operatingExpenses": 30100000, "costAndExpenses": 71700000, "interestIncome": 0, "interestExpense": 0, "depreciationAndAmortization": 600000, "ebitda": 27600000, "ebitdaratio": 0.276, "operatingIncome": 28300000, "operatingIncomeRatio": 0.283, "totalOtherIncomeExpensesNet": 1300000, "incomeBeforeTax": 29500000, "incomeBeforeTaxRatio": 0.295, "incomeTaxExpense": 11400000, "netIncome": 18100000, "netIncomeRatio": 0.181, "eps": 1.19, "epsdiluted": 1.19, "weightedAverageShsOut": 15210084, "weightedAverageShsOutDil": 15210084, "link": "", "finalLink": "", "calculatedOtherExpenses": 600000, "calculatedOperatingExpenses": 30100000, "calculatedNetInterest": 0, "calculatedOtherIncome": 1200000, "calculatedIncomeNonControlling": 0, "calculatedEbitda": 28900000}, {"date": "1991-08-31", "symbol": "WDFC", "reportedCurrency": "USD", "cik": "0000105132", "fillingDate": "1991-08-31", "acceptedDate": "1991-08-30 20:00:00", "calendarYear": "1991", "period": "FY", "revenue": 89800000, "costOfRevenue": 39400000, "grossProfit": 50400000, "grossProfitRatio": 0.561247216, "researchAndDevelopmentExpenses": 0, "generalAndAdministrativeExpenses": 0, "sellingAndMarketingExpenses": 0, "sellingGeneralAndAdministrativeExpenses": 26300000, "otherExpenses": 500000, "operatingExpenses": 26800000, "costAndExpenses": 66200000, "interestIncome": 0, "interestExpense": 0, "depreciationAndAmortization": 500000, "ebitda": 22700000, "ebitdaratio": 0.2527839644, "operatingIncome": 23600000, "operatingIncomeRatio": 0.2628062361, "totalOtherIncomeExpensesNet": 1400000, "incomeBeforeTax": 25100000, "incomeBeforeTaxRatio": 0.2795100223, "incomeTaxExpense": 9800000, "netIncome": 15300000, "netIncomeRatio": 0.1703786192, "eps": 1.01, "epsdiluted": 1.01, "weightedAverageShsOut": 15148515, "weightedAverageShsOutDil": 15148515, "link": "", "finalLink": "", "calculatedOtherExpenses": 500000, "calculatedOperatingExpenses": 26800000, "calculatedNetInterest": 0, "calculatedOtherIncome": 1500000, "calculatedIncomeNonControlling": 0, "calculatedEbitda": 24100000}, {"date": "1990-08-31", "symbol": "WDFC", "reportedCurrency": "USD", "cik": "0000105132", "fillingDate": "1990-08-31", "acceptedDate": "1990-08-30 20:00:00", "calendarYear": "1990", "period": "FY", "revenue": 91000000, "costOfRevenue": 40000000, "grossProfit": 51000000, "grossProfitRatio": 0.5604395604, "researchAndDevelopmentExpenses": 0, "generalAndAdministrativeExpenses": 0, "sellingAndMarketingExpenses": 0, "sellingGeneralAndAdministrativeExpenses": 27300000, "otherExpenses": 500000, "operatingExpenses": 27800000, "costAndExpenses": 67800000, "interestIncome": 0, "interestExpense": 0, "depreciationAndAmortization": 500000, "ebitda": 21800000, "ebitdaratio": 0.2395604396, "operatingIncome": 23200000, "operatingIncomeRatio": 0.2549450549, "totalOtherIncomeExpensesNet": 1900000, "incomeBeforeTax": 25200000, "incomeBeforeTaxRatio": 0.2769230769, "incomeTaxExpense": 9700000, "netIncome": 15500000, "netIncomeRatio": 0.1703296703, "eps": 1.03, "epsdiluted": 1.03, "weightedAverageShsOut": 15048544, "weightedAverageShsOutDil": 15048544, "link": "", "finalLink": "", "calculatedOtherExpenses": 500000, "calculatedOperatingExpenses": 27800000, "calculatedNetInterest": 0, "calculatedOtherIncome": 2000000, "calculatedIncomeNonControlling": 0, "calculatedEbitda": 23700000}, {"date": "1989-08-31", "symbol": "WDFC", "reportedCurrency": "USD", "cik": "0000105132", "fillingDate": "1989-08-31", "acceptedDate": "1989-08-30 20:00:00", "calendarYear": "1989", "period": "FY", "revenue": 83900000, "costOfRevenue": 35900000, "grossProfit": 48000000, "grossProfitRatio": 0.5721096544, "researchAndDevelopmentExpenses": 0, "generalAndAdministrativeExpenses": 0, "sellingAndMarketingExpenses": 0, "sellingGeneralAndAdministrativeExpenses": 23700000, "otherExpenses": 400000, "operatingExpenses": 24100000, "costAndExpenses": 60000000, "interestIncome": 0, "interestExpense": 0, "depreciationAndAmortization": 400000, "ebitda": 22200000, "ebitdaratio": 0.2646007151, "operatingIncome": 23900000, "operatingIncomeRatio": 0.2848629321, "totalOtherIncomeExpensesNet": 2100000, "incomeBeforeTax": 26000000, "incomeBeforeTaxRatio": 0.3098927294, "incomeTaxExpense": 10200000, "netIncome": 15800000, "netIncomeRatio": 0.1883194279, "eps": 1.04, "epsdiluted": 1.04, "weightedAverageShsOut": 15192308, "weightedAverageShsOutDil": 15192308, "link": "", "finalLink": "", "calculatedOtherExpenses": 400000, "calculatedOperatingExpenses": 24100000, "calculatedNetInterest": 0, "calculatedOtherIncome": 2100000, "calculatedIncomeNonControlling": 0, "calculatedEbitda": 24300000}, {"date": "1988-08-31", "symbol": "WDFC", "reportedCurrency": "USD", "cik": "0000105132", "fillingDate": "1988-08-31", "acceptedDate": "1988-08-30 20:00:00", "calendarYear": "1988", "period": "FY", "revenue": 80000000, "costOfRevenue": 33700000, "grossProfit": 46300000, "grossProfitRatio": 0.57875, "researchAndDevelopmentExpenses": 0, "generalAndAdministrativeExpenses": 0, "sellingAndMarketingExpenses": 0, "sellingGeneralAndAdministrativeExpenses": 21900000, "otherExpenses": 200000, "operatingExpenses": 22100000, "costAndExpenses": 55800000, "interestIncome": 0, "interestExpense": 0, "depreciationAndAmortization": 200000, "ebitda": 23200000, "ebitdaratio": 0.29, "operatingIncome": 24200000, "operatingIncomeRatio": 0.3025, "totalOtherIncomeExpensesNet": 1200000, "incomeBeforeTax": 25400000, "incomeBeforeTaxRatio": 0.3175, "incomeTaxExpense": 9900000, "netIncome": 15500000, "netIncomeRatio": 0.19375, "eps": 1.03, "epsdiluted": 1.03, "weightedAverageShsOut": 15048544, "weightedAverageShsOutDil": 15048544, "link": "", "finalLink": "", "calculatedOtherExpenses": 200000, "calculatedOperatingExpenses": 22100000, "calculatedNetInterest": 0, "calculatedOtherIncome": 1200000, "calculatedIncomeNonControlling": 0, "calculatedEbitda": 24400000}, {"date": "1987-08-31", "symbol": "WDFC", "reportedCurrency": "USD", "cik": "0000105132", "fillingDate": "1987-08-31", "acceptedDate": "1987-08-30 20:00:00", "calendarYear": "1987", "period": "FY", "revenue": 70900000, "costOfRevenue": 29900000, "grossProfit": 41000000, "grossProfitRatio": 0.5782792666, "researchAndDevelopmentExpenses": 0, "generalAndAdministrativeExpenses": 0, "sellingAndMarketingExpenses": 0, "sellingGeneralAndAdministrativeExpenses": 21000000, "otherExpenses": 200000, "operatingExpenses": 21200000, "costAndExpenses": 51100000, "interestIncome": 0, "interestExpense": 0, "depreciationAndAmortization": 200000, "ebitda": 19000000, "ebitdaratio": 0.2679830748, "operatingIncome": 19800000, "operatingIncomeRatio": 0.2792665726, "totalOtherIncomeExpensesNet": 1000000, "incomeBeforeTax": 20700000, "incomeBeforeTaxRatio": 0.2919605078, "incomeTaxExpense": 9700000, "netIncome": 11000000, "netIncomeRatio": 0.1551480959, "eps": 0.73, "epsdiluted": 0.73, "weightedAverageShsOut": 15068493, "weightedAverageShsOutDil": 15068493, "link": "", "finalLink": "", "calculatedOtherExpenses": 200000, "calculatedOperatingExpenses": 21200000, "calculatedNetInterest": 0, "calculatedOtherIncome": 900000, "calculatedIncomeNonControlling": 0, "calculatedEbitda": 20000000}, {"date": "1986-08-31", "symbol": "WDFC", "reportedCurrency": "USD", "cik": "0000105132", "fillingDate": "1986-08-31", "acceptedDate": "1986-08-30 20:00:00", "calendarYear": "1986", "period": "FY", "revenue": 69400000, "costOfRevenue": 29200000, "grossProfit": 40200000, "grossProfitRatio": 0.5792507205, "researchAndDevelopmentExpenses": 0, "generalAndAdministrativeExpenses": 0, "sellingAndMarketingExpenses": 0, "sellingGeneralAndAdministrativeExpenses": 18600000, "otherExpenses": 200000, "operatingExpenses": 18800000, "costAndExpenses": 48000000, "interestIncome": 0, "interestExpense": 0, "depreciationAndAmortization": 200000, "ebitda": 20300000, "ebitdaratio": 0.2925072046, "operatingIncome": 21400000, "operatingIncomeRatio": 0.3083573487, "totalOtherIncomeExpensesNet": 1300000, "incomeBeforeTax": 22700000, "incomeBeforeTaxRatio": 0.3270893372, "incomeTaxExpense": 11100000, "netIncome": 11600000, "netIncomeRatio": 0.1671469741, "eps": 0.77, "epsdiluted": 0.77, "weightedAverageShsOut": 15064935, "weightedAverageShsOutDil": 15064935, "link": "", "finalLink": "", "calculatedOtherExpenses": 200000, "calculatedOperatingExpenses": 18800000, "calculatedNetInterest": 0, "calculatedOtherIncome": 1300000, "calculatedIncomeNonControlling": 0, "calculatedEbitda": 21600000}, {"date": "1985-08-31", "symbol": "WDFC", "reportedCurrency": "USD", "cik": "0000105132", "fillingDate": "1985-08-31", "acceptedDate": "1985-08-30 20:00:00", "calendarYear": "1985", "period": "FY", "revenue": 57300000, "costOfRevenue": 24300000, "grossProfit": 33000000, "grossProfitRatio": 0.5759162304, "researchAndDevelopmentExpenses": 0, "generalAndAdministrativeExpenses": 0, "sellingAndMarketingExpenses": 0, "sellingGeneralAndAdministrativeExpenses": 15100000, "otherExpenses": 100000, "operatingExpenses": 15200000, "costAndExpenses": 39500000, "interestIncome": 0, "interestExpense": 0, "depreciationAndAmortization": 100000, "ebitda": 16400000, "ebitdaratio": 0.2862129145, "operatingIncome": 17800000, "operatingIncomeRatio": 0.3106457243, "totalOtherIncomeExpensesNet": 1500000, "incomeBeforeTax": 19400000, "incomeBeforeTaxRatio": 0.3385689354, "incomeTaxExpense": 10000000, "netIncome": 9400000, "netIncomeRatio": 0.1640488656, "eps": 0.63, "epsdiluted": 0.63, "weightedAverageShsOut": 14920635, "weightedAverageShsOutDil": 14920635, "link": "", "finalLink": "", "calculatedOtherExpenses": 100000, "calculatedOperatingExpenses": 15200000, "calculatedNetInterest": 0, "calculatedOtherIncome": 1600000, "calculatedIncomeNonControlling": 0, "calculatedEbitda": 17900000}]}