{"originalCurrency": "USD", "convertedCurrency": "USD", "report": [{"date": "2023-12-31", "symbol": "WEC", "reportedCurrency": "USD", "cik": "0000783325", "fillingDate": "2024-02-22", "acceptedDate": "2024-02-22 12:19:25", "calendarYear": "2023", "period": "FY", "revenue": 8893000000, "costOfRevenue": 4455400000, "grossProfit": 4437600000, "grossProfitRatio": 0.4989992129, "researchAndDevelopmentExpenses": 0, "generalAndAdministrativeExpenses": 0, "sellingAndMarketingExpenses": 0, "sellingGeneralAndAdministrativeExpenses": 2100500000, "otherExpenses": -250200000, "operatingExpenses": 2350700000, "costAndExpenses": 6806100000, "interestIncome": 0, "interestExpense": 726900000, "depreciationAndAmortization": 1264200000, "ebitda": 3351100000, "ebitdaratio": 0.3768244687, "operatingIncome": 2086900000, "operatingIncomeRatio": 0.2346677162, "totalOtherIncomeExpensesNet": -550600000, "incomeBeforeTax": 1536300000, "incomeBeforeTaxRatio": 0.1727538513, "incomeTaxExpense": 204600000, "netIncome": 1332900000, "netIncomeRatio": 0.1498819296, "eps": 4.22, "epsdiluted": 4.22, "weightedAverageShsOut": 315400000, "weightedAverageShsOutDil": 315900000, "link": "https://www.sec.gov/Archives/edgar/data/783325/000010781524000095/0000107815-24-000095-index.htm", "finalLink": "https://www.sec.gov/Archives/edgar/data/783325/000010781524000095/wec-20231231.htm", "calculatedOtherExpenses": 250200000, "calculatedOperatingExpenses": 2350700000, "calculatedNetInterest": -726900000, "calculatedOtherIncome": 176300000, "calculatedIncomeNonControlling": -1200000, "calculatedEbitda": 3351100000}, {"date": "2022-12-31", "symbol": "WEC", "reportedCurrency": "USD", "cik": "0000783325", "fillingDate": "2023-02-23", "acceptedDate": "2023-02-23 07:42:27", "calendarYear": "2022", "period": "FY", "revenue": 9597400000, "costOfRevenue": 6296900000, "grossProfit": 3300500000, "grossProfitRatio": 0.3438952216, "researchAndDevelopmentExpenses": 0, "generalAndAdministrativeExpenses": 0, "sellingAndMarketingExpenses": 0, "sellingGeneralAndAdministrativeExpenses": 97400000, "otherExpenses": 1376300000, "operatingExpenses": 1376300000, "costAndExpenses": 7673200000, "interestIncome": 516299999, "interestExpense": 515100000, "depreciationAndAmortization": 1446100000, "ebitda": 3370300000, "ebitdaratio": 0.3511680247, "operatingIncome": 1924200000, "operatingIncomeRatio": 0.2004917999, "totalOtherIncomeExpensesNet": -191600000, "incomeBeforeTax": 1732600000, "incomeBeforeTaxRatio": 0.1805280597, "incomeTaxExpense": 322900000, "netIncome": 1409300000, "netIncomeRatio": 0.146841853, "eps": 4.46, "epsdiluted": 4.45, "weightedAverageShsOut": 315400000, "weightedAverageShsOutDil": 316100000, "link": "https://www.sec.gov/Archives/edgar/data/783325/000010781523000100/0000107815-23-000100-index.htm", "finalLink": "https://www.sec.gov/Archives/edgar/data/783325/000010781523000100/wec-20221231.htm", "calculatedOtherExpenses": 1278900000, "calculatedOperatingExpenses": 1376300000, "calculatedNetInterest": 1199999, "calculatedOtherIncome": -192799999, "calculatedIncomeNonControlling": 400000, "calculatedEbitda": 3370300000}, {"date": "2021-12-31", "symbol": "WEC", "reportedCurrency": "USD", "cik": "0000783325", "fillingDate": "2022-02-24", "acceptedDate": "2022-02-24 08:49:34", "calendarYear": "2021", "period": "FY", "revenue": 8316000000, "costOfRevenue": 5316500000, "grossProfit": 2999500000, "grossProfitRatio": 0.3606902357, "researchAndDevelopmentExpenses": 0, "generalAndAdministrativeExpenses": 0, "sellingAndMarketingExpenses": 0, "sellingGeneralAndAdministrativeExpenses": 68600000, "otherExpenses": 1284600000, "operatingExpenses": 1284600000, "costAndExpenses": 6601100000, "interestIncome": 472300000, "interestExpense": 471100000, "depreciationAndAmortization": 1365600000, "ebitda": 3080500000, "ebitdaratio": 0.3704304954, "operatingIncome": 1714900000, "operatingIncomeRatio": 0.2062169312, "totalOtherIncomeExpensesNet": -216100000, "incomeBeforeTax": 1498800000, "incomeBeforeTaxRatio": 0.1802308802, "incomeTaxExpense": 200300000, "netIncome": 1301500000, "netIncomeRatio": 0.1565055315, "eps": 4.12, "epsdiluted": 4.11, "weightedAverageShsOut": 315400000, "weightedAverageShsOutDil": 316300000, "link": "https://www.sec.gov/Archives/edgar/data/783325/000010781522000116/0000107815-22-000116-index.htm", "finalLink": "https://www.sec.gov/Archives/edgar/data/783325/000010781522000116/wec-20211231.htm", "calculatedOtherExpenses": 1216000000, "calculatedOperatingExpenses": 1284600000, "calculatedNetInterest": 1200000, "calculatedOtherIncome": -217300000, "calculatedIncomeNonControlling": -3000000, "calculatedEbitda": 3080500000}, {"date": "2020-12-31", "symbol": "WEC", "reportedCurrency": "USD", "cik": "0000783325", "fillingDate": "2021-02-25", "acceptedDate": "2021-02-25 12:21:18", "calendarYear": "2020", "period": "FY", "revenue": 7241700000, "costOfRevenue": 4351700000, "grossProfit": 2890000000, "grossProfitRatio": 0.3990775647, "researchAndDevelopmentExpenses": 0, "generalAndAdministrativeExpenses": 0, "sellingAndMarketingExpenses": 0, "sellingGeneralAndAdministrativeExpenses": 35500000, "otherExpenses": 1183900000, "operatingExpenses": 1183900000, "costAndExpenses": 5535600000, "interestIncome": 494900000, "interestExpense": 493700000, "depreciationAndAmortization": 1231200000, "ebitda": 2937300000, "ebitdaratio": 0.4056091802, "operatingIncome": 1706100000, "operatingIncomeRatio": 0.2355938523, "totalOtherIncomeExpensesNet": -276800000, "incomeBeforeTax": 1429300000, "incomeBeforeTaxRatio": 0.1973707831, "incomeTaxExpense": 227900000, "netIncome": 1201100000, "netIncomeRatio": 0.1658588453, "eps": 3.8, "epsdiluted": 3.79, "weightedAverageShsOut": 315400000, "weightedAverageShsOutDil": 316500000, "link": "https://www.sec.gov/Archives/edgar/data/783325/000010781521000079/0000107815-21-000079-index.htm", "finalLink": "https://www.sec.gov/Archives/edgar/data/783325/000010781521000079/wec-20201231.htm", "calculatedOtherExpenses": 1148400000, "calculatedOperatingExpenses": 1183900000, "calculatedNetInterest": 1200000, "calculatedOtherIncome": -278000000, "calculatedIncomeNonControlling": 300000, "calculatedEbitda": 2937300000}, {"date": "2019-12-31", "symbol": "WEC", "reportedCurrency": "USD", "cik": "0000783325", "fillingDate": "2020-02-27", "acceptedDate": "2020-02-27 11:33:53", "calendarYear": "2019", "period": "FY", "revenue": 7523100000, "costOfRevenue": 4863600000, "grossProfit": 2659500000, "grossProfitRatio": 0.3535111855, "researchAndDevelopmentExpenses": 0, "generalAndAdministrativeExpenses": 0, "sellingAndMarketingExpenses": 0, "sellingGeneralAndAdministrativeExpenses": 30100000, "otherExpenses": 1128100000, "operatingExpenses": 1128100000, "costAndExpenses": 5991700000, "interestIncome": 502700000, "interestExpense": 501500000, "depreciationAndAmortization": 1156100000, "ebitda": 2687500000, "ebitdaratio": 0.3572330555, "operatingIncome": 1531400000, "operatingIncomeRatio": 0.2035597028, "totalOtherIncomeExpensesNet": -271700000, "incomeBeforeTax": 1259700000, "incomeBeforeTaxRatio": 0.1674442716, "incomeTaxExpense": 125000000, "netIncome": 1135200000, "netIncomeRatio": 0.1508952427, "eps": 3.6, "epsdiluted": 3.58, "weightedAverageShsOut": 315400000, "weightedAverageShsOutDil": 316700000, "link": "https://www.sec.gov/Archives/edgar/data/783325/000010781520000089/0000107815-20-000089-index.htm", "finalLink": "https://www.sec.gov/Archives/edgar/data/783325/000010781520000089/a2019wec10k.htm", "calculatedOtherExpenses": 1098000000, "calculatedOperatingExpenses": 1128100000, "calculatedNetInterest": 1200000, "calculatedOtherIncome": -272900000, "calculatedIncomeNonControlling": -500000, "calculatedEbitda": 2687500000}, {"date": "2018-12-31", "symbol": "WEC", "reportedCurrency": "USD", "cik": "0000783325", "fillingDate": "2019-02-26", "acceptedDate": "2019-02-26 14:41:13", "calendarYear": "2018", "period": "FY", "revenue": 7679500000, "costOfRevenue": 5168400000, "grossProfit": 2511100000, "grossProfitRatio": 0.3269874341, "researchAndDevelopmentExpenses": 0, "generalAndAdministrativeExpenses": 0, "sellingAndMarketingExpenses": 0, "sellingGeneralAndAdministrativeExpenses": 18900000, "otherExpenses": 70300000, "operatingExpenses": 1042700000, "costAndExpenses": 6211100000, "interestIncome": 0, "interestExpense": 445100000, "depreciationAndAmortization": 845800000, "ebitda": 2521200000, "ebitdaratio": 0.3283026239, "operatingIncome": 1468400000, "operatingIncomeRatio": 0.1912103653, "totalOtherIncomeExpensesNet": 207000000, "incomeBeforeTax": 1230300000, "incomeBeforeTaxRatio": 0.1602057426, "incomeTaxExpense": 169800000, "netIncome": 1060500000, "netIncomeRatio": 0.1380949281, "eps": 3.36, "epsdiluted": 3.35, "weightedAverageShsOut": 315500000, "weightedAverageShsOutDil": 316900000, "link": "https://www.sec.gov/Archives/edgar/data/783325/000010781519000128/0000107815-19-000128-index.htm", "finalLink": "https://www.sec.gov/Archives/edgar/data/783325/000010781519000128/a2018wec10k.htm", "calculatedOtherExpenses": 1023800000, "calculatedOperatingExpenses": 1042700000, "calculatedNetInterest": -445100000, "calculatedOtherIncome": 207000000, "calculatedIncomeNonControlling": 0, "calculatedEbitda": 2314200000}, {"date": "2017-12-31", "symbol": "WEC", "reportedCurrency": "USD", "cik": "0000783325", "fillingDate": "2018-02-28", "acceptedDate": "2018-02-28 12:23:35", "calendarYear": "2017", "period": "FY", "revenue": 7648500000, "costOfRevenue": 4869800000, "grossProfit": 2778700000, "grossProfitRatio": 0.3632999935, "researchAndDevelopmentExpenses": 0, "generalAndAdministrativeExpenses": 0, "sellingAndMarketingExpenses": 0, "sellingGeneralAndAdministrativeExpenses": 1900000, "otherExpenses": 64600000, "operatingExpenses": 993500000, "costAndExpenses": 5863300000, "interestIncome": 0, "interestExpense": 415700000, "depreciationAndAmortization": 798600000, "ebitda": 2802700000, "ebitdaratio": 0.3664378636, "operatingIncome": 1785200000, "operatingIncomeRatio": 0.2334052429, "totalOtherIncomeExpensesNet": 218900000, "incomeBeforeTax": 1588400000, "incomeBeforeTaxRatio": 0.2076747075, "incomeTaxExpense": 383500000, "netIncome": 1204900000, "netIncomeRatio": 0.157534157, "eps": 3.81, "epsdiluted": 3.79, "weightedAverageShsOut": 315600000, "weightedAverageShsOutDil": 317200000, "link": "https://www.sec.gov/Archives/edgar/data/783325/000010781518000134/0000107815-18-000134-index.htm", "finalLink": "https://www.sec.gov/Archives/edgar/data/783325/000010781518000134/a2017wec10k.htm", "calculatedOtherExpenses": 991600000, "calculatedOperatingExpenses": 993500000, "calculatedNetInterest": -415700000, "calculatedOtherIncome": 218900000, "calculatedIncomeNonControlling": 0, "calculatedEbitda": 2583800000}, {"date": "2016-12-31", "symbol": "WEC", "reportedCurrency": "USD", "cik": "0000783325", "fillingDate": "2017-02-28", "acceptedDate": "2017-02-28 13:22:19", "calendarYear": "2016", "period": "FY", "revenue": 7472300000, "costOfRevenue": 4832900000, "grossProfit": 2639400000, "grossProfitRatio": 0.3532245761, "researchAndDevelopmentExpenses": 0, "generalAndAdministrativeExpenses": 0, "sellingAndMarketingExpenses": 0, "sellingGeneralAndAdministrativeExpenses": 14200000, "otherExpenses": 80800000, "operatingExpenses": 957300000, "costAndExpenses": 5790200000, "interestIncome": 0, "interestExpense": 402700000, "depreciationAndAmortization": 762600000, "ebitda": 2672000000, "ebitdaratio": 0.357587356, "operatingIncome": 1682100000, "operatingIncomeRatio": 0.2251114115, "totalOtherIncomeExpensesNet": 227300000, "incomeBeforeTax": 1506700000, "incomeBeforeTaxRatio": 0.2016380499, "incomeTaxExpense": 566500000, "netIncome": 940200000, "netIncomeRatio": 0.1258247126, "eps": 2.98, "epsdiluted": 2.96, "weightedAverageShsOut": 315600000, "weightedAverageShsOutDil": 316900000, "link": "https://www.sec.gov/Archives/edgar/data/783325/000010781517000104/0000107815-17-000104-index.htm", "finalLink": "https://www.sec.gov/Archives/edgar/data/783325/000010781517000104/wec1231201610-k.htm", "calculatedOtherExpenses": 943100000, "calculatedOperatingExpenses": 957300000, "calculatedNetInterest": -402700000, "calculatedOtherIncome": 227300000, "calculatedIncomeNonControlling": 0, "calculatedEbitda": 2444700000}, {"date": "2015-12-31", "symbol": "WEC", "reportedCurrency": "USD", "cik": "0000783325", "fillingDate": "2016-02-26", "acceptedDate": "2016-02-26 15:14:39", "calendarYear": "2015", "period": "FY", "revenue": 5926100000, "costOfRevenue": 3949400000, "grossProfit": 1976700000, "grossProfitRatio": 0.3335583267, "researchAndDevelopmentExpenses": 0, "generalAndAdministrativeExpenses": 0, "sellingAndMarketingExpenses": 0, "sellingGeneralAndAdministrativeExpenses": 0, "otherExpenses": 58900000, "operatingExpenses": 726200000, "costAndExpenses": 4675600000, "interestIncome": 0, "interestExpense": 331400000, "depreciationAndAmortization": 583500000, "ebitda": 1989000000, "ebitdaratio": 0.3356338908, "operatingIncome": 1250500000, "operatingIncomeRatio": 0.2110156764, "totalOtherIncomeExpensesNet": 155000000, "incomeBeforeTax": 1074100000, "incomeBeforeTaxRatio": 0.1812490508, "incomeTaxExpense": 433800000, "netIncome": 640300000, "netIncomeRatio": 0.1080474511, "eps": 2.36, "epsdiluted": 2.34, "weightedAverageShsOut": 271100000, "weightedAverageShsOutDil": 272700000, "link": "https://www.sec.gov/Archives/edgar/data/783325/000010781516000248/0000107815-16-000248-index.htm", "finalLink": "https://www.sec.gov/Archives/edgar/data/783325/000010781516000248/wec1231201510-k.htm", "calculatedOtherExpenses": 726200000, "calculatedOperatingExpenses": 726200000, "calculatedNetInterest": -331400000, "calculatedOtherIncome": 155000000, "calculatedIncomeNonControlling": 0, "calculatedEbitda": 1834000000}, {"date": "2014-12-31", "symbol": "WEC", "reportedCurrency": "USD", "cik": "0000783325", "fillingDate": "2015-02-27", "acceptedDate": "2015-02-27 09:45:12", "calendarYear": "2014", "period": "FY", "revenue": 4997100000, "costOfRevenue": 3371800000, "grossProfit": 1625300000, "grossProfitRatio": 0.3252486442, "researchAndDevelopmentExpenses": 0, "generalAndAdministrativeExpenses": 0, "sellingAndMarketingExpenses": 0, "sellingGeneralAndAdministrativeExpenses": 0, "otherExpenses": 13400000, "operatingExpenses": 513200000, "costAndExpenses": 3885000000, "interestIncome": 0, "interestExpense": 241500000, "depreciationAndAmortization": 419400000, "ebitda": 1610900000, "ebitdaratio": 0.3223669728, "operatingIncome": 1112100000, "operatingIncomeRatio": 0.2225490785, "totalOtherIncomeExpensesNet": 79400000, "incomeBeforeTax": 950000000, "incomeBeforeTaxRatio": 0.190110264, "incomeTaxExpense": 361700000, "netIncome": 588300000, "netIncomeRatio": 0.1177282824, "eps": 2.61, "epsdiluted": 2.59, "weightedAverageShsOut": 225600000, "weightedAverageShsOutDil": 227500000, "link": "https://www.sec.gov/Archives/edgar/data/783325/000010781515000040/0000107815-15-000040-index.htm", "finalLink": "https://www.sec.gov/Archives/edgar/data/783325/000010781515000040/wec1231201410-k.htm", "calculatedOtherExpenses": 513200000, "calculatedOperatingExpenses": 513200000, "calculatedNetInterest": -241500000, "calculatedOtherIncome": 79400000, "calculatedIncomeNonControlling": 0, "calculatedEbitda": 1531500000}, {"date": "2013-12-31", "symbol": "WEC", "reportedCurrency": "USD", "cik": "0000783325", "fillingDate": "2014-02-27", "acceptedDate": "2014-02-27 12:33:38", "calendarYear": "2013", "period": "FY", "revenue": 4519000000, "costOfRevenue": 2982100000, "grossProfit": 1536900000, "grossProfitRatio": 0.3400973667, "researchAndDevelopmentExpenses": 0, "generalAndAdministrativeExpenses": 0, "sellingAndMarketingExpenses": 0, "sellingGeneralAndAdministrativeExpenses": 0, "otherExpenses": 18800000, "operatingExpenses": 456800000, "costAndExpenses": 3438900000, "interestIncome": 0, "interestExpense": 252100000, "depreciationAndAmortization": 400200000, "ebitda": 1567600000, "ebitdaratio": 0.3468909051, "operatingIncome": 1080100000, "operatingIncomeRatio": 0.239013056, "totalOtherIncomeExpensesNet": 87300000, "incomeBeforeTax": 915300000, "incomeBeforeTaxRatio": 0.2025448108, "incomeTaxExpense": 337900000, "netIncome": 577400000, "netIncomeRatio": 0.1277716309, "eps": 2.54, "epsdiluted": 2.51, "weightedAverageShsOut": 227600000, "weightedAverageShsOutDil": 229700000, "link": "https://www.sec.gov/Archives/edgar/data/783325/000010781514000041/0000107815-14-000041-index.htm", "finalLink": "https://www.sec.gov/Archives/edgar/data/783325/000010781514000041/wec1231201310-k.htm", "calculatedOtherExpenses": 456800000, "calculatedOperatingExpenses": 456800000, "calculatedNetInterest": -252100000, "calculatedOtherIncome": 87300000, "calculatedIncomeNonControlling": 0, "calculatedEbitda": 1480300000}, {"date": "2012-12-31", "symbol": "WEC", "reportedCurrency": "USD", "cik": "0000783325", "fillingDate": "2013-02-27", "acceptedDate": "2013-02-27 15:53:44", "calendarYear": "2012", "period": "FY", "revenue": 4246400000, "costOfRevenue": 2760500000, "grossProfit": 1485900000, "grossProfitRatio": 0.3499199322, "researchAndDevelopmentExpenses": 0, "generalAndAdministrativeExpenses": 0, "sellingAndMarketingExpenses": 0, "sellingGeneralAndAdministrativeExpenses": 0, "otherExpenses": 34800000, "operatingExpenses": 485600000, "costAndExpenses": 3246100000, "interestIncome": 0, "interestExpense": 248200000, "depreciationAndAmortization": 371700000, "ebitda": 1472500000, "ebitdaratio": 0.346764318, "operatingIncome": 1000300000, "operatingIncomeRatio": 0.2355642427, "totalOtherIncomeExpensesNet": 100500000, "incomeBeforeTax": 852600000, "incomeBeforeTaxRatio": 0.2007818387, "incomeTaxExpense": 306300000, "netIncome": 546300000, "netIncomeRatio": 0.1286501507, "eps": 2.37, "epsdiluted": 2.35, "weightedAverageShsOut": 230200000, "weightedAverageShsOutDil": 232800000, "link": "https://www.sec.gov/Archives/edgar/data/783325/000010781513000055/0000107815-13-000055-index.htm", "finalLink": "https://www.sec.gov/Archives/edgar/data/783325/000010781513000055/wec1231201210-k.htm", "calculatedOtherExpenses": 485600000, "calculatedOperatingExpenses": 485600000, "calculatedNetInterest": -248200000, "calculatedOtherIncome": 100500000, "calculatedIncomeNonControlling": 0, "calculatedEbitda": 1372000000}, {"date": "2011-12-31", "symbol": "WEC", "reportedCurrency": "USD", "cik": "0000783325", "fillingDate": "2012-02-28", "acceptedDate": "2012-02-28 11:15:52", "calendarYear": "2011", "period": "FY", "revenue": 4486400000, "costOfRevenue": 1898400000, "grossProfit": 2588000000, "grossProfitRatio": 0.5768544936, "researchAndDevelopmentExpenses": 0, "generalAndAdministrativeExpenses": 0, "sellingAndMarketingExpenses": 0, "sellingGeneralAndAdministrativeExpenses": 0, "otherExpenses": 1700700000, "operatingExpenses": 1700700000, "costAndExpenses": 3599100000, "interestIncome": 26700000, "interestExpense": 262500000, "depreciationAndAmortization": 336400000, "ebitda": 1161000000, "ebitdaratio": 0.258782097, "operatingIncome": 887300000, "operatingIncomeRatio": 0.1977754993, "totalOtherIncomeExpensesNet": 125200000, "incomeBeforeTax": 776700000, "incomeBeforeTaxRatio": 0.1731232168, "incomeTaxExpense": 263900000, "netIncome": 526200000, "netIncomeRatio": 0.1172878031, "eps": 2.26, "epsdiluted": 2.24, "weightedAverageShsOut": 232600000, "weightedAverageShsOutDil": 235400000, "link": "https://www.sec.gov/Archives/edgar/data/783325/000010781512000039/0000107815-12-000039-index.htm", "finalLink": "https://www.sec.gov/Archives/edgar/data/783325/000010781512000039/wec1231201110-k.htm", "calculatedOtherExpenses": 1700700000, "calculatedOperatingExpenses": 1700700000, "calculatedNetInterest": -235800000, "calculatedOtherIncome": 125200000, "calculatedIncomeNonControlling": -13400000, "calculatedEbitda": 1223700000}, {"date": "2010-12-31", "symbol": "WEC", "reportedCurrency": "USD", "cik": "0000783325", "fillingDate": "2011-02-25", "acceptedDate": "2011-02-25 11:08:30", "calendarYear": "2010", "period": "FY", "revenue": 4202500000, "costOfRevenue": 1851400000, "grossProfit": 2351100000, "grossProfitRatio": 0.5594527067, "researchAndDevelopmentExpenses": 0, "generalAndAdministrativeExpenses": 0, "sellingAndMarketingExpenses": 0, "sellingGeneralAndAdministrativeExpenses": 0, "otherExpenses": 1540700000, "operatingExpenses": 1540700000, "costAndExpenses": 3392100000, "interestIncome": 0, "interestExpense": 206400000, "depreciationAndAmortization": 317400000, "ebitda": 1187900000, "ebitdaratio": 0.2826650803, "operatingIncome": 810400000, "operatingIncomeRatio": 0.1928375967, "totalOtherIncomeExpensesNet": 100300000, "incomeBeforeTax": 704300000, "incomeBeforeTaxRatio": 0.1675907198, "incomeTaxExpense": 249900000, "netIncome": 456500000, "netIncomeRatio": 0.108625818, "eps": 1.95, "epsdiluted": 1.93, "weightedAverageShsOut": 233800000, "weightedAverageShsOutDil": 236700000, "link": "https://www.sec.gov/Archives/edgar/data/783325/000010781511000028/0000107815-11-000028-index.htm", "finalLink": "https://www.sec.gov/Archives/edgar/data/783325/000010781511000028/wec2010form10k.htm", "calculatedOtherExpenses": 1540700000, "calculatedOperatingExpenses": 1540700000, "calculatedNetInterest": -206400000, "calculatedOtherIncome": 100300000, "calculatedIncomeNonControlling": -2100000, "calculatedEbitda": 1127800000}, {"date": "2009-12-31", "symbol": "WEC", "reportedCurrency": "USD", "cik": "0000783325", "fillingDate": "2010-02-26", "acceptedDate": "2010-02-26 10:05:13", "calendarYear": "2009", "period": "FY", "revenue": 4127900000, "costOfRevenue": 1975700000, "grossProfit": 2152200000, "grossProfitRatio": 0.5213789094, "researchAndDevelopmentExpenses": 0, "generalAndAdministrativeExpenses": 0, "sellingAndMarketingExpenses": 0, "sellingGeneralAndAdministrativeExpenses": 0, "otherExpenses": 1719200000, "operatingExpenses": 1488500000, "costAndExpenses": 3464200000, "interestIncome": 0, "interestExpense": 156700000, "depreciationAndAmortization": 349400000, "ebitda": 1072200000, "ebitdaratio": 0.2597446644, "operatingIncome": 663700000, "operatingIncomeRatio": 0.1607839337, "totalOtherIncomeExpensesNet": 87500000, "incomeBeforeTax": 594500000, "incomeBeforeTaxRatio": 0.1440199617, "incomeTaxExpense": 217300000, "netIncome": 382400000, "netIncomeRatio": 0.092637903, "eps": 1.64, "epsdiluted": 1.62, "weightedAverageShsOut": 233800000, "weightedAverageShsOutDil": 235800000, "link": "https://www.sec.gov/Archives/edgar/data/783325/000010781510000046/0000107815-10-000046-index.htm", "finalLink": "https://www.sec.gov/Archives/edgar/data/783325/000010781510000046/wec2009form10k.htm", "calculatedOtherExpenses": 1488500000, "calculatedOperatingExpenses": 1488500000, "calculatedNetInterest": -156700000, "calculatedOtherIncome": 87500000, "calculatedIncomeNonControlling": -5200000, "calculatedEbitda": 1013100000}, {"date": "2008-12-31", "symbol": "WEC", "reportedCurrency": "USD", "cik": "0000783325", "fillingDate": "2009-02-27", "acceptedDate": "2009-02-26 18:11:57", "calendarYear": "2008", "period": "FY", "revenue": 4431000000, "costOfRevenue": 1240700000, "grossProfit": 3190300000, "grossProfitRatio": 0.7199954863, "researchAndDevelopmentExpenses": 0, "generalAndAdministrativeExpenses": 0, "sellingAndMarketingExpenses": 0, "sellingGeneralAndAdministrativeExpenses": 0, "otherExpenses": 3017800000, "operatingExpenses": 3017800000, "costAndExpenses": 4258500000, "interestIncome": 0, "interestExpense": 153700000, "depreciationAndAmortization": 332300000, "ebitda": -52100000, "ebitdaratio": -0.0117580682, "operatingIncome": 172500000, "operatingIncomeRatio": 0.038930264, "totalOtherIncomeExpensesNet": 556900000, "incomeBeforeTax": 575700000, "incomeBeforeTaxRatio": 0.1299255247, "incomeTaxExpense": 217100000, "netIncome": 359100000, "netIncomeRatio": 0.081042654, "eps": 1.54, "epsdiluted": 1.52, "weightedAverageShsOut": 233800000, "weightedAverageShsOutDil": 236400000, "link": "https://www.sec.gov/Archives/edgar/data/783325/000010781509000025/0000107815-09-000025-index.htm", "finalLink": "https://www.sec.gov/Archives/edgar/data/783325/000010781509000025/wec12310810k.htm", "calculatedOtherExpenses": 3017800000, "calculatedOperatingExpenses": 3017800000, "calculatedNetInterest": -153700000, "calculatedOtherIncome": 556900000, "calculatedIncomeNonControlling": -500000, "calculatedEbitda": 504800000}, {"date": "2007-12-31", "symbol": "WEC", "reportedCurrency": "USD", "cik": "0000783325", "fillingDate": "2008-02-28", "acceptedDate": "2008-02-27 21:12:35", "calendarYear": "2007", "period": "FY", "revenue": 4237800000, "costOfRevenue": 996400000, "grossProfit": 3241400000, "grossProfitRatio": 0.7648780027, "researchAndDevelopmentExpenses": 0, "generalAndAdministrativeExpenses": 0, "sellingAndMarketingExpenses": 0, "sellingGeneralAndAdministrativeExpenses": 0, "otherExpenses": 2612900000, "operatingExpenses": 2612900000, "costAndExpenses": 3609300000, "interestIncome": 0, "interestExpense": 167600000, "depreciationAndAmortization": 361200000, "ebitda": 897700000, "ebitdaratio": 0.2118316107, "operatingIncome": 628500000, "operatingIncomeRatio": 0.1483080844, "totalOtherIncomeExpensesNet": 92000000, "incomeBeforeTax": 552900000, "incomeBeforeTaxRatio": 0.1304686394, "incomeTaxExpense": 216400000, "netIncome": 335600000, "netIncomeRatio": 0.0791920336, "eps": 1.44, "epsdiluted": 1.42, "weightedAverageShsOut": 233800000, "weightedAverageShsOutDil": 237000000, "link": "https://www.sec.gov/Archives/edgar/data/783325/000010781508000059/0000107815-08-000059-index.htm", "finalLink": "https://www.sec.gov/Archives/edgar/data/783325/000010781508000059/wec12310710k.htm", "calculatedOtherExpenses": 2612900000, "calculatedOperatingExpenses": 2612900000, "calculatedNetInterest": -167600000, "calculatedOtherIncome": 92000000, "calculatedIncomeNonControlling": 900000, "calculatedEbitda": 989700000}, {"date": "2006-12-31", "symbol": "WEC", "reportedCurrency": "USD", "cik": "0000783325", "fillingDate": "2007-02-28", "acceptedDate": "2007-02-27 18:36:13", "calendarYear": "2006", "period": "FY", "revenue": 3996400000, "costOfRevenue": 802000000, "grossProfit": 3194400000, "grossProfitRatio": 0.7993193874, "researchAndDevelopmentExpenses": 0, "generalAndAdministrativeExpenses": 0, "sellingAndMarketingExpenses": 0, "sellingGeneralAndAdministrativeExpenses": 0, "otherExpenses": 2625900000, "operatingExpenses": 2625900000, "costAndExpenses": 3427900000, "interestIncome": 0, "interestExpense": 0, "depreciationAndAmortization": 336800000, "ebitda": 813600000, "ebitdaratio": 0.2035832249, "operatingIncome": 568500000, "operatingIncomeRatio": 0.1422530277, "totalOtherIncomeExpensesNet": 91700000, "incomeBeforeTax": 487500000, "incomeBeforeTaxRatio": 0.1219847863, "incomeTaxExpense": 175000000, "netIncome": 316400000, "netIncomeRatio": 0.0791712541, "eps": 1.35, "epsdiluted": 1.34, "weightedAverageShsOut": 234000000, "weightedAverageShsOutDil": 236800000, "link": "https://www.sec.gov/Archives/edgar/data/783325/000119312507041253/0001193125-07-041253-index.htm", "finalLink": "https://www.sec.gov/Archives/edgar/data/783325/000119312507041253/d10k.htm", "calculatedOtherExpenses": 2625900000, "calculatedOperatingExpenses": 2625900000, "calculatedNetInterest": 0, "calculatedOtherIncome": -81000000, "calculatedIncomeNonControlling": -3900000, "calculatedEbitda": 905300000}, {"date": "2005-12-31", "symbol": "WEC", "reportedCurrency": "USD", "cik": "0000783325", "fillingDate": "2006-03-02", "acceptedDate": "2006-03-02 09:32:01", "calendarYear": "2005", "period": "FY", "revenue": 3815500000, "costOfRevenue": 776700000, "grossProfit": 3038800000, "grossProfitRatio": 0.7964355917, "researchAndDevelopmentExpenses": 0, "generalAndAdministrativeExpenses": 0, "sellingAndMarketingExpenses": 0, "sellingGeneralAndAdministrativeExpenses": 0, "otherExpenses": 2475900000, "operatingExpenses": 2475900000, "costAndExpenses": 3252600000, "interestIncome": 0, "interestExpense": 0, "depreciationAndAmortization": 350000000, "ebitda": 849600000, "ebitdaratio": 0.2226706854, "operatingIncome": 562900000, "operatingIncomeRatio": 0.1475298126, "totalOtherIncomeExpensesNet": 63300000, "incomeBeforeTax": 452800000, "incomeBeforeTaxRatio": 0.1186738304, "incomeTaxExpense": 149200000, "netIncome": 308700000, "netIncomeRatio": 0.0809068274, "eps": 1.32, "epsdiluted": 1.31, "weightedAverageShsOut": 234000000, "weightedAverageShsOutDil": 236800000, "link": "https://www.sec.gov/Archives/edgar/data/783325/000010781506000089/0000107815-06-000089-index.htm", "finalLink": "https://www.sec.gov/Archives/edgar/data/783325/000010781506000089/wec200510k.htm", "calculatedOtherExpenses": 2475900000, "calculatedOperatingExpenses": 2475900000, "calculatedNetInterest": 0, "calculatedOtherIncome": -110100000, "calculatedIncomeNonControlling": -5100000, "calculatedEbitda": 912900000}, {"date": "2004-12-31", "symbol": "WEC", "reportedCurrency": "USD", "cik": "0000783325", "fillingDate": "2005-03-04", "acceptedDate": "2005-03-04 15:14:37", "calendarYear": "2004", "period": "FY", "revenue": 3431100000, "costOfRevenue": 592900000, "grossProfit": 2838200000, "grossProfitRatio": 0.8271982746, "researchAndDevelopmentExpenses": 0, "generalAndAdministrativeExpenses": 0, "sellingAndMarketingExpenses": 0, "sellingGeneralAndAdministrativeExpenses": 0, "otherExpenses": 2481300000, "operatingExpenses": 2481300000, "costAndExpenses": 3074200000, "interestIncome": 0, "interestExpense": 0, "depreciationAndAmortization": 384200000, "ebitda": 702100000, "ebitdaratio": 0.2046282533, "operatingIncome": 356900000, "operatingIncomeRatio": 0.1040191192, "totalOtherIncomeExpensesNet": 39000000, "incomeBeforeTax": 202500000, "incomeBeforeTaxRatio": 0.0590189735, "incomeTaxExpense": 80300000, "netIncome": 306400000, "netIncomeRatio": 0.0893008073, "eps": 1.3, "epsdiluted": 1.29, "weightedAverageShsOut": 235692308, "weightedAverageShsOutDil": 238443580, "link": "https://www.sec.gov/Archives/edgar/data/783325/000119312505042628/0001193125-05-042628-index.htm", "finalLink": "https://www.sec.gov/Archives/edgar/data/783325/000119312505042628/d10k.htm", "calculatedOtherExpenses": 2481300000, "calculatedOperatingExpenses": 2481300000, "calculatedNetInterest": 0, "calculatedOtherIncome": -154400000, "calculatedIncomeNonControlling": -184200000, "calculatedEbitda": 741100000}, {"date": "2003-12-31", "symbol": "WEC", "reportedCurrency": "USD", "cik": "0000783325", "fillingDate": "2004-03-02", "acceptedDate": "2004-03-01 19:39:27", "calendarYear": "2003", "period": "FY", "revenue": 4054300000, "costOfRevenue": 570800000, "grossProfit": 3483500000, "grossProfitRatio": 0.8592112079, "researchAndDevelopmentExpenses": 0, "generalAndAdministrativeExpenses": 0, "sellingAndMarketingExpenses": 0, "sellingGeneralAndAdministrativeExpenses": 0, "otherExpenses": 2932700000, "operatingExpenses": 2932700000, "costAndExpenses": 3503500000, "interestIncome": 5800000, "interestExpense": 221200000, "depreciationAndAmortization": 383400000, "ebitda": 898700000, "ebitdaratio": 0.2216658856, "operatingIncome": 550800000, "operatingIncomeRatio": 0.1358557581, "totalOtherIncomeExpensesNet": 35500000, "incomeBeforeTax": 379400000, "incomeBeforeTaxRatio": 0.0935796562, "incomeTaxExpense": 135100000, "netIncome": 244300000, "netIncomeRatio": 0.0602570111, "eps": 1.05, "epsdiluted": 1.03, "weightedAverageShsOut": 233779904, "weightedAverageShsOutDil": 237184466, "link": "https://www.sec.gov/Archives/edgar/data/783325/000010781504000107/0000107815-04-000107-index.htm", "finalLink": "https://www.sec.gov/Archives/edgar/data/783325/000010781504000107/wec10-k03.htm", "calculatedOtherExpenses": 2932700000, "calculatedOperatingExpenses": 2932700000, "calculatedNetInterest": -215400000, "calculatedOtherIncome": 44000000, "calculatedIncomeNonControlling": 0, "calculatedEbitda": 934200000}, {"date": "2002-12-31", "symbol": "WEC", "reportedCurrency": "USD", "cik": "0000783325", "fillingDate": "2003-02-28", "acceptedDate": "2003-02-28 14:48:53", "calendarYear": "2002", "period": "FY", "revenue": 3736200000, "costOfRevenue": 594100000, "grossProfit": 3142100000, "grossProfitRatio": 0.8409881698, "researchAndDevelopmentExpenses": 0, "generalAndAdministrativeExpenses": 0, "sellingAndMarketingExpenses": 0, "sellingGeneralAndAdministrativeExpenses": 0, "otherExpenses": 2684100000, "operatingExpenses": 2684100000, "costAndExpenses": 3278200000, "interestIncome": 5800000, "interestExpense": 221200000, "depreciationAndAmortization": 389100000, "ebitda": 809000000, "ebitdaratio": 0.2165301643, "operatingIncome": 458000000, "operatingIncomeRatio": 0.1225844441, "totalOtherIncomeExpensesNet": 38100000, "incomeBeforeTax": 272700000, "incomeBeforeTaxRatio": 0.072988598, "incomeTaxExpense": 105700000, "netIncome": 167000000, "netIncomeRatio": 0.0446978213, "eps": 0.59, "epsdiluted": 0.59, "weightedAverageShsOut": 283050847, "weightedAverageShsOutDil": 285470085, "link": "https://www.sec.gov/Archives/edgar/data/783325/000010781503000006/0000107815-03-000006-index.htm", "finalLink": "https://www.sec.gov/Archives/edgar/data/783325/000010781503000006/wec10-k02.htm", "calculatedOtherExpenses": 2684100000, "calculatedOperatingExpenses": 2684100000, "calculatedNetInterest": -215400000, "calculatedOtherIncome": 30100000, "calculatedIncomeNonControlling": 0, "calculatedEbitda": 847100000}, {"date": "2001-12-31", "symbol": "WEC", "reportedCurrency": "USD", "cik": "0000783325", "fillingDate": "2002-03-26", "acceptedDate": "2002-03-26 00:00:00", "calendarYear": "2001", "period": "FY", "revenue": 3928500000, "costOfRevenue": 660100000, "grossProfit": 3268400000, "grossProfitRatio": 0.8319714904, "researchAndDevelopmentExpenses": 0, "generalAndAdministrativeExpenses": 0, "sellingAndMarketingExpenses": 0, "sellingGeneralAndAdministrativeExpenses": 0, "otherExpenses": 2663500000, "operatingExpenses": 2663500000, "costAndExpenses": 3323600000, "interestIncome": 18200000, "interestExpense": 245000000, "depreciationAndAmortization": 409800000, "ebitda": 1049100000, "ebitdaratio": 0.2670484918, "operatingIncome": 604900000, "operatingIncomeRatio": 0.153977345, "totalOtherIncomeExpensesNet": -34400000, "incomeBeforeTax": 358900000, "incomeBeforeTaxRatio": 0.0913580247, "incomeTaxExpense": 150400000, "netIncome": 219000000, "netIncomeRatio": 0.0557464681, "eps": 0.94, "epsdiluted": 0.93, "weightedAverageShsOut": 234224599, "weightedAverageShsOutDil": 235483871, "link": "https://www.sec.gov/Archives/edgar/data/783325/000010781502000008/0000107815-02-000008-index.htm", "finalLink": "https://www.sec.gov/Archives/edgar/data/783325/000010781502000008/wec10-k123101.htm", "calculatedOtherExpenses": 2663500000, "calculatedOperatingExpenses": 2663500000, "calculatedNetInterest": -226800000, "calculatedOtherIncome": -19200000, "calculatedIncomeNonControlling": -10500000, "calculatedEbitda": 1014700000}, {"date": "2000-12-31", "symbol": "WEC", "reportedCurrency": "USD", "cik": "0000783325", "fillingDate": "2001-03-23", "acceptedDate": "2001-03-23 00:00:00", "calendarYear": "2000", "period": "FY", "revenue": 3354700000, "costOfRevenue": 682100000, "grossProfit": 2672600000, "grossProfitRatio": 0.796673324, "researchAndDevelopmentExpenses": 0, "generalAndAdministrativeExpenses": 0, "sellingAndMarketingExpenses": 0, "sellingGeneralAndAdministrativeExpenses": 0, "otherExpenses": 2227700000, "operatingExpenses": 2227700000, "costAndExpenses": 2909800000, "interestIncome": 0, "interestExpense": 0, "depreciationAndAmortization": 400200000, "ebitda": 788000000, "ebitdaratio": 0.2348943274, "operatingIncome": 444900000, "operatingIncomeRatio": 0.1326199064, "totalOtherIncomeExpensesNet": 57100000, "incomeBeforeTax": 280100000, "incomeBeforeTaxRatio": 0.0834947983, "incomeTaxExpense": 125900000, "netIncome": 154200000, "netIncomeRatio": 0.045965362, "eps": 0.64, "epsdiluted": 0.64, "weightedAverageShsOut": 240937500, "weightedAverageShsOutDil": 242834646, "link": "https://www.sec.gov/Archives/edgar/data/783325/000010781501000007/0000107815-01-000007-index.htm", "finalLink": "https://www.sec.gov/Archives/edgar/data/783325/000010781501000007/0000107815-01-000007-0001.txt", "calculatedOtherExpenses": 2227700000, "calculatedOperatingExpenses": 2227700000, "calculatedNetInterest": 0, "calculatedOtherIncome": -164800000, "calculatedIncomeNonControlling": 0, "calculatedEbitda": 845100000}, {"date": "1999-12-31", "symbol": "WEC", "reportedCurrency": "USD", "cik": "0000783325", "fillingDate": "2000-03-30", "acceptedDate": "2000-03-30 00:00:00", "calendarYear": "1999", "period": "FY", "revenue": 2272700000, "costOfRevenue": 588100000, "grossProfit": 1684600000, "grossProfitRatio": 0.7412328948, "researchAndDevelopmentExpenses": 0, "generalAndAdministrativeExpenses": 0, "sellingAndMarketingExpenses": 0, "sellingGeneralAndAdministrativeExpenses": 0, "otherExpenses": 1228900000, "operatingExpenses": 1228900000, "costAndExpenses": 1817000000, "interestIncome": 0, "interestExpense": 0, "depreciationAndAmortization": 349700000, "ebitda": 805400000, "ebitdaratio": 0.3543802526, "operatingIncome": 455700000, "operatingIncomeRatio": 0.2005104061, "totalOtherIncomeExpensesNet": -27000000, "incomeBeforeTax": 320100000, "incomeBeforeTaxRatio": 0.1408456901, "incomeTaxExpense": 111100000, "netIncome": 209000000, "netIncomeRatio": 0.0919611035, "eps": 0.9, "epsdiluted": 0.9, "weightedAverageShsOut": 233519553, "weightedAverageShsOutDil": 233519553, "link": "https://www.sec.gov/Archives/edgar/data/783325/000010781500000004/0000107815-00-000004-index.html", "finalLink": "https://www.sec.gov/Archives/edgar/data/783325/000010781500000004/", "calculatedOtherExpenses": 1228900000, "calculatedOperatingExpenses": 1228900000, "calculatedNetInterest": 0, "calculatedOtherIncome": -135600000, "calculatedIncomeNonControlling": 0, "calculatedEbitda": 805400000}, {"date": "1998-12-31", "symbol": "WEC", "reportedCurrency": "USD", "cik": "0000783325", "fillingDate": "1999-03-31", "acceptedDate": "1999-03-31 00:00:00", "calendarYear": "1998", "period": "FY", "revenue": 1979900000, "costOfRevenue": 461400000, "grossProfit": 1518500000, "grossProfitRatio": 0.7669579272, "researchAndDevelopmentExpenses": 0, "generalAndAdministrativeExpenses": 0, "sellingAndMarketingExpenses": 0, "sellingGeneralAndAdministrativeExpenses": 0, "otherExpenses": 1143700000, "operatingExpenses": 1143700000, "costAndExpenses": 1605100000, "interestIncome": 0, "interestExpense": 0, "depreciationAndAmortization": 289100000, "ebitda": 663900000, "ebitdaratio": 0.3353199657, "operatingIncome": 374800000, "operatingIncomeRatio": 0.18930249, "totalOtherIncomeExpensesNet": -200000, "incomeBeforeTax": 284300000, "incomeBeforeTaxRatio": 0.1435931108, "incomeTaxExpense": 96200000, "netIncome": 188100000, "netIncomeRatio": 0.0950047982, "eps": 0.83, "epsdiluted": 0.83, "weightedAverageShsOut": 228000000, "weightedAverageShsOutDil": 228000000, "link": "https://www.sec.gov/Archives/edgar/data/783325/000010781599000002/0000107815-99-000002-index.html", "finalLink": "https://www.sec.gov/Archives/edgar/data/783325/", "calculatedOtherExpenses": 1143700000, "calculatedOperatingExpenses": 1143700000, "calculatedNetInterest": 0, "calculatedOtherIncome": -90500000, "calculatedIncomeNonControlling": 0, "calculatedEbitda": 663900000}, {"date": "1997-12-31", "symbol": "WEC", "reportedCurrency": "USD", "cik": "0000783325", "fillingDate": "1998-03-31", "acceptedDate": "1998-03-31 00:00:00", "calendarYear": "1997", "period": "FY", "revenue": 1789600000, "costOfRevenue": 444700000, "grossProfit": 1344900000, "grossProfitRatio": 0.751508717, "researchAndDevelopmentExpenses": 0, "generalAndAdministrativeExpenses": 0, "sellingAndMarketingExpenses": 0, "sellingGeneralAndAdministrativeExpenses": 0, "otherExpenses": 1126600000, "operatingExpenses": 1126600000, "costAndExpenses": 1571300000, "interestIncome": 0, "interestExpense": 0, "depreciationAndAmortization": 321100000, "ebitda": 539400000, "ebitdaratio": 0.3014081359, "operatingIncome": 218300000, "operatingIncomeRatio": 0.1219825659, "totalOtherIncomeExpensesNet": -47500000, "incomeBeforeTax": 84700000, "incomeBeforeTaxRatio": 0.0473290121, "incomeTaxExpense": 24000000, "netIncome": 60700000, "netIncomeRatio": 0.033918194, "eps": 0.27, "epsdiluted": 0.27, "weightedAverageShsOut": 224814815, "weightedAverageShsOutDil": 224814815, "link": "https://www.sec.gov/Archives/edgar/data/783325/000010781598000004/0000107815-98-000004-index.html", "finalLink": "https://www.sec.gov/Archives/edgar/data/783325/", "calculatedOtherExpenses": 1126600000, "calculatedOperatingExpenses": 1126600000, "calculatedNetInterest": 0, "calculatedOtherIncome": -133600000, "calculatedIncomeNonControlling": 0, "calculatedEbitda": 539400000}, {"date": "1996-12-31", "symbol": "WEC", "reportedCurrency": "USD", "cik": "0000783325", "fillingDate": "1997-03-28", "acceptedDate": "1997-03-28 00:00:00", "calendarYear": "1996", "period": "FY", "revenue": 1773900000, "costOfRevenue": 331900000, "grossProfit": 1442000000, "grossProfitRatio": 0.8128981341, "researchAndDevelopmentExpenses": 0, "generalAndAdministrativeExpenses": 0, "sellingAndMarketingExpenses": 0, "sellingGeneralAndAdministrativeExpenses": 0, "otherExpenses": 1005500000, "operatingExpenses": 1005500000, "costAndExpenses": 1337400000, "interestIncome": 0, "interestExpense": 0, "depreciationAndAmortization": 259500000, "ebitda": 696000000, "ebitdaratio": 0.3923558261, "operatingIncome": 436500000, "operatingIncomeRatio": 0.2460679858, "totalOtherIncomeExpensesNet": -2500000, "incomeBeforeTax": 347500000, "incomeBeforeTaxRatio": 0.1958960483, "incomeTaxExpense": 129400000, "netIncome": 218100000, "netIncomeRatio": 0.1229494335, "eps": 0.99, "epsdiluted": 0.99, "weightedAverageShsOut": 221421320, "weightedAverageShsOutDil": 221421320, "link": "https://www.sec.gov/Archives/edgar/data/783325/000010781597000003/0000107815-97-000003-index.html", "finalLink": "https://www.sec.gov/Archives/edgar/data/783325/", "calculatedOtherExpenses": 1005500000, "calculatedOperatingExpenses": 1005500000, "calculatedNetInterest": 0, "calculatedOtherIncome": -89000000, "calculatedIncomeNonControlling": 0, "calculatedEbitda": 696000000}, {"date": "1995-12-31", "symbol": "WEC", "reportedCurrency": "USD", "cik": "0000783325", "fillingDate": "1996-03-29", "acceptedDate": "1996-03-29 00:00:00", "calendarYear": "1995", "period": "FY", "revenue": 1770500000, "costOfRevenue": 345400000, "grossProfit": 1425100000, "grossProfitRatio": 0.8049138661, "researchAndDevelopmentExpenses": 0, "generalAndAdministrativeExpenses": 0, "sellingAndMarketingExpenses": 0, "sellingGeneralAndAdministrativeExpenses": 0, "otherExpenses": 947800000, "operatingExpenses": 947800000, "costAndExpenses": 1293200000, "interestIncome": 0, "interestExpense": 0, "depreciationAndAmortization": 247300000, "ebitda": 724600000, "ebitdaratio": 0.4092629201, "operatingIncome": 477300000, "operatingIncomeRatio": 0.269584863, "totalOtherIncomeExpensesNet": -6500000, "incomeBeforeTax": 379800000, "incomeBeforeTaxRatio": 0.2145156735, "incomeTaxExpense": 145800000, "netIncome": 234000000, "netIncomeRatio": 0.1321660548, "eps": 1.07, "epsdiluted": 1.07, "weightedAverageShsOut": 219700000, "weightedAverageShsOutDil": 219872611, "link": "https://www.sec.gov/Archives/edgar/data/783325/000010781596000006/0000107815-96-000006-index.html", "finalLink": "https://www.sec.gov/Archives/edgar/data/783325/", "calculatedOtherExpenses": 947800000, "calculatedOperatingExpenses": 947800000, "calculatedNetInterest": 0, "calculatedOtherIncome": -97500000, "calculatedIncomeNonControlling": 0, "calculatedEbitda": 724600000}, {"date": "1994-12-31", "symbol": "WEC", "reportedCurrency": "USD", "cik": "0000783325", "fillingDate": "1995-03-30", "acceptedDate": "1995-03-30 00:00:00", "calendarYear": "1994", "period": "FY", "revenue": 1742200000, "costOfRevenue": 328500000, "grossProfit": 1413700000, "grossProfitRatio": 0.811445299, "researchAndDevelopmentExpenses": 0, "generalAndAdministrativeExpenses": 0, "sellingAndMarketingExpenses": 0, "sellingGeneralAndAdministrativeExpenses": 0, "otherExpenses": 1020900000, "operatingExpenses": 1020900000, "costAndExpenses": 1349400000, "interestIncome": 0, "interestExpense": 0, "depreciationAndAmortization": 231000000, "ebitda": 623800000, "ebitdaratio": 0.3580530364, "operatingIncome": 392800000, "operatingIncomeRatio": 0.2254620595, "totalOtherIncomeExpensesNet": 3300000, "incomeBeforeTax": 309200000, "incomeBeforeTaxRatio": 0.1774767535, "incomeTaxExpense": 128300000, "netIncome": 180900000, "netIncomeRatio": 0.1038342326, "eps": 0.84, "epsdiluted": 0.84, "weightedAverageShsOut": 216050000, "weightedAverageShsOutDil": 216050000, "link": "https://www.sec.gov/Archives/edgar/data/783325/000010781595000003/0000107815-95-000003-index.html", "finalLink": "https://www.sec.gov/Archives/edgar/data/783325/", "calculatedOtherExpenses": 1020900000, "calculatedOperatingExpenses": 1020900000, "calculatedNetInterest": 0, "calculatedOtherIncome": -83600000, "calculatedIncomeNonControlling": 0, "calculatedEbitda": 623800000}, {"date": "1993-12-31", "symbol": "WEC", "reportedCurrency": "USD", "cik": "0000783325", "fillingDate": "1993-12-31", "acceptedDate": "1993-12-30 19:00:00", "calendarYear": "1993", "period": "FY", "revenue": 1643700000, "costOfRevenue": 0, "grossProfit": 1643700000, "grossProfitRatio": 1, "researchAndDevelopmentExpenses": 0, "generalAndAdministrativeExpenses": 0, "sellingAndMarketingExpenses": 0, "sellingGeneralAndAdministrativeExpenses": 0, "otherExpenses": 0, "operatingExpenses": 0, "costAndExpenses": 0, "interestIncome": 0, "interestExpense": 0, "depreciationAndAmortization": 0, "ebitda": 1643700000, "ebitdaratio": 1, "operatingIncome": 1643700000, "operatingIncomeRatio": 1, "totalOtherIncomeExpensesNet": 0, "incomeBeforeTax": 0, "incomeBeforeTaxRatio": 0, "incomeTaxExpense": -188500000, "netIncome": 188500000, "netIncomeRatio": 0.1146802945, "eps": 0.9, "epsdiluted": 0.9, "weightedAverageShsOut": 209444444, "weightedAverageShsOutDil": 209444444, "link": "", "finalLink": "", "calculatedOtherExpenses": 0, "calculatedOperatingExpenses": 0, "calculatedNetInterest": 0, "calculatedOtherIncome": -1643700000, "calculatedIncomeNonControlling": 0, "calculatedEbitda": 1643700000}, {"date": "1992-12-31", "symbol": "WEC", "reportedCurrency": "USD", "cik": "0000783325", "fillingDate": "1992-12-31", "acceptedDate": "1992-12-30 19:00:00", "calendarYear": "1992", "period": "FY", "revenue": 1551800000, "costOfRevenue": 0, "grossProfit": 1551800000, "grossProfitRatio": 1, "researchAndDevelopmentExpenses": 0, "generalAndAdministrativeExpenses": 0, "sellingAndMarketingExpenses": 0, "sellingGeneralAndAdministrativeExpenses": 0, "otherExpenses": 0, "operatingExpenses": 0, "costAndExpenses": 0, "interestIncome": 0, "interestExpense": 0, "depreciationAndAmortization": 0, "ebitda": 1551800000, "ebitdaratio": 1, "operatingIncome": 1551800000, "operatingIncomeRatio": 1, "totalOtherIncomeExpensesNet": 0, "incomeBeforeTax": 0, "incomeBeforeTaxRatio": 0, "incomeTaxExpense": -169700000, "netIncome": 169700000, "netIncomeRatio": 0.1093568759, "eps": 0.84, "epsdiluted": 0.84, "weightedAverageShsOut": 203233533, "weightedAverageShsOutDil": 203233533, "link": "", "finalLink": "", "calculatedOtherExpenses": 0, "calculatedOperatingExpenses": 0, "calculatedNetInterest": 0, "calculatedOtherIncome": -1551800000, "calculatedIncomeNonControlling": 0, "calculatedEbitda": 1551800000}, {"date": "1991-12-31", "symbol": "WEC", "reportedCurrency": "USD", "cik": "0000783325", "fillingDate": "1991-12-31", "acceptedDate": "1991-12-30 19:00:00", "calendarYear": "1991", "period": "FY", "revenue": 1538900000, "costOfRevenue": 0, "grossProfit": 1538900000, "grossProfitRatio": 1, "researchAndDevelopmentExpenses": 0, "generalAndAdministrativeExpenses": 0, "sellingAndMarketingExpenses": 0, "sellingGeneralAndAdministrativeExpenses": 0, "otherExpenses": 0, "operatingExpenses": 0, "costAndExpenses": 0, "interestIncome": 0, "interestExpense": 0, "depreciationAndAmortization": 0, "ebitda": 1538900000, "ebitdaratio": 1, "operatingIncome": 1538900000, "operatingIncomeRatio": 1, "totalOtherIncomeExpensesNet": 0, "incomeBeforeTax": 0, "incomeBeforeTaxRatio": 0, "incomeTaxExpense": -189300000, "netIncome": 189300000, "netIncomeRatio": 0.1230099422, "eps": 0.62, "epsdiluted": 0.62, "weightedAverageShsOut": 201972000, "weightedAverageShsOutDil": 201972000, "link": "", "finalLink": "", "calculatedOtherExpenses": 0, "calculatedOperatingExpenses": 0, "calculatedNetInterest": 0, "calculatedOtherIncome": -1538900000, "calculatedIncomeNonControlling": 0, "calculatedEbitda": 1538900000}, {"date": "1990-12-31", "symbol": "WEC", "reportedCurrency": "USD", "cik": "0000783325", "fillingDate": "1990-12-31", "acceptedDate": "1990-12-30 19:00:00", "calendarYear": "1990", "period": "FY", "revenue": 1442500000, "costOfRevenue": 0, "grossProfit": 1442500000, "grossProfitRatio": 1, "researchAndDevelopmentExpenses": 0, "generalAndAdministrativeExpenses": 0, "sellingAndMarketingExpenses": 0, "sellingGeneralAndAdministrativeExpenses": 0, "otherExpenses": 0, "operatingExpenses": 0, "costAndExpenses": 0, "interestIncome": 0, "interestExpense": 0, "depreciationAndAmortization": 0, "ebitda": 1442500000, "ebitdaratio": 1, "operatingIncome": 1442500000, "operatingIncomeRatio": 1, "totalOtherIncomeExpensesNet": 0, "incomeBeforeTax": 0, "incomeBeforeTaxRatio": 0, "incomeTaxExpense": -186700000, "netIncome": 186700000, "netIncomeRatio": 0.1294280763, "eps": 0.62, "epsdiluted": 0.62, "weightedAverageShsOut": 201972000, "weightedAverageShsOutDil": 201972000, "link": "", "finalLink": "", "calculatedOtherExpenses": 0, "calculatedOperatingExpenses": 0, "calculatedNetInterest": 0, "calculatedOtherIncome": -1442500000, "calculatedIncomeNonControlling": 0, "calculatedEbitda": 1442500000}, {"date": "1989-12-31", "symbol": "WEC", "reportedCurrency": "USD", "cik": "0000783325", "fillingDate": "1989-12-31", "acceptedDate": "1989-12-30 19:00:00", "calendarYear": "1989", "period": "FY", "revenue": 1493400000, "costOfRevenue": 0, "grossProfit": 1493400000, "grossProfitRatio": 1, "researchAndDevelopmentExpenses": 0, "generalAndAdministrativeExpenses": 0, "sellingAndMarketingExpenses": 0, "sellingGeneralAndAdministrativeExpenses": 0, "otherExpenses": 0, "operatingExpenses": 0, "costAndExpenses": 0, "interestIncome": 0, "interestExpense": 0, "depreciationAndAmortization": 0, "ebitda": 1493400000, "ebitdaratio": 1, "operatingIncome": 1493400000, "operatingIncomeRatio": 1, "totalOtherIncomeExpensesNet": 0, "incomeBeforeTax": 0, "incomeBeforeTaxRatio": 0, "incomeTaxExpense": -194000000, "netIncome": 194000000, "netIncomeRatio": 0.129904915, "eps": 0.64, "epsdiluted": 0.64, "weightedAverageShsOut": 201974000, "weightedAverageShsOutDil": 201974000, "link": "", "finalLink": "", "calculatedOtherExpenses": 0, "calculatedOperatingExpenses": 0, "calculatedNetInterest": 0, "calculatedOtherIncome": -1493400000, "calculatedIncomeNonControlling": 0, "calculatedEbitda": 1493400000}, {"date": "1988-12-31", "symbol": "WEC", "reportedCurrency": "USD", "cik": "0000783325", "fillingDate": "1988-12-31", "acceptedDate": "1988-12-30 19:00:00", "calendarYear": "1988", "period": "FY", "revenue": 1540700000, "costOfRevenue": 0, "grossProfit": 1540700000, "grossProfitRatio": 1, "researchAndDevelopmentExpenses": 0, "generalAndAdministrativeExpenses": 0, "sellingAndMarketingExpenses": 0, "sellingGeneralAndAdministrativeExpenses": 0, "otherExpenses": 0, "operatingExpenses": 0, "costAndExpenses": 0, "interestIncome": 0, "interestExpense": 0, "depreciationAndAmortization": 0, "ebitda": 1540700000, "ebitdaratio": 1, "operatingIncome": 1540700000, "operatingIncomeRatio": 1, "totalOtherIncomeExpensesNet": 0, "incomeBeforeTax": 0, "incomeBeforeTaxRatio": 0, "incomeTaxExpense": -183200000, "netIncome": 183200000, "netIncomeRatio": 0.1189069903, "eps": 0.61, "epsdiluted": 0.61, "weightedAverageShsOut": 201974000, "weightedAverageShsOutDil": 201974000, "link": "", "finalLink": "", "calculatedOtherExpenses": 0, "calculatedOperatingExpenses": 0, "calculatedNetInterest": 0, "calculatedOtherIncome": -1540700000, "calculatedIncomeNonControlling": 0, "calculatedEbitda": 1540700000}, {"date": "1987-12-31", "symbol": "WEC", "reportedCurrency": "USD", "cik": "0000783325", "fillingDate": "1987-12-31", "acceptedDate": "1987-12-30 19:00:00", "calendarYear": "1987", "period": "FY", "revenue": 1364600000, "costOfRevenue": 0, "grossProfit": 1364600000, "grossProfitRatio": 1, "researchAndDevelopmentExpenses": 0, "generalAndAdministrativeExpenses": 0, "sellingAndMarketingExpenses": 0, "sellingGeneralAndAdministrativeExpenses": 0, "otherExpenses": 0, "operatingExpenses": 0, "costAndExpenses": 0, "interestIncome": 0, "interestExpense": 0, "depreciationAndAmortization": 0, "ebitda": 1364600000, "ebitdaratio": 1, "operatingIncome": 1364600000, "operatingIncomeRatio": 1, "totalOtherIncomeExpensesNet": 0, "incomeBeforeTax": 0, "incomeBeforeTaxRatio": 0, "incomeTaxExpense": -169500000, "netIncome": 169500000, "netIncomeRatio": 0.1242122234, "eps": 0.57, "epsdiluted": 0.57, "weightedAverageShsOut": 199638000, "weightedAverageShsOutDil": 199638000, "link": "", "finalLink": "", "calculatedOtherExpenses": 0, "calculatedOperatingExpenses": 0, "calculatedNetInterest": 0, "calculatedOtherIncome": -1364600000, "calculatedIncomeNonControlling": 0, "calculatedEbitda": 1364600000}, {"date": "1986-12-31", "symbol": "WEC", "reportedCurrency": "USD", "cik": "0000783325", "fillingDate": "1986-12-31", "acceptedDate": "1986-12-30 19:00:00", "calendarYear": "1986", "period": "FY", "revenue": 1411100000, "costOfRevenue": 0, "grossProfit": 1411100000, "grossProfitRatio": 1, "researchAndDevelopmentExpenses": 0, "generalAndAdministrativeExpenses": 0, "sellingAndMarketingExpenses": 0, "sellingGeneralAndAdministrativeExpenses": 0, "otherExpenses": 0, "operatingExpenses": 0, "costAndExpenses": 0, "interestIncome": 0, "interestExpense": 0, "depreciationAndAmortization": 0, "ebitda": 1411100000, "ebitdaratio": 1, "operatingIncome": 1411100000, "operatingIncomeRatio": 1, "totalOtherIncomeExpensesNet": 0, "incomeBeforeTax": 0, "incomeBeforeTaxRatio": 0, "incomeTaxExpense": -157700000, "netIncome": 157700000, "netIncomeRatio": 0.1117567855, "eps": 0.26, "epsdiluted": 0.26, "weightedAverageShsOut": 199634000, "weightedAverageShsOutDil": 199634000, "link": "", "finalLink": "", "calculatedOtherExpenses": 0, "calculatedOperatingExpenses": 0, "calculatedNetInterest": 0, "calculatedOtherIncome": -1411100000, "calculatedIncomeNonControlling": 0, "calculatedEbitda": 1411100000}, {"date": "1985-12-31", "symbol": "WEC", "reportedCurrency": "USD", "cik": "0000783325", "fillingDate": "1985-12-31", "acceptedDate": "1985-12-30 19:00:00", "calendarYear": "1985", "period": "FY", "revenue": 1440900000, "costOfRevenue": 0, "grossProfit": 1440900000, "grossProfitRatio": 1, "researchAndDevelopmentExpenses": 0, "generalAndAdministrativeExpenses": 0, "sellingAndMarketingExpenses": 0, "sellingGeneralAndAdministrativeExpenses": 0, "otherExpenses": 0, "operatingExpenses": 0, "costAndExpenses": 0, "interestIncome": 0, "interestExpense": 0, "depreciationAndAmortization": 0, "ebitda": 1440900000, "ebitdaratio": 1, "operatingIncome": 1440900000, "operatingIncomeRatio": 1, "totalOtherIncomeExpensesNet": 0, "incomeBeforeTax": 0, "incomeBeforeTaxRatio": 0, "incomeTaxExpense": -167500000, "netIncome": 167500000, "netIncomeRatio": 0.1162467902, "eps": 0.27, "epsdiluted": 0.27, "weightedAverageShsOut": 199634000, "weightedAverageShsOutDil": 199634000, "link": "", "finalLink": "", "calculatedOtherExpenses": 0, "calculatedOperatingExpenses": 0, "calculatedNetInterest": 0, "calculatedOtherIncome": -1440900000, "calculatedIncomeNonControlling": 0, "calculatedEbitda": 1440900000}]}