{"originalCurrency": "USD", "convertedCurrency": "USD", "report": [{"date": "2023-12-31", "symbol": "WELL", "reportedCurrency": "USD", "cik": "0000766704", "fillingDate": "2024-02-15", "acceptedDate": "2024-02-15 07:25:22", "calendarYear": "2023", "period": "FY", "revenue": 6632141000, "costOfRevenue": 5343023000, "grossProfit": 1289118000, "grossProfitRatio": 0.1943743355, "researchAndDevelopmentExpenses": 0, "generalAndAdministrativeExpenses": 179091000, "sellingAndMarketingExpenses": 0, "sellingGeneralAndAdministrativeExpenses": 179091000, "otherExpenses": -172215000, "operatingExpenses": 172215000, "costAndExpenses": 5515238000, "interestIncome": 168354000, "interestExpense": 675230000, "depreciationAndAmortization": 1401101000, "ebitda": 2518004000, "ebitdaratio": 0.3796668376, "operatingIncome": 1116903000, "operatingIncomeRatio": 0.1684076077, "totalOtherIncomeExpensesNet": -766856000, "incomeBeforeTax": 350047000, "incomeBeforeTaxRatio": 0.0527803917, "incomeTaxExpense": 6364000, "netIncome": 340094000, "netIncomeRatio": 0.0512796697, "eps": 0.53, "epsdiluted": 0.52, "weightedAverageShsOut": 515629000, "weightedAverageShsOutDil": 518701000, "link": "https://www.sec.gov/Archives/edgar/data/766704/000076670424000008/0000766704-24-000008-index.htm", "finalLink": "https://www.sec.gov/Archives/edgar/data/766704/000076670424000008/well-20231231.htm", "calculatedOtherExpenses": -6876000, "calculatedOperatingExpenses": 172215000, "calculatedNetInterest": -506876000, "calculatedOtherIncome": -259980000, "calculatedIncomeNonControlling": 3589000, "calculatedEbitda": 2518004000}, {"date": "2022-12-31", "symbol": "WELL", "reportedCurrency": "USD", "cik": "0000766704", "fillingDate": "2023-02-21", "acceptedDate": "2023-02-21 16:09:46", "calendarYear": "2022", "period": "FY", "revenue": 5860615000, "costOfRevenue": 3558770000, "grossProfit": 2301845000, "grossProfitRatio": 0.3927650938, "researchAndDevelopmentExpenses": 0, "generalAndAdministrativeExpenses": 150390000, "sellingAndMarketingExpenses": 0, "sellingGeneralAndAdministrativeExpenses": 150390000, "otherExpenses": 1320688000, "operatingExpenses": 1471078000, "costAndExpenses": 5029848000, "interestIncome": 150571000, "interestExpense": 529519000, "depreciationAndAmortization": 1310368000, "ebitda": 2039465000, "ebitdaratio": 0.3479950483, "operatingIncome": 729097000, "operatingIncomeRatio": 0.124406227, "totalOtherIncomeExpensesNet": -556035000, "incomeBeforeTax": 173062000, "incomeBeforeTaxRatio": 0.0295296654, "incomeTaxExpense": 7247000, "netIncome": 141214000, "netIncomeRatio": 0.0240954234, "eps": 0.27, "epsdiluted": 0.27, "weightedAverageShsOut": 462185000, "weightedAverageShsOutDil": 465158000, "link": "https://www.sec.gov/Archives/edgar/data/766704/000076670423000010/0000766704-23-000010-index.htm", "finalLink": "https://www.sec.gov/Archives/edgar/data/766704/000076670423000010/well-20221231.htm", "calculatedOtherExpenses": 1422358000, "calculatedOperatingExpenses": 1572748000, "calculatedNetInterest": -378948000, "calculatedOtherIncome": -177087000, "calculatedIncomeNonControlling": 24601000, "calculatedEbitda": 2039465000}, {"date": "2021-12-31", "symbol": "WELL", "reportedCurrency": "USD", "cik": "0000766704", "fillingDate": "2022-02-16", "acceptedDate": "2022-02-16 08:17:37", "calendarYear": "2021", "period": "FY", "revenue": 4742115000, "costOfRevenue": 2774562000, "grossProfit": 1967553000, "grossProfitRatio": 0.4149104355, "researchAndDevelopmentExpenses": 0, "generalAndAdministrativeExpenses": 126727000, "sellingAndMarketingExpenses": 0, "sellingGeneralAndAdministrativeExpenses": 126727000, "otherExpenses": 1044836000, "operatingExpenses": 1171563000, "costAndExpenses": 3946125000, "interestIncome": 137563000, "interestExpense": 489853000, "depreciationAndAmortization": 1037566000, "ebitda": 1791817000, "ebitdaratio": 0.3778518657, "operatingIncome": 754251000, "operatingIncomeRatio": 0.1590537134, "totalOtherIncomeExpensesNet": -583501000, "incomeBeforeTax": 170750000, "incomeBeforeTaxRatio": 0.0360071403, "incomeTaxExpense": 8713000, "netIncome": 162037000, "netIncomeRatio": 0.0341697745, "eps": 0.38, "epsdiluted": 0.38, "weightedAverageShsOut": 424976000, "weightedAverageShsOutDil": 426841000, "link": "https://www.sec.gov/Archives/edgar/data/766704/000076670422000013/0000766704-22-000013-index.htm", "finalLink": "https://www.sec.gov/Archives/edgar/data/766704/000076670422000013/well-20211231.htm", "calculatedOtherExpenses": 1086575000, "calculatedOperatingExpenses": 1213302000, "calculatedNetInterest": -352290000, "calculatedOtherIncome": -231211000, "calculatedIncomeNonControlling": 0, "calculatedEbitda": 1791817000}, {"date": "2020-12-31", "symbol": "WELL", "reportedCurrency": "USD", "cik": "0000766704", "fillingDate": "2021-02-10", "acceptedDate": "2021-02-10 16:31:46", "calendarYear": "2020", "period": "FY", "revenue": 4605967000, "costOfRevenue": 2597823000, "grossProfit": 2008144000, "grossProfitRatio": 0.4359874919, "researchAndDevelopmentExpenses": 0, "generalAndAdministrativeExpenses": 128394000, "sellingAndMarketingExpenses": 0, "sellingGeneralAndAdministrativeExpenses": 128394000, "otherExpenses": 1132873000, "operatingExpenses": 1261267000, "costAndExpenses": 3859090000, "interestIncome": 69156000, "interestExpense": 514388000, "depreciationAndAmortization": 1038437000, "ebitda": 1714979000, "ebitdaratio": 0.3723385339, "operatingIncome": 676542000, "operatingIncomeRatio": 0.146883814, "totalOtherIncomeExpensesNet": -708094000, "incomeBeforeTax": -31552000, "incomeBeforeTaxRatio": -0.0068502445, "incomeTaxExpense": 9968000, "netIncome": -41520000, "netIncomeRatio": -0.0090143937, "eps": -0.0999, "epsdiluted": -0.0995, "weightedAverageShsOut": 415451000, "weightedAverageShsOutDil": 417387000, "link": "https://www.sec.gov/Archives/edgar/data/766704/000076670421000018/0000766704-21-000018-index.htm", "finalLink": "https://www.sec.gov/Archives/edgar/data/766704/000076670421000018/well-20201231.htm", "calculatedOtherExpenses": 1203208000, "calculatedOperatingExpenses": 1331602000, "calculatedNetInterest": -445232000, "calculatedOtherIncome": -262862000, "calculatedIncomeNonControlling": 0, "calculatedEbitda": 1714979000}, {"date": "2019-12-31", "symbol": "WELL", "reportedCurrency": "USD", "cik": "0000766704", "fillingDate": "2020-02-14", "acceptedDate": "2020-02-14 07:36:55", "calendarYear": "2019", "period": "FY", "revenue": 5121306000, "costOfRevenue": 2690042000, "grossProfit": 2431264000, "grossProfitRatio": 0.4747351554, "researchAndDevelopmentExpenses": 0, "generalAndAdministrativeExpenses": 126549000, "sellingAndMarketingExpenses": 0, "sellingGeneralAndAdministrativeExpenses": 126549000, "otherExpenses": 1045763000, "operatingExpenses": 1172312000, "costAndExpenses": 3862354000, "interestIncome": 63830000, "interestExpense": 555559000, "depreciationAndAmortization": 1027073000, "ebitda": 2233413000, "ebitdaratio": 0.4361022364, "operatingIncome": 1206340000, "operatingIncomeRatio": 0.2355531968, "totalOtherIncomeExpensesNet": -663448000, "incomeBeforeTax": 542892000, "incomeBeforeTaxRatio": 0.1060065538, "incomeTaxExpense": 2957000, "netIncome": 539935000, "netIncomeRatio": 0.105429162, "eps": 1.34, "epsdiluted": 1.34, "weightedAverageShsOut": 401845000, "weightedAverageShsOutDil": 403808000, "link": "https://www.sec.gov/Archives/edgar/data/766704/000076670420000015/0000766704-20-000015-index.htm", "finalLink": "https://www.sec.gov/Archives/edgar/data/766704/000076670420000015/a201910-k.htm", "calculatedOtherExpenses": 1098375000, "calculatedOperatingExpenses": 1224924000, "calculatedNetInterest": -491729000, "calculatedOtherIncome": -171719000, "calculatedIncomeNonControlling": 0, "calculatedEbitda": 2233413000}, {"date": "2018-12-31", "symbol": "WELL", "reportedCurrency": "USD", "cik": "0000766704", "fillingDate": "2019-02-25", "acceptedDate": "2019-02-25 08:41:38", "calendarYear": "2018", "period": "FY", "revenue": 4700499000, "costOfRevenue": 2433017000, "grossProfit": 2267482000, "grossProfitRatio": 0.4823917631, "researchAndDevelopmentExpenses": 0, "generalAndAdministrativeExpenses": 126383000, "sellingAndMarketingExpenses": 0, "sellingGeneralAndAdministrativeExpenses": 126383000, "otherExpenses": -112898000, "operatingExpenses": 1076842000, "costAndExpenses": 3509859000, "interestIncome": 55814000, "interestExpense": 526592000, "depreciationAndAmortization": 950459000, "ebitda": 2028201000, "ebitdaratio": 0.4314863167, "operatingIncome": 1161229000, "operatingIncomeRatio": 0.2470437713, "totalOtherIncomeExpensesNet": -240558000, "incomeBeforeTax": 423490000, "incomeBeforeTaxRatio": 0.0900946899, "incomeTaxExpense": 8674000, "netIncome": 804954000, "netIncomeRatio": 0.171248627, "eps": 2.15, "epsdiluted": 2.15, "weightedAverageShsOut": 373620000, "weightedAverageShsOutDil": 375250000, "link": "https://www.sec.gov/Archives/edgar/data/766704/000076670419000014/0000766704-19-000014-index.htm", "finalLink": "https://www.sec.gov/Archives/edgar/data/766704/000076670419000014/a201810-k.htm", "calculatedOtherExpenses": 979870000, "calculatedOperatingExpenses": 1106253000, "calculatedNetInterest": -470778000, "calculatedOtherIncome": -266961000, "calculatedIncomeNonControlling": -390138000, "calculatedEbitda": 2111688000}, {"date": "2017-12-31", "symbol": "WELL", "reportedCurrency": "USD", "cik": "0000766704", "fillingDate": "2018-02-28", "acceptedDate": "2018-02-28 17:14:51", "calendarYear": "2017", "period": "FY", "revenue": 4316641000, "costOfRevenue": 2083925000, "grossProfit": 2232716000, "grossProfitRatio": 0.5172345812, "researchAndDevelopmentExpenses": 0, "generalAndAdministrativeExpenses": 122008000, "sellingAndMarketingExpenses": 0, "sellingGeneralAndAdministrativeExpenses": 122008000, "otherExpenses": -177776000, "operatingExpenses": 1106694000, "costAndExpenses": 3190619000, "interestIncome": 73811000, "interestExpense": 484622000, "depreciationAndAmortization": 921720000, "ebitda": 1869966000, "ebitdaratio": 0.4331993325, "operatingIncome": 213053000, "operatingIncomeRatio": 0.0493562008, "totalOtherIncomeExpensesNet": -341784000, "incomeBeforeTax": 299616000, "incomeBeforeTaxRatio": 0.0694095247, "incomeTaxExpense": 20128000, "netIncome": 522774000, "netIncomeRatio": 0.121106666, "eps": 1.26, "epsdiluted": 1.26, "weightedAverageShsOut": 367237000, "weightedAverageShsOutDil": 369001000, "link": "https://www.sec.gov/Archives/edgar/data/766704/000076670418000012/0000766704-18-000012-index.htm", "finalLink": "https://www.sec.gov/Archives/edgar/data/766704/000076670418000012/10-K.htm", "calculatedOtherExpenses": 1897655000, "calculatedOperatingExpenses": 2019663000, "calculatedNetInterest": -410811000, "calculatedOtherIncome": 497374000, "calculatedIncomeNonControlling": -243286000, "calculatedEbitda": 1134773000}, {"date": "2016-12-31", "symbol": "WELL", "reportedCurrency": "USD", "cik": "0000766704", "fillingDate": "2017-02-22", "acceptedDate": "2017-02-22 16:34:03", "calendarYear": "2016", "period": "FY", "revenue": 4281160000, "costOfRevenue": 1876983000, "grossProfit": 2404177000, "grossProfitRatio": 0.5615713965, "researchAndDevelopmentExpenses": 0, "generalAndAdministrativeExpenses": 155241000, "sellingAndMarketingExpenses": 0, "sellingGeneralAndAdministrativeExpenses": 155241000, "otherExpenses": -11998000, "operatingExpenses": 1066698000, "costAndExpenses": 2943681000, "interestIncome": 97963000, "interestExpense": 521345000, "depreciationAndAmortization": 901242000, "ebitda": 2226723000, "ebitdaratio": 0.5201214157, "operatingIncome": 1307828000, "operatingIncomeRatio": 0.3054844949, "totalOtherIncomeExpensesNet": -106881000, "incomeBeforeTax": 709253000, "incomeBeforeTaxRatio": 0.165668417, "incomeTaxExpense": -19128000, "netIncome": 1077803000, "netIncomeRatio": 0.2517548982, "eps": 2.83, "epsdiluted": 2.81, "weightedAverageShsOut": 358275000, "weightedAverageShsOutDil": 360227000, "link": "https://www.sec.gov/Archives/edgar/data/766704/000076670417000012/0000766704-17-000012-index.htm", "finalLink": "https://www.sec.gov/Archives/edgar/data/766704/000076670417000012/10-k.htm", "calculatedOtherExpenses": 941108000, "calculatedOperatingExpenses": 1096349000, "calculatedNetInterest": -423382000, "calculatedOtherIncome": -175193000, "calculatedIncomeNonControlling": -349422000, "calculatedEbitda": 2209070000}, {"date": "2015-12-31", "symbol": "WELL", "reportedCurrency": "USD", "cik": "0000766704", "fillingDate": "2016-02-18", "acceptedDate": "2016-02-18 17:23:14", "calendarYear": "2015", "period": "FY", "revenue": 3859826000, "costOfRevenue": 1622257000, "grossProfit": 2237569000, "grossProfitRatio": 0.57970722, "researchAndDevelopmentExpenses": 0, "generalAndAdministrativeExpenses": 147416000, "sellingAndMarketingExpenses": 0, "sellingGeneralAndAdministrativeExpenses": 147416000, "otherExpenses": -46231000, "operatingExpenses": 973656000, "costAndExpenses": 2595913000, "interestIncome": 84141000, "interestExpense": 492169000, "depreciationAndAmortization": 835249000, "ebitda": 2052931000, "ebitdaratio": 0.5318713849, "operatingIncome": 1245207000, "operatingIncomeRatio": 0.3226070294, "totalOtherIncomeExpensesNet": -135627000, "incomeBeforeTax": 636117000, "incomeBeforeTaxRatio": 0.1648045793, "incomeTaxExpense": 6451000, "netIncome": 883750000, "netIncomeRatio": 0.2289610982, "eps": 2.35, "epsdiluted": 2.34, "weightedAverageShsOut": 348240000, "weightedAverageShsOutDil": 349424000, "link": "https://www.sec.gov/Archives/edgar/data/766704/000076670416000055/0000766704-16-000055-index.htm", "finalLink": "https://www.sec.gov/Archives/edgar/data/766704/000076670416000055/10-K.htm", "calculatedOtherExpenses": 844946000, "calculatedOperatingExpenses": 992362000, "calculatedNetInterest": -408028000, "calculatedOtherIncome": -201062000, "calculatedIncomeNonControlling": -254084000, "calculatedEbitda": 2080456000}, {"date": "2014-12-31", "symbol": "WELL", "reportedCurrency": "USD", "cik": "0000766704", "fillingDate": "2015-02-20", "acceptedDate": "2015-02-20 16:36:34", "calendarYear": "2014", "period": "FY", "revenue": 3343546000, "costOfRevenue": 1403358000, "grossProfit": 1940188000, "grossProfitRatio": 0.5802785426, "researchAndDevelopmentExpenses": 0, "generalAndAdministrativeExpenses": 142943000, "sellingAndMarketingExpenses": 0, "sellingGeneralAndAdministrativeExpenses": 142943000, "otherExpenses": -10262000, "operatingExpenses": 987073000, "costAndExpenses": 2390431000, "interestIncome": 37667000, "interestExpense": 481039000, "depreciationAndAmortization": 851840000, "ebitda": 1794693000, "ebitdaratio": 0.5367633644, "operatingIncome": 945240000, "operatingIncomeRatio": 0.2827058458, "totalOtherIncomeExpensesNet": -87863000, "incomeBeforeTax": 384213000, "incomeBeforeTaxRatio": 0.1149118331, "incomeTaxExpense": -1267000, "netIncome": 512153000, "netIncomeRatio": 0.1531765975, "eps": 1.46, "epsdiluted": 1.45, "weightedAverageShsOut": 306272000, "weightedAverageShsOutDil": 307747000, "link": "https://www.sec.gov/Archives/edgar/data/766704/000076670415000012/0000766704-15-000012-index.htm", "finalLink": "https://www.sec.gov/Archives/edgar/data/766704/000076670415000012/10-K.htm", "calculatedOtherExpenses": 852005000, "calculatedOperatingExpenses": 994948000, "calculatedNetInterest": -443372000, "calculatedOtherIncome": -117655000, "calculatedIncomeNonControlling": -126673000, "calculatedEbitda": 1797080000}, {"date": "2013-12-31", "symbol": "WELL", "reportedCurrency": "USD", "cik": "0000766704", "fillingDate": "2014-02-21", "acceptedDate": "2014-02-21 16:43:00", "calendarYear": "2013", "period": "FY", "revenue": 2880608000, "costOfRevenue": 1206813000, "grossProfit": 1673795000, "grossProfitRatio": 0.581056152, "researchAndDevelopmentExpenses": 0, "generalAndAdministrativeExpenses": 108318000, "sellingAndMarketingExpenses": 0, "sellingGeneralAndAdministrativeExpenses": 108318000, "otherExpenses": 4066000, "operatingExpenses": 976228000, "costAndExpenses": 2183041000, "interestIncome": 32663000, "interestExpense": 458360000, "depreciationAndAmortization": 865800000, "ebitda": 1563367000, "ebitdaratio": 0.5427211894, "operatingIncome": 693501000, "operatingIncomeRatio": 0.2407481337, "totalOtherIncomeExpensesNet": -136962000, "incomeBeforeTax": 102245000, "incomeBeforeTaxRatio": 0.0354942429, "incomeTaxExpense": 7491000, "netIncome": 145050000, "netIncomeRatio": 0.0503539531, "eps": 0.28, "epsdiluted": 0.28, "weightedAverageShsOut": 276929000, "weightedAverageShsOutDil": 278761000, "link": "https://www.sec.gov/Archives/edgar/data/766704/000076670414000006/0000766704-14-000006-index.htm", "finalLink": "https://www.sec.gov/Archives/edgar/data/766704/000076670414000006/10-K.htm", "calculatedOtherExpenses": 871976000, "calculatedOperatingExpenses": 980294000, "calculatedNetInterest": -425697000, "calculatedOtherIncome": -165559000, "calculatedIncomeNonControlling": -50296000, "calculatedEbitda": 1559301000}, {"date": "2012-12-31", "symbol": "WELL", "reportedCurrency": "USD", "cik": "0000766704", "fillingDate": "2013-02-26", "acceptedDate": "2013-02-26 16:33:51", "calendarYear": "2012", "period": "FY", "revenue": 1818080000, "costOfRevenue": 570117000, "grossProfit": 1247963000, "grossProfitRatio": 0.6864180894, "researchAndDevelopmentExpenses": 0, "generalAndAdministrativeExpenses": 97341000, "sellingAndMarketingExpenses": 0, "sellingGeneralAndAdministrativeExpenses": 97341000, "otherExpenses": 5271000, "operatingExpenses": 638620000, "costAndExpenses": 1208737000, "interestIncome": 39065000, "interestExpense": 365712000, "depreciationAndAmortization": 548935000, "ebitda": 1158278000, "ebitdaratio": 0.637088577, "operatingIncome": 606474000, "operatingIncomeRatio": 0.3335793804, "totalOtherIncomeExpensesNet": -59009000, "incomeBeforeTax": 184622000, "incomeBeforeTaxRatio": 0.1015477867, "incomeTaxExpense": 7612000, "netIncome": 297255000, "netIncomeRatio": 0.163499406, "eps": 0.99, "epsdiluted": 0.98, "weightedAverageShsOut": 224343000, "weightedAverageShsOutDil": 225953000, "link": "https://www.sec.gov/Archives/edgar/data/766704/000076670413000006/0000766704-13-000006-index.htm", "finalLink": "https://www.sec.gov/Archives/edgar/data/766704/000076670413000006/10K.htm", "calculatedOtherExpenses": 544148000, "calculatedOperatingExpenses": 641489000, "calculatedNetInterest": -326647000, "calculatedOtherIncome": -95205000, "calculatedIncomeNonControlling": -120245000, "calculatedEbitda": 1155409000}, {"date": "2011-12-31", "symbol": "WELL", "reportedCurrency": "USD", "cik": "0000766704", "fillingDate": "2012-02-17", "acceptedDate": "2012-02-17 16:03:57", "calendarYear": "2011", "period": "FY", "revenue": 1421162000, "costOfRevenue": 379476000, "grossProfit": 1041686000, "grossProfitRatio": 0.7329818838, "researchAndDevelopmentExpenses": 0, "generalAndAdministrativeExpenses": 77201000, "sellingAndMarketingExpenses": 70224000, "sellingGeneralAndAdministrativeExpenses": 147425000, "otherExpenses": 420416000, "operatingExpenses": 567841000, "costAndExpenses": 947317000, "interestIncome": 41070000, "interestExpense": 318395000, "depreciationAndAmortization": 418406000, "ebitda": 892251000, "ebitdaratio": 0.6278320135, "operatingIncome": 155450000, "operatingIncomeRatio": 0.1093823224, "totalOtherIncomeExpensesNet": 979000, "incomeBeforeTax": 156429000, "incomeBeforeTaxRatio": 0.1100711953, "incomeTaxExpense": 1388000, "netIncome": 217610000, "netIncomeRatio": 0.1531211783, "eps": 0.9, "epsdiluted": 0.9, "weightedAverageShsOut": 173741000, "weightedAverageShsOutDil": 174401000, "link": "https://www.sec.gov/Archives/edgar/data/766704/000095012312002707/0000950123-12-002707-index.htm", "finalLink": "https://www.sec.gov/Archives/edgar/data/766704/000095012312002707/201110-K.htm", "calculatedOtherExpenses": 738811000, "calculatedOperatingExpenses": 886236000, "calculatedNetInterest": -277325000, "calculatedOtherIncome": 278304000, "calculatedIncomeNonControlling": -62569000, "calculatedEbitda": 573856000}, {"date": "2010-12-31", "symbol": "WELL", "reportedCurrency": "USD", "cik": "0000766704", "fillingDate": "2011-02-25", "acceptedDate": "2011-02-25 16:26:13", "calendarYear": "2010", "period": "FY", "revenue": 680530000, "costOfRevenue": 83120000, "grossProfit": 597410000, "grossProfitRatio": 0.8778599033, "researchAndDevelopmentExpenses": 0, "generalAndAdministrativeExpenses": 54626000, "sellingAndMarketingExpenses": 46660000, "sellingGeneralAndAdministrativeExpenses": 101286000, "otherExpenses": 226802000, "operatingExpenses": 328088000, "costAndExpenses": 411208000, "interestIncome": 40855000, "interestExpense": 157108000, "depreciationAndAmortization": 197118000, "ebitda": 466440000, "ebitdaratio": 0.6854069622, "operatingIncome": 315982000, "operatingIncomeRatio": 0.4643175172, "totalOtherIncomeExpensesNet": -34171000, "incomeBeforeTax": 78043000, "incomeBeforeTaxRatio": 0.1146797349, "incomeTaxExpense": 364000, "netIncome": 128527000, "netIncomeRatio": 0.188863092, "eps": 0.84, "epsdiluted": 0.83, "weightedAverageShsOut": 127656000, "weightedAverageShsOutDil": 128208000, "link": "https://www.sec.gov/Archives/edgar/data/766704/000095012311018750/0000950123-11-018750-index.htm", "finalLink": "https://www.sec.gov/Archives/edgar/data/766704/000095012311018750/l41762e10vk.htm", "calculatedOtherExpenses": 180142000, "calculatedOperatingExpenses": 281428000, "calculatedNetInterest": -116253000, "calculatedOtherIncome": -121686000, "calculatedIncomeNonControlling": -50848000, "calculatedEbitda": 513100000}, {"date": "2009-12-31", "symbol": "WELL", "reportedCurrency": "USD", "cik": "0000766704", "fillingDate": "2010-02-26", "acceptedDate": "2010-02-26 17:19:00", "calendarYear": "2009", "period": "FY", "revenue": 568973000, "costOfRevenue": 45896000, "grossProfit": 523077000, "grossProfitRatio": 0.9193353639, "researchAndDevelopmentExpenses": 0, "generalAndAdministrativeExpenses": 49691000, "sellingAndMarketingExpenses": 0, "sellingGeneralAndAdministrativeExpenses": 49691000, "otherExpenses": 180310000, "operatingExpenses": 230001000, "costAndExpenses": 275897000, "interestIncome": 40885000, "interestExpense": 106231000, "depreciationAndAmortization": 157049000, "ebitda": 450125000, "ebitdaratio": 0.7911183835, "operatingIncome": 186845000, "operatingIncomeRatio": 0.3283899236, "totalOtherIncomeExpensesNet": -25107000, "incomeBeforeTax": 161738000, "incomeBeforeTaxRatio": 0.2842630494, "incomeTaxExpense": 168000, "netIncome": 193269000, "netIncomeRatio": 0.3396804418, "eps": 1.5, "epsdiluted": 1.49, "weightedAverageShsOut": 114207000, "weightedAverageShsOutDil": 114612000, "link": "https://www.sec.gov/Archives/edgar/data/766704/000095012310018352/0000950123-10-018352-index.htm", "finalLink": "https://www.sec.gov/Archives/edgar/data/766704/000095012310018352/l38660e10vk.htm", "calculatedOtherExpenses": 286541000, "calculatedOperatingExpenses": 336232000, "calculatedNetInterest": -65346000, "calculatedOtherIncome": 40239000, "calculatedIncomeNonControlling": -31699000, "calculatedEbitda": 343894000}, {"date": "2008-12-31", "symbol": "WELL", "reportedCurrency": "USD", "cik": "0000766704", "fillingDate": "2009-03-02", "acceptedDate": "2009-03-02 17:09:07", "calendarYear": "2008", "period": "FY", "revenue": 551214000, "costOfRevenue": 43990000, "grossProfit": 507224000, "grossProfitRatio": 0.9201943347, "researchAndDevelopmentExpenses": 0, "generalAndAdministrativeExpenses": 47193000, "sellingAndMarketingExpenses": 0, "sellingGeneralAndAdministrativeExpenses": 47193000, "otherExpenses": 156248000, "operatingExpenses": 203441000, "costAndExpenses": 247431000, "interestIncome": 40063000, "interestExpense": 130813000, "depreciationAndAmortization": 156154000, "ebitda": 459937000, "ebitdaratio": 0.8344073264, "operatingIncome": 172970000, "operatingIncomeRatio": 0.3137982707, "totalOtherIncomeExpensesNet": -21299000, "incomeBeforeTax": 151671000, "incomeBeforeTaxRatio": 0.2751581056, "incomeTaxExpense": 1306000, "netIncome": 288111000, "netIncomeRatio": 0.5226844746, "eps": 2.83, "epsdiluted": 2.81, "weightedAverageShsOut": 93732000, "weightedAverageShsOutDil": 94309000, "link": "https://www.sec.gov/Archives/edgar/data/766704/000095015209002082/0000950152-09-002082-index.htm", "finalLink": "https://www.sec.gov/Archives/edgar/data/766704/000095015209002082/l35635ae10vk.htm", "calculatedOtherExpenses": 287061000, "calculatedOperatingExpenses": 334254000, "calculatedNetInterest": -90750000, "calculatedOtherIncome": 69451000, "calculatedIncomeNonControlling": -137746000, "calculatedEbitda": 329124000}, {"date": "2007-12-31", "symbol": "WELL", "reportedCurrency": "USD", "cik": "0000766704", "fillingDate": "2008-02-28", "acceptedDate": "2008-02-27 18:56:30", "calendarYear": "2007", "period": "FY", "revenue": 486022000, "costOfRevenue": 14437000, "grossProfit": 471585000, "grossProfitRatio": 0.9702955833, "researchAndDevelopmentExpenses": 0, "generalAndAdministrativeExpenses": 37653000, "sellingAndMarketingExpenses": 0, "sellingGeneralAndAdministrativeExpenses": 37653000, "otherExpenses": 189345000, "operatingExpenses": 226998000, "costAndExpenses": 226998000, "interestIncome": 25823000, "interestExpense": 134680000, "depreciationAndAmortization": 149626000, "ebitda": 407569000, "ebitdaratio": 0.8385813811, "operatingIncome": 259024000, "operatingIncomeRatio": 0.5329470682, "totalOtherIncomeExpensesNet": 1081000, "incomeBeforeTax": 1778000, "incomeBeforeTaxRatio": 0.0036582706, "incomeTaxExpense": 117622000, "netIncome": 141402000, "netIncomeRatio": 0.2909374473, "eps": 1.44, "epsdiluted": 1.43, "weightedAverageShsOut": 78861000, "weightedAverageShsOutDil": 79409000, "link": "https://www.sec.gov/Archives/edgar/data/766704/000095015208001476/0000950152-08-001476-index.htm", "finalLink": "https://www.sec.gov/Archives/edgar/data/766704/000095015208001476/l30238ae10vk.htm", "calculatedOtherExpenses": 174908000, "calculatedOperatingExpenses": 212561000, "calculatedNetInterest": -108857000, "calculatedOtherIncome": -148389000, "calculatedIncomeNonControlling": -257246000, "calculatedEbitda": 408650000}, {"date": "2006-12-31", "symbol": "WELL", "reportedCurrency": "USD", "cik": "0000766704", "fillingDate": "2007-03-01", "acceptedDate": "2007-03-01 17:29:07", "calendarYear": "2006", "period": "FY", "revenue": 322824000, "costOfRevenue": 1267000, "grossProfit": 321557000, "grossProfitRatio": 0.9960752608, "researchAndDevelopmentExpenses": 0, "generalAndAdministrativeExpenses": 26004000, "sellingAndMarketingExpenses": 0, "sellingGeneralAndAdministrativeExpenses": 26004000, "otherExpenses": 98501000, "operatingExpenses": 124505000, "costAndExpenses": 124505000, "interestIncome": 18829000, "interestExpense": 94802000, "depreciationAndAmortization": 97564000, "ebitda": 295883000, "ebitdaratio": 0.9165458578, "operatingIncome": 198319000, "operatingIncomeRatio": 0.6143254529, "totalOtherIncomeExpensesNet": -105525000, "incomeBeforeTax": -2021000, "incomeBeforeTaxRatio": -0.0062603772, "incomeTaxExpense": -9956000, "netIncome": 102750000, "netIncomeRatio": 0.3182848859, "eps": 1.32, "epsdiluted": 1.31, "weightedAverageShsOut": 61661000, "weightedAverageShsOutDil": 62045000, "link": "https://www.sec.gov/Archives/edgar/data/766704/000095015207001691/0000950152-07-001691-index.htm", "finalLink": "https://www.sec.gov/Archives/edgar/data/766704/000095015207001691/l24255ae10vk.htm", "calculatedOtherExpenses": 97234000, "calculatedOperatingExpenses": 123238000, "calculatedNetInterest": -75973000, "calculatedOtherIncome": -124367000, "calculatedIncomeNonControlling": -94815000, "calculatedEbitda": 295883000}, {"date": "2005-12-31", "symbol": "WELL", "reportedCurrency": "USD", "cik": "0000766704", "fillingDate": "2006-03-10", "acceptedDate": "2006-03-10 17:39:11", "calendarYear": "2005", "period": "FY", "revenue": 281847000, "costOfRevenue": 3227000, "grossProfit": 278620000, "grossProfitRatio": 0.9885505256, "researchAndDevelopmentExpenses": 0, "generalAndAdministrativeExpenses": 17249000, "sellingAndMarketingExpenses": 0, "sellingGeneralAndAdministrativeExpenses": 17249000, "otherExpenses": 83910000, "operatingExpenses": 101159000, "costAndExpenses": 101159000, "interestIncome": 23993000, "interestExpense": 80050000, "depreciationAndAmortization": 89803000, "ebitda": 291975000, "ebitdaratio": 1.0359343899, "operatingIncome": 180688000, "operatingIncomeRatio": 0.6410854116, "totalOtherIncomeExpensesNet": -21484000, "incomeBeforeTax": 1905000, "incomeBeforeTaxRatio": 0.0067589863, "incomeTaxExpense": 96402000, "netIncome": 84286000, "netIncomeRatio": 0.2990487747, "eps": 1.16, "epsdiluted": 1.15, "weightedAverageShsOut": 54110000, "weightedAverageShsOutDil": 54499000, "link": "https://www.sec.gov/Archives/edgar/data/766704/000095015206001977/0000950152-06-001977-index.htm", "finalLink": "https://www.sec.gov/Archives/edgar/data/766704/000095015206001977/l17863ae10vk.htm", "calculatedOtherExpenses": 80683000, "calculatedOperatingExpenses": 97932000, "calculatedNetInterest": -56057000, "calculatedOtherIncome": -122726000, "calculatedIncomeNonControlling": -178783000, "calculatedEbitda": 270491000}, {"date": "2004-12-31", "symbol": "WELL", "reportedCurrency": "USD", "cik": "0000766704", "fillingDate": "2005-03-16", "acceptedDate": "2005-03-16 16:35:24", "calendarYear": "2004", "period": "FY", "revenue": 226095000, "costOfRevenue": 143000, "grossProfit": 225952000, "grossProfitRatio": 0.9993675225, "researchAndDevelopmentExpenses": 0, "generalAndAdministrativeExpenses": 16585000, "sellingAndMarketingExpenses": 0, "sellingGeneralAndAdministrativeExpenses": 16585000, "otherExpenses": 77943000, "operatingExpenses": 94528000, "costAndExpenses": 94528000, "interestIncome": 22818000, "interestExpense": 71994000, "depreciationAndAmortization": 156524000, "ebitda": 288234000, "ebitdaratio": 1.2748357991, "operatingIncome": 131567000, "operatingIncomeRatio": 0.581910259, "totalOtherIncomeExpensesNet": -143000, "incomeBeforeTax": 641000, "incomeBeforeTaxRatio": 0.0028350914, "incomeTaxExpense": 46196000, "netIncome": 85371000, "netIncomeRatio": 0.3775890665, "eps": 1.41, "epsdiluted": 1.39, "weightedAverageShsOut": 51544000, "weightedAverageShsOutDil": 52082000, "link": "https://www.sec.gov/Archives/edgar/data/766704/000095015205002226/0000950152-05-002226-index.htm", "finalLink": "https://www.sec.gov/Archives/edgar/data/766704/000095015205002226/l12413ae10vk.htm", "calculatedOtherExpenses": 77800000, "calculatedOperatingExpenses": 94385000, "calculatedNetInterest": -49176000, "calculatedOtherIncome": -81750000, "calculatedIncomeNonControlling": -130926000, "calculatedEbitda": 288091000}, {"date": "2003-12-31", "symbol": "WELL", "reportedCurrency": "USD", "cik": "0000766704", "fillingDate": "2004-03-12", "acceptedDate": "2004-03-12 17:20:14", "calendarYear": "2003", "period": "FY", "revenue": 201031000, "costOfRevenue": 0, "grossProfit": 201031000, "grossProfitRatio": 1, "researchAndDevelopmentExpenses": 0, "generalAndAdministrativeExpenses": 11483000, "sellingAndMarketingExpenses": 0, "sellingGeneralAndAdministrativeExpenses": 11483000, "otherExpenses": 56869000, "operatingExpenses": 68352000, "costAndExpenses": 68352000, "interestIncome": 0, "interestExpense": 0, "depreciationAndAmortization": 56827000, "ebitda": 192298000, "ebitdaratio": 0.9565589387, "operatingIncome": 132679000, "operatingIncomeRatio": 0.6599927374, "totalOtherIncomeExpensesNet": -2792000, "incomeBeforeTax": 129887000, "incomeBeforeTaxRatio": 0.6461043322, "incomeTaxExpense": 49939000, "netIncome": 82740000, "netIncomeRatio": 0.4115783138, "eps": 1.62, "epsdiluted": 1.6, "weightedAverageShsOut": 43572000, "weightedAverageShsOutDil": 44201000, "link": "https://www.sec.gov/Archives/edgar/data/766704/000095015204001895/0000950152-04-001895-index.htm", "finalLink": "https://www.sec.gov/Archives/edgar/data/766704/000095015204001895/l05635ae10vk.txt", "calculatedOtherExpenses": 56869000, "calculatedOperatingExpenses": 68352000, "calculatedNetInterest": 0, "calculatedOtherIncome": -2792000, "calculatedIncomeNonControlling": -2792000, "calculatedEbitda": 189506000}, {"date": "2002-12-31", "symbol": "WELL", "reportedCurrency": "USD", "cik": "0000766704", "fillingDate": "2003-03-10", "acceptedDate": "2003-03-07 18:52:56", "calendarYear": "2002", "period": "FY", "revenue": 163118000, "costOfRevenue": 0, "grossProfit": 163118000, "grossProfitRatio": 1, "researchAndDevelopmentExpenses": 0, "generalAndAdministrativeExpenses": 9665000, "sellingAndMarketingExpenses": 0, "sellingGeneralAndAdministrativeExpenses": 9665000, "otherExpenses": 42684000, "operatingExpenses": 52349000, "costAndExpenses": 52349000, "interestIncome": 0, "interestExpense": 0, "depreciationAndAmortization": 44278000, "ebitda": 157345000, "ebitdaratio": 0.964608443, "operatingIncome": 110769000, "operatingIncomeRatio": 0.6790728185, "totalOtherIncomeExpensesNet": -2298000, "incomeBeforeTax": 108471000, "incomeBeforeTaxRatio": 0.6649848576, "incomeTaxExpense": 43110000, "netIncome": 67659000, "netIncomeRatio": 0.4147856153, "eps": 1.5, "epsdiluted": 1.48, "weightedAverageShsOut": 36702000, "weightedAverageShsOutDil": 37301000, "link": "https://www.sec.gov/Archives/edgar/data/766704/000095015203002693/0000950152-03-002693-index.htm", "finalLink": "https://www.sec.gov/Archives/edgar/data/766704/000095015203002693/l99123ae10vk.txt", "calculatedOtherExpenses": 42684000, "calculatedOperatingExpenses": 52349000, "calculatedNetInterest": 0, "calculatedOtherIncome": -2298000, "calculatedIncomeNonControlling": -2298000, "calculatedEbitda": 155047000}, {"date": "2001-12-31", "symbol": "WELL", "reportedCurrency": "USD", "cik": "0000766704", "fillingDate": "2002-03-25", "acceptedDate": "2002-03-25 00:00:00", "calendarYear": "2001", "period": "FY", "revenue": 135120000, "costOfRevenue": 0, "grossProfit": 135120000, "grossProfitRatio": 1, "researchAndDevelopmentExpenses": 0, "generalAndAdministrativeExpenses": 8078000, "sellingAndMarketingExpenses": 0, "sellingGeneralAndAdministrativeExpenses": 8078000, "otherExpenses": 33002000, "operatingExpenses": 41080000, "costAndExpenses": 41080000, "interestIncome": 0, "interestExpense": 0, "depreciationAndAmortization": 33441000, "ebitda": 129981000, "ebitdaratio": 0.9619671403, "operatingIncome": 94040000, "operatingIncomeRatio": 0.6959739491, "totalOtherIncomeExpensesNet": -2500000, "incomeBeforeTax": 91540000, "incomeBeforeTaxRatio": 0.6774718769, "incomeTaxExpense": 33491000, "netIncome": 60549000, "netIncomeRatio": 0.4481127886, "eps": 1.54, "epsdiluted": 1.52, "weightedAverageShsOut": 30534000, "weightedAverageShsOutDil": 31027000, "link": "https://www.sec.gov/Archives/edgar/data/766704/000095015202002172/0000950152-02-002172-index.htm", "finalLink": "https://www.sec.gov/Archives/edgar/data/766704/000095015202002172/l92984ae10-k405.txt", "calculatedOtherExpenses": 33002000, "calculatedOperatingExpenses": 41080000, "calculatedNetInterest": 0, "calculatedOtherIncome": -2500000, "calculatedIncomeNonControlling": -2500000, "calculatedEbitda": 127481000}, {"date": "2000-12-31", "symbol": "WELL", "reportedCurrency": "USD", "cik": "0000766704", "fillingDate": "2001-03-26", "acceptedDate": "2001-03-26 00:00:00", "calendarYear": "2000", "period": "FY", "revenue": 135270000, "costOfRevenue": 0, "grossProfit": 135270000, "grossProfitRatio": 1, "researchAndDevelopmentExpenses": 0, "generalAndAdministrativeExpenses": 7405000, "sellingAndMarketingExpenses": 0, "sellingGeneralAndAdministrativeExpenses": 7405000, "otherExpenses": 24871000, "operatingExpenses": 32276000, "costAndExpenses": 32276000, "interestIncome": 0, "interestExpense": 0, "depreciationAndAmortization": 25216000, "ebitda": 126842000, "ebitdaratio": 0.9376949804, "operatingIncome": 102994000, "operatingIncomeRatio": 0.7613957271, "totalOtherIncomeExpensesNet": 1368000, "incomeBeforeTax": 104362000, "incomeBeforeTaxRatio": 0.7715088342, "incomeTaxExpense": 34938000, "netIncome": 68056000, "netIncomeRatio": 0.5031122939, "eps": 1.92, "epsdiluted": 1.91, "weightedAverageShsOut": 28418000, "weightedAverageShsOutDil": 28643000, "link": "https://www.sec.gov/Archives/edgar/data/766704/000095015201001541/0000950152-01-001541-index.htm", "finalLink": "https://www.sec.gov/Archives/edgar/data/766704/000095015201001541/l87094ae10-k.txt", "calculatedOtherExpenses": 24871000, "calculatedOperatingExpenses": 32276000, "calculatedNetInterest": 0, "calculatedOtherIncome": 1368000, "calculatedIncomeNonControlling": 1368000, "calculatedEbitda": 128210000}, {"date": "1999-12-31", "symbol": "WELL", "reportedCurrency": "USD", "cik": "0000766704", "fillingDate": "2000-03-20", "acceptedDate": "2000-03-20 00:00:00", "calendarYear": "1999", "period": "FY", "revenue": 128604000, "costOfRevenue": 0, "grossProfit": 128604000, "grossProfitRatio": 1, "researchAndDevelopmentExpenses": 0, "generalAndAdministrativeExpenses": 7359000, "sellingAndMarketingExpenses": 0, "sellingGeneralAndAdministrativeExpenses": 7359000, "otherExpenses": 19394000, "operatingExpenses": 26753000, "costAndExpenses": 26753000, "interestIncome": 0, "interestExpense": 0, "depreciationAndAmortization": 20104000, "ebitda": 120552000, "ebitdaratio": 0.9373891947, "operatingIncome": 101851000, "operatingIncomeRatio": 0.7919738111, "totalOtherIncomeExpensesNet": 1403000, "incomeBeforeTax": 103254000, "incomeBeforeTaxRatio": 0.8028832696, "incomeTaxExpense": 26213000, "netIncome": 75638000, "netIncomeRatio": 0.5881465584, "eps": 2.23, "epsdiluted": 2.21, "weightedAverageShsOut": 28161435, "weightedAverageShsOutDil": 28416290, "link": "https://www.sec.gov/Archives/edgar/data/766704/000095015200001833/0000950152-00-001833-index.html", "finalLink": "https://www.sec.gov/Archives/edgar/data/766704/000095015200001833/", "calculatedOtherExpenses": 19394000, "calculatedOperatingExpenses": 26753000, "calculatedNetInterest": 0, "calculatedOtherIncome": 1403000, "calculatedIncomeNonControlling": 1403000, "calculatedEbitda": 121955000}, {"date": "1998-12-31", "symbol": "WELL", "reportedCurrency": "USD", "cik": "0000766704", "fillingDate": "1999-03-05", "acceptedDate": "1999-03-05 00:00:00", "calendarYear": "1998", "period": "FY", "revenue": 97992000, "costOfRevenue": 0, "grossProfit": 97992000, "grossProfitRatio": 1, "researchAndDevelopmentExpenses": 0, "generalAndAdministrativeExpenses": 6114000, "sellingAndMarketingExpenses": 0, "sellingGeneralAndAdministrativeExpenses": 6114000, "otherExpenses": 11539000, "operatingExpenses": 17653000, "costAndExpenses": 17653000, "interestIncome": 0, "interestExpense": 0, "depreciationAndAmortization": 11654000, "ebitda": 90993000, "ebitdaratio": 0.9285758021, "operatingIncome": 80339000, "operatingIncomeRatio": 0.819852641, "totalOtherIncomeExpensesNet": 1000000, "incomeBeforeTax": 81339000, "incomeBeforeTaxRatio": 0.8300575557, "incomeTaxExpense": 18030000, "netIncome": 62309000, "netIncomeRatio": 0.6358580292, "eps": 2.27, "epsdiluted": 2.24, "weightedAverageShsOut": 25594714, "weightedAverageShsOutDil": 25937500, "link": "https://www.sec.gov/Archives/edgar/data/766704/000095015299001668/0000950152-99-001668-index.html", "finalLink": "https://www.sec.gov/Archives/edgar/data/766704/", "calculatedOtherExpenses": 11539000, "calculatedOperatingExpenses": 17653000, "calculatedNetInterest": 0, "calculatedOtherIncome": 1000000, "calculatedIncomeNonControlling": 1000000, "calculatedEbitda": 91993000}, {"date": "1997-12-31", "symbol": "WELL", "reportedCurrency": "USD", "cik": "0000766704", "fillingDate": "1998-02-06", "acceptedDate": "1998-02-06 00:00:00", "calendarYear": "1997", "period": "FY", "revenue": 73308000, "costOfRevenue": 0, "grossProfit": 73308000, "grossProfitRatio": 1, "researchAndDevelopmentExpenses": 0, "generalAndAdministrativeExpenses": 4858000, "sellingAndMarketingExpenses": 0, "sellingGeneralAndAdministrativeExpenses": 4858000, "otherExpenses": 6607000, "operatingExpenses": 11465000, "costAndExpenses": 11465000, "interestIncome": 0, "interestExpense": 0, "depreciationAndAmortization": 6341000, "ebitda": 68184000, "ebitdaratio": 0.9301031265, "operatingIncome": 61843000, "operatingIncomeRatio": 0.8436050636, "totalOtherIncomeExpensesNet": 0, "incomeBeforeTax": 0, "incomeBeforeTaxRatio": 0, "incomeTaxExpense": 15365000, "netIncome": 46478000, "netIncomeRatio": 0.6340099307, "eps": 2.15, "epsdiluted": 2.12, "weightedAverageShsOut": 21627907, "weightedAverageShsOutDil": 21933962, "link": "https://www.sec.gov/Archives/edgar/data/766704/000095015298000773/0000950152-98-000773-index.html", "finalLink": "https://www.sec.gov/Archives/edgar/data/766704/", "calculatedOtherExpenses": 6607000, "calculatedOperatingExpenses": 11465000, "calculatedNetInterest": 0, "calculatedOtherIncome": -61843000, "calculatedIncomeNonControlling": -61843000, "calculatedEbitda": 68184000}, {"date": "1996-12-31", "symbol": "WELL", "reportedCurrency": "USD", "cik": "0000766704", "fillingDate": "1997-02-10", "acceptedDate": "1997-02-10 00:00:00", "calendarYear": "1996", "period": "FY", "revenue": 54401815, "costOfRevenue": 0, "grossProfit": 54401815, "grossProfitRatio": 1, "researchAndDevelopmentExpenses": 0, "generalAndAdministrativeExpenses": 0, "sellingAndMarketingExpenses": 0, "sellingGeneralAndAdministrativeExpenses": 0, "otherExpenses": 9091468, "operatingExpenses": 9091468, "costAndExpenses": 9091468, "interestIncome": 0, "interestExpense": 0, "depreciationAndAmortization": 2461013, "ebitda": 47771360, "ebitdaratio": 0.8781207024, "operatingIncome": 45310347, "operatingIncomeRatio": 0.8328830022, "totalOtherIncomeExpensesNet": 0, "incomeBeforeTax": 0, "incomeBeforeTaxRatio": 0, "incomeTaxExpense": 14634785, "netIncome": 30675562, "netIncomeRatio": 0.5638701944, "eps": 2.18, "epsdiluted": 2.18, "weightedAverageShsOut": 14093028, "weightedAverageShsOutDil": 14093028, "link": "https://www.sec.gov/Archives/edgar/data/766704/000095015297000724/0000950152-97-000724-index.html", "finalLink": "https://www.sec.gov/Archives/edgar/data/766704/", "calculatedOtherExpenses": 9091468, "calculatedOperatingExpenses": 9091468, "calculatedNetInterest": 0, "calculatedOtherIncome": -45310347, "calculatedIncomeNonControlling": -45310347, "calculatedEbitda": 47771360}, {"date": "1995-12-31", "symbol": "WELL", "reportedCurrency": "USD", "cik": "0000766704", "fillingDate": "1996-03-08", "acceptedDate": "1996-03-08 00:00:00", "calendarYear": "1995", "period": "FY", "revenue": 6351822, "costOfRevenue": 0, "grossProfit": 6351822, "grossProfitRatio": 1, "researchAndDevelopmentExpenses": 0, "generalAndAdministrativeExpenses": 2385535, "sellingAndMarketingExpenses": 0, "sellingGeneralAndAdministrativeExpenses": 2385535, "otherExpenses": 41327069, "operatingExpenses": 43712604, "costAndExpenses": 43712604, "interestIncome": 0, "interestExpense": 0, "depreciationAndAmortization": 1579544, "ebitda": -35781238, "ebitdaratio": -5.6332242938, "operatingIncome": -37360782, "operatingIncomeRatio": -5.8819000281, "totalOtherIncomeExpensesNet": 0, "incomeBeforeTax": 0, "incomeBeforeTaxRatio": 0, "incomeTaxExpense": -50995755, "netIncome": 13634973, "netIncomeRatio": 2.1466239136, "eps": 1.16, "epsdiluted": 1.16, "weightedAverageShsOut": 11709642, "weightedAverageShsOutDil": 11709642, "link": "https://www.sec.gov/Archives/edgar/data/766704/000076670496000006/0000766704-96-000006-index.html", "finalLink": "https://www.sec.gov/Archives/edgar/data/766704/", "calculatedOtherExpenses": 41327069, "calculatedOperatingExpenses": 43712604, "calculatedNetInterest": 0, "calculatedOtherIncome": 37360782, "calculatedIncomeNonControlling": 37360782, "calculatedEbitda": -35781238}, {"date": "1994-12-31", "symbol": "WELL", "reportedCurrency": "USD", "cik": "0000766704", "fillingDate": "1995-03-08", "acceptedDate": "1995-03-08 00:00:00", "calendarYear": "1994", "period": "FY", "revenue": 5480232, "costOfRevenue": 0, "grossProfit": 5480232, "grossProfitRatio": 1, "researchAndDevelopmentExpenses": 0, "generalAndAdministrativeExpenses": 3086988, "sellingAndMarketingExpenses": 0, "sellingGeneralAndAdministrativeExpenses": 3086988, "otherExpenses": 5007981, "operatingExpenses": 8094969, "costAndExpenses": 8094969, "interestIncome": 0, "interestExpense": 0, "depreciationAndAmortization": 1385077, "ebitda": -1229660, "ebitdaratio": -0.2243810116, "operatingIncome": -2614737, "operatingIncomeRatio": -0.477121589, "totalOtherIncomeExpensesNet": 0, "incomeBeforeTax": 0, "incomeBeforeTaxRatio": 0, "incomeTaxExpense": -27567655, "netIncome": 24952918, "netIncomeRatio": 4.5532594241, "eps": 2.17, "epsdiluted": 2.17, "weightedAverageShsOut": 11519123, "weightedAverageShsOutDil": 11519123, "link": "https://www.sec.gov/Archives/edgar/data/766704/000095015295000288/0000950152-95-000288-index.html", "finalLink": "https://www.sec.gov/Archives/edgar/data/766704/", "calculatedOtherExpenses": 5007981, "calculatedOperatingExpenses": 8094969, "calculatedNetInterest": 0, "calculatedOtherIncome": 2614737, "calculatedIncomeNonControlling": 2614737, "calculatedEbitda": -1229660}, {"date": "1993-12-31", "symbol": "WELL", "reportedCurrency": "USD", "cik": "0000766704", "fillingDate": "1993-12-31", "acceptedDate": "1993-12-30 19:00:00", "calendarYear": "1993", "period": "FY", "revenue": 36000000, "costOfRevenue": 0, "grossProfit": 36000000, "grossProfitRatio": 1, "researchAndDevelopmentExpenses": 0, "generalAndAdministrativeExpenses": 0, "sellingAndMarketingExpenses": 0, "sellingGeneralAndAdministrativeExpenses": 0, "otherExpenses": -5200000, "operatingExpenses": -5200000, "costAndExpenses": -5200000, "interestIncome": 0, "interestExpense": 0, "depreciationAndAmortization": 800000, "ebitda": 42000000, "ebitdaratio": 1.1666666667, "operatingIncome": 41200000, "operatingIncomeRatio": 1.1444444444, "totalOtherIncomeExpensesNet": 0, "incomeBeforeTax": 0, "incomeBeforeTaxRatio": 0, "incomeTaxExpense": 21100000, "netIncome": 20100000, "netIncomeRatio": 0.5583333333, "eps": 2.15, "epsdiluted": 2.15, "weightedAverageShsOut": 9348837, "weightedAverageShsOutDil": 9348837, "link": "", "finalLink": "", "calculatedOtherExpenses": -5200000, "calculatedOperatingExpenses": -5200000, "calculatedNetInterest": 0, "calculatedOtherIncome": -41200000, "calculatedIncomeNonControlling": -41200000, "calculatedEbitda": 42000000}, {"date": "1992-12-31", "symbol": "WELL", "reportedCurrency": "USD", "cik": "0000766704", "fillingDate": "1992-12-31", "acceptedDate": "1992-12-30 19:00:00", "calendarYear": "1992", "period": "FY", "revenue": 28900000, "costOfRevenue": 0, "grossProfit": 28900000, "grossProfitRatio": 1, "researchAndDevelopmentExpenses": 0, "generalAndAdministrativeExpenses": 0, "sellingAndMarketingExpenses": 0, "sellingGeneralAndAdministrativeExpenses": 0, "otherExpenses": -3600000, "operatingExpenses": -3600000, "costAndExpenses": -3600000, "interestIncome": 0, "interestExpense": 0, "depreciationAndAmortization": 700000, "ebitda": 31500000, "ebitdaratio": 1.0899653979, "operatingIncome": 32500000, "operatingIncomeRatio": 1.124567474, "totalOtherIncomeExpensesNet": 1700000, "incomeBeforeTax": 34200000, "incomeBeforeTaxRatio": 1.1833910035, "incomeTaxExpense": 16000000, "netIncome": 16500000, "netIncomeRatio": 0.5709342561, "eps": 1.91, "epsdiluted": 1.91, "weightedAverageShsOut": 8638743, "weightedAverageShsOutDil": 8638743, "link": "", "finalLink": "", "calculatedOtherExpenses": -3600000, "calculatedOperatingExpenses": -3600000, "calculatedNetInterest": 0, "calculatedOtherIncome": 1700000, "calculatedIncomeNonControlling": 1700000, "calculatedEbitda": 33200000}, {"date": "1991-12-31", "symbol": "WELL", "reportedCurrency": "USD", "cik": "0000766704", "fillingDate": "1991-12-31", "acceptedDate": "1991-12-30 19:00:00", "calendarYear": "1991", "period": "FY", "revenue": 29200000, "costOfRevenue": 0, "grossProfit": 29200000, "grossProfitRatio": 1, "researchAndDevelopmentExpenses": 0, "generalAndAdministrativeExpenses": 0, "sellingAndMarketingExpenses": 0, "sellingGeneralAndAdministrativeExpenses": 0, "otherExpenses": -5100000, "operatingExpenses": -5100000, "costAndExpenses": -5100000, "interestIncome": 0, "interestExpense": 0, "depreciationAndAmortization": 500000, "ebitda": 34800000, "ebitdaratio": 1.1917808219, "operatingIncome": 34300000, "operatingIncomeRatio": 1.1746575342, "totalOtherIncomeExpensesNet": 0, "incomeBeforeTax": 0, "incomeBeforeTaxRatio": 0, "incomeTaxExpense": 21200000, "netIncome": 13100000, "netIncomeRatio": 0.448630137, "eps": 1.92, "epsdiluted": 1.92, "weightedAverageShsOut": 6822917, "weightedAverageShsOutDil": 6822917, "link": "", "finalLink": "", "calculatedOtherExpenses": -5100000, "calculatedOperatingExpenses": -5100000, "calculatedNetInterest": 0, "calculatedOtherIncome": -34300000, "calculatedIncomeNonControlling": -34300000, "calculatedEbitda": 34800000}, {"date": "1990-12-31", "symbol": "WELL", "reportedCurrency": "USD", "cik": "0000766704", "fillingDate": "1990-12-31", "acceptedDate": "1990-12-30 19:00:00", "calendarYear": "1990", "period": "FY", "revenue": 26900000, "costOfRevenue": 0, "grossProfit": 26900000, "grossProfitRatio": 1, "researchAndDevelopmentExpenses": 0, "generalAndAdministrativeExpenses": 7900000, "sellingAndMarketingExpenses": 0, "sellingGeneralAndAdministrativeExpenses": 7900000, "otherExpenses": -10100000, "operatingExpenses": -2200000, "costAndExpenses": -2200000, "interestIncome": 0, "interestExpense": 0, "depreciationAndAmortization": 800000, "ebitda": 29900000, "ebitdaratio": 1.1115241636, "operatingIncome": 29100000, "operatingIncomeRatio": 1.0817843866, "totalOtherIncomeExpensesNet": 0, "incomeBeforeTax": 0, "incomeBeforeTaxRatio": 0, "incomeTaxExpense": 17600000, "netIncome": 11500000, "netIncomeRatio": 0.4275092937, "eps": 1.88, "epsdiluted": 1.88, "weightedAverageShsOut": 6117021, "weightedAverageShsOutDil": 6117021, "link": "", "finalLink": "", "calculatedOtherExpenses": -10100000, "calculatedOperatingExpenses": -2200000, "calculatedNetInterest": 0, "calculatedOtherIncome": -29100000, "calculatedIncomeNonControlling": -29100000, "calculatedEbitda": 29900000}, {"date": "1989-12-31", "symbol": "WELL", "reportedCurrency": "USD", "cik": "0000766704", "fillingDate": "1989-12-31", "acceptedDate": "1989-12-30 19:00:00", "calendarYear": "1989", "period": "FY", "revenue": 26600000, "costOfRevenue": 0, "grossProfit": 26600000, "grossProfitRatio": 1, "researchAndDevelopmentExpenses": 0, "generalAndAdministrativeExpenses": 7000000, "sellingAndMarketingExpenses": 0, "sellingGeneralAndAdministrativeExpenses": 7000000, "otherExpenses": -10000000, "operatingExpenses": -3000000, "costAndExpenses": -3000000, "interestIncome": 0, "interestExpense": 0, "depreciationAndAmortization": 900000, "ebitda": 30500000, "ebitdaratio": 1.1466165414, "operatingIncome": 29600000, "operatingIncomeRatio": 1.1127819549, "totalOtherIncomeExpensesNet": 0, "incomeBeforeTax": 0, "incomeBeforeTaxRatio": 0, "incomeTaxExpense": 18800000, "netIncome": 10800000, "netIncomeRatio": 0.4060150376, "eps": 1.79, "epsdiluted": 1.79, "weightedAverageShsOut": 6033520, "weightedAverageShsOutDil": 6033520, "link": "", "finalLink": "", "calculatedOtherExpenses": -10000000, "calculatedOperatingExpenses": -3000000, "calculatedNetInterest": 0, "calculatedOtherIncome": -29600000, "calculatedIncomeNonControlling": -29600000, "calculatedEbitda": 30500000}, {"date": "1988-12-31", "symbol": "WELL", "reportedCurrency": "USD", "cik": "0000766704", "fillingDate": "1988-12-31", "acceptedDate": "1988-12-30 19:00:00", "calendarYear": "1988", "period": "FY", "revenue": 25800000, "costOfRevenue": 0, "grossProfit": 25800000, "grossProfitRatio": 1, "researchAndDevelopmentExpenses": 0, "generalAndAdministrativeExpenses": 0, "sellingAndMarketingExpenses": 0, "sellingGeneralAndAdministrativeExpenses": 0, "otherExpenses": -4000000, "operatingExpenses": -4000000, "costAndExpenses": -4000000, "interestIncome": 0, "interestExpense": 0, "depreciationAndAmortization": 0, "ebitda": 29800000, "ebitdaratio": 1.1550387597, "operatingIncome": 29800000, "operatingIncomeRatio": 1.1550387597, "totalOtherIncomeExpensesNet": 0, "incomeBeforeTax": 0, "incomeBeforeTaxRatio": 0, "incomeTaxExpense": -10000000, "netIncome": 10000000, "netIncomeRatio": 0.3875968992, "eps": 1.7, "epsdiluted": 1.7, "weightedAverageShsOut": 5882353, "weightedAverageShsOutDil": 5882353, "link": "", "finalLink": "", "calculatedOtherExpenses": -4000000, "calculatedOperatingExpenses": -4000000, "calculatedNetInterest": 0, "calculatedOtherIncome": -29800000, "calculatedIncomeNonControlling": 0, "calculatedEbitda": 29800000}, {"date": "1987-12-31", "symbol": "WELL", "reportedCurrency": "USD", "cik": "0000766704", "fillingDate": "1987-12-31", "acceptedDate": "1987-12-30 19:00:00", "calendarYear": "1987", "period": "FY", "revenue": 25800000, "costOfRevenue": 0, "grossProfit": 25800000, "grossProfitRatio": 1, "researchAndDevelopmentExpenses": 0, "generalAndAdministrativeExpenses": 0, "sellingAndMarketingExpenses": 0, "sellingGeneralAndAdministrativeExpenses": 0, "otherExpenses": -3400000, "operatingExpenses": -3400000, "costAndExpenses": -3400000, "interestIncome": 0, "interestExpense": 0, "depreciationAndAmortization": 0, "ebitda": 29200000, "ebitdaratio": 1.1317829457, "operatingIncome": 29200000, "operatingIncomeRatio": 1.1317829457, "totalOtherIncomeExpensesNet": 0, "incomeBeforeTax": 0, "incomeBeforeTaxRatio": 0, "incomeTaxExpense": -10800000, "netIncome": 10800000, "netIncomeRatio": 0.4186046512, "eps": 1.89, "epsdiluted": 1.89, "weightedAverageShsOut": 5714286, "weightedAverageShsOutDil": 5714286, "link": "", "finalLink": "", "calculatedOtherExpenses": -3400000, "calculatedOperatingExpenses": -3400000, "calculatedNetInterest": 0, "calculatedOtherIncome": -29200000, "calculatedIncomeNonControlling": 0, "calculatedEbitda": 29200000}, {"date": "1986-12-31", "symbol": "WELL", "reportedCurrency": "USD", "cik": "0000766704", "fillingDate": "1986-12-31", "acceptedDate": "1986-12-30 19:00:00", "calendarYear": "1986", "period": "FY", "revenue": 19400000, "costOfRevenue": 0, "grossProfit": 19400000, "grossProfitRatio": 1, "researchAndDevelopmentExpenses": 0, "generalAndAdministrativeExpenses": 0, "sellingAndMarketingExpenses": 0, "sellingGeneralAndAdministrativeExpenses": 0, "otherExpenses": -2600000, "operatingExpenses": -2600000, "costAndExpenses": -2600000, "interestIncome": 0, "interestExpense": 0, "depreciationAndAmortization": 0, "ebitda": 22000000, "ebitdaratio": 1.1340206186, "operatingIncome": 22000000, "operatingIncomeRatio": 1.1340206186, "totalOtherIncomeExpensesNet": 0, "incomeBeforeTax": 0, "incomeBeforeTaxRatio": 0, "incomeTaxExpense": -7500000, "netIncome": 7500000, "netIncomeRatio": 0.3865979381, "eps": 1.6, "epsdiluted": 1.6, "weightedAverageShsOut": 4687500, "weightedAverageShsOutDil": 4687500, "link": "", "finalLink": "", "calculatedOtherExpenses": -2600000, "calculatedOperatingExpenses": -2600000, "calculatedNetInterest": 0, "calculatedOtherIncome": -22000000, "calculatedIncomeNonControlling": 0, "calculatedEbitda": 22000000}, {"date": "1985-12-31", "symbol": "WELL", "reportedCurrency": "USD", "cik": "0000766704", "fillingDate": "1985-12-31", "acceptedDate": "1985-12-30 19:00:00", "calendarYear": "1985", "period": "FY", "revenue": 17800000, "costOfRevenue": 0, "grossProfit": 17800000, "grossProfitRatio": 1, "researchAndDevelopmentExpenses": 0, "generalAndAdministrativeExpenses": 0, "sellingAndMarketingExpenses": 0, "sellingGeneralAndAdministrativeExpenses": 0, "otherExpenses": -2200000, "operatingExpenses": -2200000, "costAndExpenses": -2200000, "interestIncome": 0, "interestExpense": 0, "depreciationAndAmortization": 0, "ebitda": 20000000, "ebitdaratio": 1.1235955056, "operatingIncome": 20000000, "operatingIncomeRatio": 1.1235955056, "totalOtherIncomeExpensesNet": 0, "incomeBeforeTax": 0, "incomeBeforeTaxRatio": 0, "incomeTaxExpense": -6900000, "netIncome": 6900000, "netIncomeRatio": 0.3876404494, "eps": 1.64, "epsdiluted": 1.64, "weightedAverageShsOut": 4207317, "weightedAverageShsOutDil": 4207317, "link": "", "finalLink": "", "calculatedOtherExpenses": -2200000, "calculatedOperatingExpenses": -2200000, "calculatedNetInterest": 0, "calculatedOtherIncome": -20000000, "calculatedIncomeNonControlling": 0, "calculatedEbitda": 20000000}]}