{"originalCurrency": "USD", "convertedCurrency": "USD", "report": [{"date": "2023-12-31", "symbol": "WEN", "reportedCurrency": "USD", "cik": "0000030697", "fillingDate": "2024-02-26", "acceptedDate": "2024-02-26 16:31:25", "calendarYear": "2023", "period": "FY", "revenue": 2181578000, "costOfRevenue": 1553677000, "grossProfit": 627901000, "grossProfitRatio": 0.2878196425, "researchAndDevelopmentExpenses": 0, "generalAndAdministrativeExpenses": 249964000, "sellingAndMarketingExpenses": 0, "sellingGeneralAndAdministrativeExpenses": 249964000, "otherExpenses": 29570000, "operatingExpenses": 249964000, "costAndExpenses": 1803641000, "interestIncome": -10358000, "interestExpense": 124061000, "depreciationAndAmortization": 148567000, "ebitda": 526504000, "ebitdaratio": 0.2413409009, "operatingIncome": 377937000, "operatingIncomeRatio": 0.1732401959, "totalOtherIncomeExpensesNet": -98519000, "incomeBeforeTax": 279418000, "incomeBeforeTaxRatio": 0.1280806829, "incomeTaxExpense": 74978000, "netIncome": 204440000, "netIncomeRatio": 0.0937119828, "eps": 0.98, "epsdiluted": 0.97, "weightedAverageShsOut": 209486000, "weightedAverageShsOutDil": 211534000, "link": "https://www.sec.gov/Archives/edgar/data/30697/000003069724000004/0000030697-24-000004-index.htm", "finalLink": "https://www.sec.gov/Archives/edgar/data/30697/000003069724000004/wen-20231231.htm", "calculatedOtherExpenses": 0, "calculatedOperatingExpenses": 249964000, "calculatedNetInterest": -134419000, "calculatedOtherIncome": 35900000, "calculatedIncomeNonControlling": 0, "calculatedEbitda": 526504000}, {"date": "2022-12-31", "symbol": "WEN", "reportedCurrency": "USD", "cik": "0000030697", "fillingDate": "2023-03-01", "acceptedDate": "2023-03-01 07:18:46", "calendarYear": "2022", "period": "FY", "revenue": 2095505000, "costOfRevenue": 1374748000, "grossProfit": 720757000, "grossProfitRatio": 0.3439538441, "researchAndDevelopmentExpenses": 0, "generalAndAdministrativeExpenses": 254979000, "sellingAndMarketingExpenses": 0, "sellingGeneralAndAdministrativeExpenses": 254979000, "otherExpenses": 109731000, "operatingExpenses": 364710000, "costAndExpenses": 1739458000, "interestIncome": 120212000, "interestExpense": 122319000, "depreciationAndAmortization": 148944000, "ebitda": 502258000, "ebitdaratio": 0.239683513, "operatingIncome": 353314000, "operatingIncomeRatio": 0.1686056583, "totalOtherIncomeExpensesNet": -109809000, "incomeBeforeTax": 243505000, "incomeBeforeTaxRatio": 0.1162034927, "incomeTaxExpense": 66135000, "netIncome": 177370000, "netIncomeRatio": 0.0846430813, "eps": 0.83, "epsdiluted": 0.82, "weightedAverageShsOut": 213766000, "weightedAverageShsOutDil": 215839000, "link": "https://www.sec.gov/Archives/edgar/data/30697/000003069723000002/0000030697-23-000002-index.htm", "finalLink": "https://www.sec.gov/Archives/edgar/data/30697/000003069723000002/wen-20230101.htm", "calculatedOtherExpenses": 112464000, "calculatedOperatingExpenses": 367443000, "calculatedNetInterest": -2107000, "calculatedOtherIncome": -107702000, "calculatedIncomeNonControlling": 0, "calculatedEbitda": 502258000}, {"date": "2021-12-31", "symbol": "WEN", "reportedCurrency": "USD", "cik": "0000030697", "fillingDate": "2022-03-01", "acceptedDate": "2022-03-01 07:15:47", "calendarYear": "2021", "period": "FY", "revenue": 1896998000, "costOfRevenue": 1198742000, "grossProfit": 698256000, "grossProfitRatio": 0.3680847318, "researchAndDevelopmentExpenses": 0, "generalAndAdministrativeExpenses": 242970000, "sellingAndMarketingExpenses": 0, "sellingGeneralAndAdministrativeExpenses": 242970000, "otherExpenses": 111072000, "operatingExpenses": 354042000, "costAndExpenses": 1552784000, "interestIncome": 109146000, "interestExpense": 109185000, "depreciationAndAmortization": 103475000, "ebitda": 470435000, "ebitdaratio": 0.2479891913, "operatingIncome": 366960000, "operatingIncomeRatio": 0.1934424812, "totalOtherIncomeExpensesNet": -126382000, "incomeBeforeTax": 240578000, "incomeBeforeTaxRatio": 0.1268203762, "incomeTaxExpense": 40186000, "netIncome": 200392000, "netIncomeRatio": 0.1056363792, "eps": 0.91, "epsdiluted": 0.89, "weightedAverageShsOut": 221375000, "weightedAverageShsOutDil": 224405000, "link": "https://www.sec.gov/Archives/edgar/data/30697/000003069722000003/0000030697-22-000003-index.htm", "finalLink": "https://www.sec.gov/Archives/edgar/data/30697/000003069722000003/wen-20220102.htm", "calculatedOtherExpenses": 88326000, "calculatedOperatingExpenses": 331296000, "calculatedNetInterest": -39000, "calculatedOtherIncome": -126343000, "calculatedIncomeNonControlling": 0, "calculatedEbitda": 470435000}, {"date": "2020-12-31", "symbol": "WEN", "reportedCurrency": "USD", "cik": "0000030697", "fillingDate": "2021-03-03", "acceptedDate": "2021-03-03 07:12:53", "calendarYear": "2020", "period": "FY", "revenue": 1733825000, "costOfRevenue": 1112344000, "grossProfit": 621481000, "grossProfitRatio": 0.3584450565, "researchAndDevelopmentExpenses": 0, "generalAndAdministrativeExpenses": 206876000, "sellingAndMarketingExpenses": 0, "sellingGeneralAndAdministrativeExpenses": 206876000, "otherExpenses": 124378000, "operatingExpenses": 331254000, "costAndExpenses": 1443598000, "interestIncome": 29067000, "interestExpense": 117737000, "depreciationAndAmortization": 155143000, "ebitda": 424451000, "ebitdaratio": 0.2448061367, "operatingIncome": 269308000, "operatingIncomeRatio": 0.1553259412, "totalOtherIncomeExpensesNet": -116513000, "incomeBeforeTax": 152795000, "incomeBeforeTaxRatio": 0.0881259643, "incomeTaxExpense": 34963000, "netIncome": 117832000, "netIncomeRatio": 0.0679607227, "eps": 0.53, "epsdiluted": 0.52, "weightedAverageShsOut": 223684000, "weightedAverageShsOutDil": 228014000, "link": "https://www.sec.gov/Archives/edgar/data/30697/000003069721000002/0000030697-21-000002-index.htm", "finalLink": "https://www.sec.gov/Archives/edgar/data/30697/000003069721000002/wen-20210103.htm", "calculatedOtherExpenses": 145297000, "calculatedOperatingExpenses": 352173000, "calculatedNetInterest": -88670000, "calculatedOtherIncome": -27843000, "calculatedIncomeNonControlling": 0, "calculatedEbitda": 424451000}, {"date": "2019-12-29", "symbol": "WEN", "reportedCurrency": "USD", "cik": "0000030697", "fillingDate": "2020-02-26", "acceptedDate": "2020-02-26 07:19:31", "calendarYear": "2019", "period": "FY", "revenue": 1709002000, "costOfRevenue": 1103261000, "grossProfit": 605741000, "grossProfitRatio": 0.354441364, "researchAndDevelopmentExpenses": 0, "generalAndAdministrativeExpenses": 200206000, "sellingAndMarketingExpenses": 0, "sellingGeneralAndAdministrativeExpenses": 200206000, "otherExpenses": 120275000, "operatingExpenses": 320481000, "costAndExpenses": 1423742000, "interestIncome": 1102000, "interestExpense": 115971000, "depreciationAndAmortization": 162145000, "ebitda": 424724000, "ebitdaratio": 0.2485216518, "operatingIncome": 262579000, "operatingIncomeRatio": 0.1536446417, "totalOtherIncomeExpensesNet": -91098000, "incomeBeforeTax": 171481000, "incomeBeforeTaxRatio": 0.1003398475, "incomeTaxExpense": 34541000, "netIncome": 136940000, "netIncomeRatio": 0.0801286365, "eps": 0.6, "epsdiluted": 0.58, "weightedAverageShsOut": 229944000, "weightedAverageShsOutDil": 235075000, "link": "https://www.sec.gov/Archives/edgar/data/30697/000003069720000002/0000030697-20-000002-index.htm", "finalLink": "https://www.sec.gov/Archives/edgar/data/30697/000003069720000002/twc10k2019.htm", "calculatedOtherExpenses": 142956000, "calculatedOperatingExpenses": 343162000, "calculatedNetInterest": -114869000, "calculatedOtherIncome": 23771000, "calculatedIncomeNonControlling": 0, "calculatedEbitda": 424724000}, {"date": "2018-12-30", "symbol": "WEN", "reportedCurrency": "USD", "cik": "0000030697", "fillingDate": "2019-02-27", "acceptedDate": "2019-02-27 09:03:57", "calendarYear": "2018", "period": "FY", "revenue": 1589936000, "costOfRevenue": 986761000, "grossProfit": 603175000, "grossProfitRatio": 0.3793706162, "researchAndDevelopmentExpenses": 0, "generalAndAdministrativeExpenses": 217489000, "sellingAndMarketingExpenses": 0, "sellingGeneralAndAdministrativeExpenses": 217489000, "otherExpenses": 5381000, "operatingExpenses": 339981000, "costAndExpenses": 1326742000, "interestIncome": 0, "interestExpense": 119618000, "depreciationAndAmortization": 128879000, "ebitda": 397454000, "ebitdaratio": 0.2499811313, "operatingIncome": 249892000, "operatingIncomeRatio": 0.1571711063, "totalOtherIncomeExpensesNet": 431340000, "incomeBeforeTax": 574916000, "incomeBeforeTaxRatio": 0.3615969448, "incomeTaxExpense": 114801000, "netIncome": 460115000, "netIncomeRatio": 0.2893921516, "eps": 1.93, "epsdiluted": 1.88, "weightedAverageShsOut": 237797000, "weightedAverageShsOutDil": 244963000, "link": "https://www.sec.gov/Archives/edgar/data/30697/000003069719000004/0000030697-19-000004-index.htm", "finalLink": "https://www.sec.gov/Archives/edgar/data/30697/000003069719000004/twc10k2018.htm", "calculatedOtherExpenses": 135794000, "calculatedOperatingExpenses": 353283000, "calculatedNetInterest": -119618000, "calculatedOtherIncome": 444642000, "calculatedIncomeNonControlling": 0, "calculatedEbitda": 378771000}, {"date": "2017-12-31", "symbol": "WEN", "reportedCurrency": "USD", "cik": "0000030697", "fillingDate": "2018-02-28", "acceptedDate": "2018-02-28 09:03:48", "calendarYear": "2017", "period": "FY", "revenue": 1223408000, "costOfRevenue": 600962000, "grossProfit": 622446000, "grossProfitRatio": 0.5087803905, "researchAndDevelopmentExpenses": 0, "generalAndAdministrativeExpenses": 208581000, "sellingAndMarketingExpenses": 0, "sellingGeneralAndAdministrativeExpenses": 208581000, "otherExpenses": 1617000, "operatingExpenses": 341941000, "costAndExpenses": 942903000, "interestIncome": 0, "interestExpense": 118059000, "depreciationAndAmortization": 125687000, "ebitda": 407809000, "ebitdaratio": 0.3333385101, "operatingIncome": 214758000, "operatingIncomeRatio": 0.1755407844, "totalOtherIncomeExpensesNet": -61427000, "incomeBeforeTax": 101019000, "incomeBeforeTaxRatio": 0.0825717994, "incomeTaxExpense": -93010000, "netIncome": 194029000, "netIncomeRatio": 0.1585971319, "eps": 0.79, "epsdiluted": 0.77, "weightedAverageShsOut": 244179000, "weightedAverageShsOutDil": 252289000, "link": "https://www.sec.gov/Archives/edgar/data/30697/000003069718000003/0000030697-18-000003-index.htm", "finalLink": "https://www.sec.gov/Archives/edgar/data/30697/000003069718000003/twc10k2017.htm", "calculatedOtherExpenses": 199107000, "calculatedOperatingExpenses": 407688000, "calculatedNetInterest": -118059000, "calculatedOtherIncome": 4320000, "calculatedIncomeNonControlling": 0, "calculatedEbitda": 340445000}, {"date": "2016-12-31", "symbol": "WEN", "reportedCurrency": "USD", "cik": "0000030697", "fillingDate": "2017-03-02", "acceptedDate": "2017-03-02 09:03:50", "calendarYear": "2016", "period": "FY", "revenue": 1435418000, "costOfRevenue": 812461000, "grossProfit": 622957000, "grossProfitRatio": 0.4339899597, "researchAndDevelopmentExpenses": 0, "generalAndAdministrativeExpenses": 245869000, "sellingAndMarketingExpenses": 0, "sellingGeneralAndAdministrativeExpenses": 245869000, "otherExpenses": 989000, "operatingExpenses": 353784000, "costAndExpenses": 1166245000, "interestIncome": 0, "interestExpense": 114802000, "depreciationAndAmortization": 122704000, "ebitda": 392866000, "ebitdaratio": 0.2736944918, "operatingIncome": 314780000, "operatingIncomeRatio": 0.2192950068, "totalOtherIncomeExpensesNet": 47319000, "incomeBeforeTax": 201690000, "incomeBeforeTaxRatio": 0.1405095937, "incomeTaxExpense": 72066000, "netIncome": 129624000, "netIncomeRatio": 0.090304009, "eps": 0.49, "epsdiluted": 0.49, "weightedAverageShsOut": 262209000, "weightedAverageShsOutDil": 266712000, "link": "https://www.sec.gov/Archives/edgar/data/30697/000003069717000002/0000030697-17-000002-index.htm", "finalLink": "https://www.sec.gov/Archives/edgar/data/30697/000003069717000002/twc10k2016.htm", "calculatedOtherExpenses": 62308000, "calculatedOperatingExpenses": 308177000, "calculatedNetInterest": -114802000, "calculatedOtherIncome": 1712000, "calculatedIncomeNonControlling": 0, "calculatedEbitda": 437484000}, {"date": "2015-12-31", "symbol": "WEN", "reportedCurrency": "USD", "cik": "0000030697", "fillingDate": "2016-03-03", "acceptedDate": "2016-03-03 08:32:46", "calendarYear": "2015", "period": "FY", "revenue": 1870297000, "costOfRevenue": 1184073000, "grossProfit": 686224000, "grossProfitRatio": 0.3669064325, "researchAndDevelopmentExpenses": 0, "generalAndAdministrativeExpenses": 256553000, "sellingAndMarketingExpenses": 0, "sellingGeneralAndAdministrativeExpenses": 256553000, "otherExpenses": 806000, "operatingExpenses": 438852000, "costAndExpenses": 1622925000, "interestIncome": 0, "interestExpense": 86067000, "depreciationAndAmortization": 145051000, "ebitda": 393229000, "ebitdaratio": 0.2102494951, "operatingIncome": 274470000, "operatingIncomeRatio": 0.1467520934, "totalOtherIncomeExpensesNet": 72823000, "incomeBeforeTax": 234128000, "incomeBeforeTaxRatio": 0.1251822571, "incomeTaxExpense": 94149000, "netIncome": 161142000, "netIncomeRatio": 0.0861585085, "eps": 0.5, "epsdiluted": 0.49, "weightedAverageShsOut": 323018000, "weightedAverageShsOutDil": 328725000, "link": "https://www.sec.gov/Archives/edgar/data/30697/000003069716000011/0000030697-16-000011-index.htm", "finalLink": "https://www.sec.gov/Archives/edgar/data/30697/000003069716000011/twc10k2015.htm", "calculatedOtherExpenses": 155201000, "calculatedOperatingExpenses": 411754000, "calculatedNetInterest": -86067000, "calculatedOtherIncome": 45725000, "calculatedIncomeNonControlling": -21163000, "calculatedEbitda": 419521000}, {"date": "2014-12-28", "symbol": "WEN", "reportedCurrency": "USD", "cik": "0000030697", "fillingDate": "2015-02-26", "acceptedDate": "2015-02-26 08:31:35", "calendarYear": "2014", "period": "FY", "revenue": 2061063000, "costOfRevenue": 1400796000, "grossProfit": 660267000, "grossProfitRatio": 0.320352653, "researchAndDevelopmentExpenses": 0, "generalAndAdministrativeExpenses": 263257000, "sellingAndMarketingExpenses": 0, "sellingGeneralAndAdministrativeExpenses": 263257000, "otherExpenses": 754000, "operatingExpenses": 426874000, "costAndExpenses": 1827670000, "interestIncome": 0, "interestExpense": 52192000, "depreciationAndAmortization": 159353000, "ebitda": 393500000, "ebitdaratio": 0.1909208986, "operatingIncome": 251508000, "operatingIncomeRatio": 0.1220282932, "totalOtherIncomeExpensesNet": 20068000, "incomeBeforeTax": 201269000, "incomeBeforeTaxRatio": 0.0976530072, "incomeTaxExpense": 79835000, "netIncome": 121434000, "netIncomeRatio": 0.0589181408, "eps": 0.33, "epsdiluted": 0.32, "weightedAverageShsOut": 370160000, "weightedAverageShsOutDil": 376182000, "link": "https://www.sec.gov/Archives/edgar/data/30697/000003069715000003/0000030697-15-000003-index.htm", "finalLink": "https://www.sec.gov/Archives/edgar/data/30697/000003069715000003/twc10k2014.htm", "calculatedOtherExpenses": 145502000, "calculatedOperatingExpenses": 408759000, "calculatedNetInterest": -52192000, "calculatedOtherIncome": 1953000, "calculatedIncomeNonControlling": 0, "calculatedEbitda": 410861000}, {"date": "2013-12-29", "symbol": "WEN", "reportedCurrency": "USD", "cik": "0000030697", "fillingDate": "2014-02-27", "acceptedDate": "2014-02-27 07:37:46", "calendarYear": "2013", "period": "FY", "revenue": 2487410000, "costOfRevenue": 1839740000, "grossProfit": 647670000, "grossProfitRatio": 0.26037927, "researchAndDevelopmentExpenses": 0, "generalAndAdministrativeExpenses": 293792000, "sellingAndMarketingExpenses": 0, "sellingGeneralAndAdministrativeExpenses": 293792000, "otherExpenses": -2080000, "operatingExpenses": 476396000, "costAndExpenses": 2316136000, "interestIncome": 0, "interestExpense": 69012000, "depreciationAndAmortization": 182359000, "ebitda": 351553000, "ebitdaratio": 0.1413329528, "operatingIncome": 135142000, "operatingIncomeRatio": 0.0543304079, "totalOtherIncomeExpensesNet": -43210000, "incomeBeforeTax": 59052000, "incomeBeforeTaxRatio": 0.0237403564, "incomeTaxExpense": 14154000, "netIncome": 45487000, "netIncomeRatio": 0.0182868928, "eps": 0.12, "epsdiluted": 0.11, "weightedAverageShsOut": 392585000, "weightedAverageShsOutDil": 398680000, "link": "https://www.sec.gov/Archives/edgar/data/30697/000003069714000006/0000030697-14-000006-index.htm", "finalLink": "https://www.sec.gov/Archives/edgar/data/30697/000003069714000006/twc10k2013.htm", "calculatedOtherExpenses": 218736000, "calculatedOperatingExpenses": 512528000, "calculatedNetInterest": -69012000, "calculatedOtherIncome": -7078000, "calculatedIncomeNonControlling": -589000, "calculatedEbitda": 317501000}, {"date": "2012-12-30", "symbol": "WEN", "reportedCurrency": "USD", "cik": "0000030697", "fillingDate": "2013-02-28", "acceptedDate": "2013-02-28 07:06:33", "calendarYear": "2012", "period": "FY", "revenue": 2505242000, "costOfRevenue": 1881248000, "grossProfit": 623994000, "grossProfitRatio": 0.2490753388, "researchAndDevelopmentExpenses": 0, "generalAndAdministrativeExpenses": 287808000, "sellingAndMarketingExpenses": 0, "sellingGeneralAndAdministrativeExpenses": 287808000, "otherExpenses": 1565000, "operatingExpenses": 441119000, "costAndExpenses": 2322367000, "interestIncome": 0, "interestExpense": 98604000, "depreciationAndAmortization": 148976000, "ebitda": 333416000, "ebitdaratio": 0.1330873425, "operatingIncome": 116747000, "operatingIncomeRatio": 0.0466010868, "totalOtherIncomeExpensesNet": -103396000, "incomeBeforeTax": -19125000, "incomeBeforeTaxRatio": -0.007633993, "incomeTaxExpense": -23083000, "netIncome": 3083000, "netIncomeRatio": 0.0012306196, "eps": 0.01, "epsdiluted": 0.0079, "weightedAverageShsOut": 390275000, "weightedAverageShsOutDil": 392140000, "link": "https://www.sec.gov/Archives/edgar/data/30697/000003069713000003/0000030697-13-000003-index.htm", "finalLink": "https://www.sec.gov/Archives/edgar/data/30697/000003069713000003/twc10k2012.htm", "calculatedOtherExpenses": 219439000, "calculatedOperatingExpenses": 507247000, "calculatedNetInterest": -98604000, "calculatedOtherIncome": -37268000, "calculatedIncomeNonControlling": 875000, "calculatedEbitda": 265723000}, {"date": "2011-12-31", "symbol": "WEN", "reportedCurrency": "USD", "cik": "0000030697", "fillingDate": "2012-03-01", "acceptedDate": "2012-03-01 08:04:17", "calendarYear": "2011", "period": "FY", "revenue": 2431358000, "costOfRevenue": 1816109000, "grossProfit": 615249000, "grossProfitRatio": 0.2530474739, "researchAndDevelopmentExpenses": 0, "generalAndAdministrativeExpenses": 292390000, "sellingAndMarketingExpenses": 45711000, "sellingGeneralAndAdministrativeExpenses": 338101000, "otherExpenses": 122992000, "operatingExpenses": 461093000, "costAndExpenses": 2277202000, "interestIncome": 0, "interestExpense": 114110000, "depreciationAndAmortization": 145302000, "ebitda": 299458000, "ebitdaratio": 0.1231649144, "operatingIncome": 137121000, "operatingIncomeRatio": 0.0563968778, "totalOtherIncomeExpensesNet": -15606000, "incomeBeforeTax": 24440000, "incomeBeforeTaxRatio": 0.0100519956, "incomeTaxExpense": 6528000, "netIncome": 9875000, "netIncomeRatio": 0.0040615162, "eps": 0.02, "epsdiluted": 0.02, "weightedAverageShsOut": 405224000, "weightedAverageShsOutDil": 407180000, "link": "https://www.sec.gov/Archives/edgar/data/30697/000003069712000007/0000030697-12-000007-index.htm", "finalLink": "https://www.sec.gov/Archives/edgar/data/30697/000003069712000007/twc_wr10k2011.htm", "calculatedOtherExpenses": 140027000, "calculatedOperatingExpenses": 478128000, "calculatedNetInterest": -114110000, "calculatedOtherIncome": 1429000, "calculatedIncomeNonControlling": 8037000, "calculatedEbitda": 282423000}, {"date": "2010-12-31", "symbol": "WEN", "reportedCurrency": "USD", "cik": "0000030697", "fillingDate": "2011-03-03", "acceptedDate": "2011-03-03 07:03:10", "calendarYear": "2010", "period": "FY", "revenue": 3416414000, "costOfRevenue": 2610761000, "grossProfit": 805653000, "grossProfitRatio": 0.2358183171, "researchAndDevelopmentExpenses": 0, "generalAndAdministrativeExpenses": 416606000, "sellingAndMarketingExpenses": 0, "sellingGeneralAndAdministrativeExpenses": 416606000, "otherExpenses": 187182000, "operatingExpenses": 603788000, "costAndExpenses": 3214549000, "interestIncome": 0, "interestExpense": 137229000, "depreciationAndAmortization": 182172000, "ebitda": 423702000, "ebitdaratio": 0.1240195129, "operatingIncome": 132388000, "operatingIncomeRatio": 0.038750573, "totalOtherIncomeExpensesNet": -86631000, "incomeBeforeTax": 17670000, "incomeBeforeTaxRatio": 0.0051720898, "incomeTaxExpense": 21995000, "netIncome": -4325000, "netIncomeRatio": -0.0012659473, "eps": -0.0101, "epsdiluted": -0.0101, "weightedAverageShsOut": 426247000, "weightedAverageShsOutDil": 427195000, "link": "https://www.sec.gov/Archives/edgar/data/30697/000003069711000019/0000030697-11-000019-index.htm", "finalLink": "https://www.sec.gov/Archives/edgar/data/30697/000003069711000019/form10-k_01022011.htm", "calculatedOtherExpenses": 256659000, "calculatedOperatingExpenses": 673265000, "calculatedNetInterest": -137229000, "calculatedOtherIncome": 22511000, "calculatedIncomeNonControlling": 0, "calculatedEbitda": 314560000}, {"date": "2009-12-31", "symbol": "WEN", "reportedCurrency": "USD", "cik": "0000030697", "fillingDate": "2009-12-31", "acceptedDate": "2009-12-31 00:00:00", "calendarYear": "2009", "period": "FY", "revenue": 3580835000, "costOfRevenue": 2728484000, "grossProfit": 852351000, "grossProfitRatio": 0.238031353, "researchAndDevelopmentExpenses": 0, "generalAndAdministrativeExpenses": 0, "sellingAndMarketingExpenses": 0, "sellingGeneralAndAdministrativeExpenses": 452713000, "otherExpenses": 194506000, "operatingExpenses": 647219000, "costAndExpenses": 3375703000, "interestIncome": 0, "interestExpense": 126708000, "depreciationAndAmortization": 190251000, "ebitda": 395383000, "ebitdaratio": 0.1104164252, "operatingIncome": 111976000, "operatingIncomeRatio": 0.0312709187, "totalOtherIncomeExpensesNet": -98557000, "incomeBeforeTax": -20133000, "incomeBeforeTaxRatio": -0.0056224316, "incomeTaxExpense": -23649000, "netIncome": 5062000, "netIncomeRatio": 0.0014136368, "eps": 0.01, "epsdiluted": 0.01, "weightedAverageShsOut": 466204000, "weightedAverageShsOutDil": 466687000, "link": null, "finalLink": null, "calculatedOtherExpenses": 287662000, "calculatedOperatingExpenses": 740375000, "calculatedNetInterest": -126708000, "calculatedOtherIncome": -5401000, "calculatedIncomeNonControlling": -1546000, "calculatedEbitda": 302227000}, {"date": "2008-12-31", "symbol": "WEN", "reportedCurrency": "USD", "cik": "0000030697", "fillingDate": "2008-12-31", "acceptedDate": "2008-12-31 00:00:00", "calendarYear": "2008", "period": "FY", "revenue": 1822761000, "costOfRevenue": 1415534000, "grossProfit": 407227000, "grossProfitRatio": 0.2234121753, "researchAndDevelopmentExpenses": 0, "generalAndAdministrativeExpenses": 0, "sellingAndMarketingExpenses": 0, "sellingGeneralAndAdministrativeExpenses": 248718000, "otherExpenses": 568246000, "operatingExpenses": 816964000, "costAndExpenses": 2232498000, "interestIncome": 0, "interestExpense": 753395000, "depreciationAndAmortization": 88315000, "ebitda": 262675000, "ebitdaratio": 0.144108306, "operatingIncome": -413650000, "operatingIncomeRatio": -0.2269359505, "totalOtherIncomeExpensesNet": -584097000, "incomeBeforeTax": -580912000, "incomeBeforeTaxRatio": -0.3186989408, "incomeTaxExpense": -99294000, "netIncome": -479741000, "netIncomeRatio": -0.263194681, "eps": -3.48, "epsdiluted": -3.48, "weightedAverageShsOut": 137669000, "weightedAverageShsOutDil": 137669000, "link": null, "finalLink": null, "calculatedOtherExpenses": 572159000, "calculatedOperatingExpenses": 820877000, "calculatedNetInterest": -753395000, "calculatedOtherIncome": 586133000, "calculatedIncomeNonControlling": -1877000, "calculatedEbitda": -325335000}, {"date": "2007-12-31", "symbol": "WEN", "reportedCurrency": "USD", "cik": "0000030697", "fillingDate": "2007-12-31", "acceptedDate": "2007-12-31 00:00:00", "calendarYear": "2007", "period": "FY", "revenue": 1263717000, "costOfRevenue": 840363000, "grossProfit": 423354000, "grossProfitRatio": 0.3350069675, "researchAndDevelopmentExpenses": 0, "generalAndAdministrativeExpenses": 205375000, "sellingAndMarketingExpenses": 79270000, "sellingGeneralAndAdministrativeExpenses": 284645000, "otherExpenses": 33392000, "operatingExpenses": 318037000, "costAndExpenses": 1158400000, "interestIncome": 0, "interestExpense": 92232000, "depreciationAndAmortization": 75360000, "ebitda": 175319000, "ebitdaratio": 0.1387328017, "operatingIncome": 19900000, "operatingIncomeRatio": 0.0157471966, "totalOtherIncomeExpensesNet": 5358000, "incomeBeforeTax": 9414000, "incomeBeforeTaxRatio": 0.0074494527, "incomeTaxExpense": -8354000, "netIncome": 16081000, "netIncomeRatio": 0.0127251592, "eps": 0.34, "epsdiluted": 0.34, "weightedAverageShsOut": 90689474, "weightedAverageShsOutDil": 90689474, "link": null, "finalLink": null, "calculatedOtherExpenses": 118809000, "calculatedOperatingExpenses": 403454000, "calculatedNetInterest": -92232000, "calculatedOtherIncome": 81746000, "calculatedIncomeNonControlling": 1687000, "calculatedEbitda": 95260000}, {"date": "2006-12-31", "symbol": "WEN", "reportedCurrency": "USD", "cik": "0000030697", "fillingDate": "2007-03-01", "acceptedDate": "2007-03-01 17:13:59", "calendarYear": "2006", "period": "FY", "revenue": 1243278000, "costOfRevenue": 813869000, "grossProfit": 429409000, "grossProfitRatio": 0.3453845399, "researchAndDevelopmentExpenses": 0, "generalAndAdministrativeExpenses": 236396000, "sellingAndMarketingExpenses": 78619000, "sellingGeneralAndAdministrativeExpenses": 315015000, "otherExpenses": 67114000, "operatingExpenses": 382129000, "costAndExpenses": 1195998000, "interestIncome": 0, "interestExpense": 114088000, "depreciationAndAmortization": 68338000, "ebitda": 44985000, "ebitdaratio": 0.0361825754, "operatingIncome": 44007000, "operatingIncomeRatio": 0.0353959452, "totalOtherIncomeExpensesNet": 70633000, "incomeBeforeTax": 4712000, "incomeBeforeTaxRatio": 0.003789981, "incomeTaxExpense": 4389000, "netIncome": -11329000, "netIncomeRatio": -0.0091122018, "eps": -0.13, "epsdiluted": -0.13, "weightedAverageShsOut": 84092308, "weightedAverageShsOutDil": 84092308, "link": "https://www.sec.gov/Archives/edgar/data/30697/000093041307001881/0000930413-07-001881-index.htm", "finalLink": "https://www.sec.gov/Archives/edgar/data/30697/000093041307001881/c46998_10k.htm", "calculatedOtherExpenses": 70387000, "calculatedOperatingExpenses": 385402000, "calculatedNetInterest": -114088000, "calculatedOtherIncome": 74793000, "calculatedIncomeNonControlling": 11652000, "calculatedEbitda": 112345000}, {"date": "2005-12-31", "symbol": "WEN", "reportedCurrency": "USD", "cik": "0000030697", "fillingDate": "2006-04-03", "acceptedDate": "2006-04-03 14:46:26", "calendarYear": "2005", "period": "FY", "revenue": 727334000, "costOfRevenue": 442791000, "grossProfit": 284543000, "grossProfitRatio": 0.3912136652, "researchAndDevelopmentExpenses": 0, "generalAndAdministrativeExpenses": 205797000, "sellingAndMarketingExpenses": 43472000, "sellingGeneralAndAdministrativeExpenses": 249269000, "otherExpenses": 52464000, "operatingExpenses": 301733000, "costAndExpenses": 744524000, "interestIncome": 0, "interestExpense": 68789000, "depreciationAndAmortization": 35737000, "ebitda": 15978000, "ebitdaratio": 0.0219678992, "operatingIncome": -32074000, "operatingIncomeRatio": -0.0440980347, "totalOtherIncomeExpensesNet": 3502000, "incomeBeforeTax": -66683000, "incomeBeforeTaxRatio": -0.0916814008, "incomeTaxExpense": -16533000, "netIncome": -55627000, "netIncomeRatio": -0.0764806815, "eps": -0.79, "epsdiluted": -0.79, "weightedAverageShsOut": 70413924, "weightedAverageShsOutDil": 70413924, "link": "https://www.sec.gov/Archives/edgar/data/30697/000095011706001568/0000950117-06-001568-index.htm", "finalLink": "https://www.sec.gov/Archives/edgar/data/30697/000095011706001568/a41693.htm", "calculatedOtherExpenses": 67348000, "calculatedOperatingExpenses": 316617000, "calculatedNetInterest": -68789000, "calculatedOtherIncome": 34180000, "calculatedIncomeNonControlling": 5477000, "calculatedEbitda": 3663000}, {"date": "2004-12-31", "symbol": "WEN", "reportedCurrency": "USD", "cik": "0000030697", "fillingDate": "2005-03-18", "acceptedDate": "2005-03-18 17:10:20", "calendarYear": "2004", "period": "FY", "revenue": 328579000, "costOfRevenue": 170391000, "grossProfit": 158188000, "grossProfitRatio": 0.4814306453, "researchAndDevelopmentExpenses": 0, "generalAndAdministrativeExpenses": 118582000, "sellingAndMarketingExpenses": 16587000, "sellingGeneralAndAdministrativeExpenses": 135169000, "otherExpenses": 20285000, "operatingExpenses": 155454000, "costAndExpenses": 325845000, "interestIncome": 0, "interestExpense": -12072000, "depreciationAndAmortization": 22912000, "ebitda": 7298000, "ebitdaratio": 0.0222107925, "operatingIncome": 2734000, "operatingIncomeRatio": 0.0083206778, "totalOtherIncomeExpensesNet": 18348000, "incomeBeforeTax": -13089000, "incomeBeforeTaxRatio": -0.039835169, "incomeTaxExpense": -17483000, "netIncome": 13941000, "netIncomeRatio": 0.0424281527, "eps": 0.2, "epsdiluted": 0.19, "weightedAverageShsOut": 22233000, "weightedAverageShsOutDil": 23415000, "link": "https://www.sec.gov/Archives/edgar/data/30697/000095011705001030/0000950117-05-001030-index.htm", "finalLink": "https://www.sec.gov/Archives/edgar/data/30697/000095011705001030/a39433.txt", "calculatedOtherExpenses": 20285000, "calculatedOperatingExpenses": 155454000, "calculatedNetInterest": 12072000, "calculatedOtherIncome": -27895000, "calculatedIncomeNonControlling": -9547000, "calculatedEbitda": 25646000}, {"date": "2003-12-28", "symbol": "WEN", "reportedCurrency": "USD", "cik": "0000030697", "fillingDate": "2004-03-12", "acceptedDate": "2004-03-12 11:25:07", "calendarYear": "2003", "period": "FY", "revenue": 293620000, "costOfRevenue": 151612000, "grossProfit": 142008000, "grossProfitRatio": 0.4836455282, "researchAndDevelopmentExpenses": 0, "generalAndAdministrativeExpenses": 0, "sellingAndMarketingExpenses": 0, "sellingGeneralAndAdministrativeExpenses": 107158000, "otherExpenses": 38115000, "operatingExpenses": 145273000, "costAndExpenses": 296885000, "interestIncome": 0, "interestExpense": 37225000, "depreciationAndAmortization": 16385000, "ebitda": 11267000, "ebitdaratio": 0.0383727267, "operatingIncome": -1201000, "operatingIncomeRatio": -0.0040903208, "totalOtherIncomeExpensesNet": 1853000, "incomeBeforeTax": -14573000, "incomeBeforeTaxRatio": -0.0496321776, "incomeTaxExpense": -1371000, "netIncome": -10838000, "netIncomeRatio": -0.0369116545, "eps": -0.54, "epsdiluted": -0.54, "weightedAverageShsOut": 20003000, "weightedAverageShsOutDil": 20003000, "link": "https://www.sec.gov/Archives/edgar/data/30697/000095011704000962/0000950117-04-000962-index.htm", "finalLink": "https://www.sec.gov/Archives/edgar/data/30697/000095011704000962/a37216.txt", "calculatedOtherExpenses": 36051000, "calculatedOperatingExpenses": 143209000, "calculatedNetInterest": -37225000, "calculatedOtherIncome": 23853000, "calculatedIncomeNonControlling": -2364000, "calculatedEbitda": 15184000}, {"date": "2002-12-29", "symbol": "WEN", "reportedCurrency": "USD", "cik": "0000030697", "fillingDate": "2003-03-28", "acceptedDate": "2003-03-28 13:37:21", "calendarYear": "2002", "period": "FY", "revenue": 97782000, "costOfRevenue": 0, "grossProfit": 97782000, "grossProfitRatio": 1, "researchAndDevelopmentExpenses": 0, "generalAndAdministrativeExpenses": 0, "sellingAndMarketingExpenses": 0, "sellingGeneralAndAdministrativeExpenses": 80409000, "otherExpenses": 6550000, "operatingExpenses": 86959000, "costAndExpenses": 86959000, "interestIncome": 0, "interestExpense": 14056000, "depreciationAndAmortization": 8442000, "ebitda": 20512000, "ebitdaratio": 0.2097727598, "operatingIncome": 10823000, "operatingIncomeRatio": 0.1106849931, "totalOtherIncomeExpensesNet": -1247000, "incomeBeforeTax": -13086000, "incomeBeforeTaxRatio": -0.133828312, "incomeTaxExpense": -3329000, "netIncome": 1343000, "netIncomeRatio": 0.0137346342, "eps": 0.02, "epsdiluted": 0.02, "weightedAverageShsOut": 20446000, "weightedAverageShsOutDil": 20446000, "link": "https://www.sec.gov/Archives/edgar/data/30697/000095011703001185/0000950117-03-001185-index.htm", "finalLink": "https://www.sec.gov/Archives/edgar/data/30697/000095011703001185/a34823.txt", "calculatedOtherExpenses": 6550000, "calculatedOperatingExpenses": 86959000, "calculatedNetInterest": -14056000, "calculatedOtherIncome": -9853000, "calculatedIncomeNonControlling": -11100000, "calculatedEbitda": 19265000}, {"date": "2001-12-30", "symbol": "WEN", "reportedCurrency": "USD", "cik": "0000030697", "fillingDate": "2002-03-27", "acceptedDate": "2002-03-27 00:00:00", "calendarYear": "2001", "period": "FY", "revenue": 136775000, "costOfRevenue": 0, "grossProfit": 136775000, "grossProfitRatio": 1, "researchAndDevelopmentExpenses": 0, "generalAndAdministrativeExpenses": 0, "sellingAndMarketingExpenses": 0, "sellingGeneralAndAdministrativeExpenses": 77355000, "otherExpenses": 42258000, "operatingExpenses": 119613000, "costAndExpenses": 119613000, "interestIncome": 0, "interestExpense": -79743000, "depreciationAndAmortization": 8572000, "ebitda": -10059000, "ebitdaratio": -0.0735441418, "operatingIncome": 17662000, "operatingIncomeRatio": 0.1291317858, "totalOtherIncomeExpensesNet": 35793000, "incomeBeforeTax": 17662000, "incomeBeforeTaxRatio": 0.1291317858, "incomeTaxExpense": 8696000, "netIncome": 52416000, "netIncomeRatio": 0.3832279291, "eps": 2.44, "epsdiluted": 2.31, "weightedAverageShsOut": 21532000, "weightedAverageShsOutDil": 22692000, "link": "https://www.sec.gov/Archives/edgar/data/30697/000095011702000649/0000950117-02-000649-index.htm", "finalLink": "https://www.sec.gov/Archives/edgar/data/30697/000095011702000649/a32324.txt", "calculatedOtherExpenses": 41758000, "calculatedOperatingExpenses": 119113000, "calculatedNetInterest": 79743000, "calculatedOtherIncome": -79743000, "calculatedIncomeNonControlling": -43450000, "calculatedEbitda": 26234000}, {"date": "2000-12-31", "symbol": "WEN", "reportedCurrency": "USD", "cik": "0000030697", "fillingDate": "2001-04-02", "acceptedDate": "2001-04-02 00:00:00", "calendarYear": "2000", "period": "FY", "revenue": 87241000, "costOfRevenue": -121000, "grossProfit": 87362000, "grossProfitRatio": 1.0013869626, "researchAndDevelopmentExpenses": 0, "generalAndAdministrativeExpenses": 0, "sellingAndMarketingExpenses": 0, "sellingGeneralAndAdministrativeExpenses": 80212000, "otherExpenses": 5434000, "operatingExpenses": 85646000, "costAndExpenses": 85525000, "interestIncome": 0, "interestExpense": 4804000, "depreciationAndAmortization": 5434000, "ebitda": 1851000, "ebitdaratio": 0.0212170883, "operatingIncome": 1716000, "operatingIncomeRatio": 0.0196696507, "totalOtherIncomeExpensesNet": 5299000, "incomeBeforeTax": 2211000, "incomeBeforeTaxRatio": 0.0253435885, "incomeTaxExpense": 12368000, "netIncome": 461921000, "netIncomeRatio": 5.2947696611, "eps": 6.33, "epsdiluted": 6.33, "weightedAverageShsOut": 23232000, "weightedAverageShsOutDil": 23232000, "link": "https://www.sec.gov/Archives/edgar/data/30697/000095011701000685/0000950117-01-000685-index.htm", "finalLink": "https://www.sec.gov/Archives/edgar/data/30697/000095011701000685/0000950117-01-000685-0001.txt", "calculatedOtherExpenses": 5434000, "calculatedOperatingExpenses": 85646000, "calculatedNetInterest": -4804000, "calculatedOtherIncome": 5299000, "calculatedIncomeNonControlling": -472078000, "calculatedEbitda": 7150000}, {"date": "1999-12-31", "symbol": "WEN", "reportedCurrency": "USD", "cik": "0000030697", "fillingDate": "2000-04-03", "acceptedDate": "2000-04-03 00:00:00", "calendarYear": "1999", "period": "FY", "revenue": 770900000, "costOfRevenue": 396100000, "grossProfit": 374800000, "grossProfitRatio": 0.4861849786, "researchAndDevelopmentExpenses": 0, "generalAndAdministrativeExpenses": 0, "sellingAndMarketingExpenses": 0, "sellingGeneralAndAdministrativeExpenses": 323300000, "otherExpenses": 46900000, "operatingExpenses": 370200000, "costAndExpenses": 766300000, "interestIncome": 0, "interestExpense": -119700000, "depreciationAndAmortization": 46900000, "ebitda": -49800000, "ebitdaratio": -0.0645998184, "operatingIncome": 4600000, "operatingIncomeRatio": 0.0059670515, "totalOtherIncomeExpensesNet": 101300000, "incomeBeforeTax": 21600000, "incomeBeforeTaxRatio": 0.0280191983, "incomeTaxExpense": 12900000, "netIncome": 10100000, "netIncomeRatio": 0.0131015696, "eps": 0.39, "epsdiluted": 0.37, "weightedAverageShsOut": 26015000, "weightedAverageShsOutDil": 26943000, "link": "https://www.sec.gov/Archives/edgar/data/30697/000095011700000855/0000950117-00-000855-index.html", "finalLink": "https://www.sec.gov/Archives/edgar/data/30697/000095011700000855/", "calculatedOtherExpenses": 46900000, "calculatedOperatingExpenses": 370200000, "calculatedNetInterest": 119700000, "calculatedOtherIncome": -102700000, "calculatedIncomeNonControlling": -1400000, "calculatedEbitda": 51500000}, {"date": "1998-12-31", "symbol": "WEN", "reportedCurrency": "USD", "cik": "0000030697", "fillingDate": "1999-04-06", "acceptedDate": "1999-04-06 00:00:00", "calendarYear": "1998", "period": "FY", "revenue": 735400000, "costOfRevenue": 380300000, "grossProfit": 355100000, "grossProfitRatio": 0.4828664672, "researchAndDevelopmentExpenses": 0, "generalAndAdministrativeExpenses": 0, "sellingAndMarketingExpenses": 0, "sellingGeneralAndAdministrativeExpenses": 307100000, "otherExpenses": 45800000, "operatingExpenses": 352900000, "costAndExpenses": 733200000, "interestIncome": 0, "interestExpense": -126200000, "depreciationAndAmortization": 45800000, "ebitda": -49200000, "ebitdaratio": -0.0669023661, "operatingIncome": 2200000, "operatingIncomeRatio": 0.0029915692, "totalOtherIncomeExpensesNet": 97200000, "incomeBeforeTax": 28600000, "incomeBeforeTaxRatio": 0.0388903998, "incomeTaxExpense": 16600000, "netIncome": 14600000, "netIncomeRatio": 0.0198531411, "eps": 0.48, "epsdiluted": 0.46, "weightedAverageShsOut": 30306000, "weightedAverageShsOutDil": 31527000, "link": "https://www.sec.gov/Archives/edgar/data/30697/000003069799000029/0000030697-99-000029-index.html", "finalLink": "https://www.sec.gov/Archives/edgar/data/30697/", "calculatedOtherExpenses": 45800000, "calculatedOperatingExpenses": 352900000, "calculatedNetInterest": 126200000, "calculatedOtherIncome": -99800000, "calculatedIncomeNonControlling": -2600000, "calculatedEbitda": 48000000}, {"date": "1997-12-28", "symbol": "WEN", "reportedCurrency": "USD", "cik": "0000030697", "fillingDate": "1998-03-26", "acceptedDate": "1998-03-26 00:00:00", "calendarYear": "1997", "period": "FY", "revenue": 794800000, "costOfRevenue": 427500000, "grossProfit": 367300000, "grossProfitRatio": 0.4621288374, "researchAndDevelopmentExpenses": 0, "generalAndAdministrativeExpenses": 0, "sellingAndMarketingExpenses": 0, "sellingGeneralAndAdministrativeExpenses": 323500000, "otherExpenses": 44400000, "operatingExpenses": 367900000, "costAndExpenses": 795400000, "interestIncome": 0, "interestExpense": -41500000, "depreciationAndAmortization": 44400000, "ebitda": -5500000, "ebitdaratio": -0.0069199799, "operatingIncome": -600000, "operatingIncomeRatio": -0.0007549069, "totalOtherIncomeExpensesNet": 49300000, "incomeBeforeTax": -25300000, "incomeBeforeTaxRatio": -0.0318319074, "incomeTaxExpense": -4700000, "netIncome": -3700000, "netIncomeRatio": -0.0046552592, "eps": -0.12, "epsdiluted": -0.12, "weightedAverageShsOut": 30833333, "weightedAverageShsOutDil": 30833333, "link": "https://www.sec.gov/Archives/edgar/data/30697/000003069798000080/0000030697-98-000080-index.html", "finalLink": "https://www.sec.gov/Archives/edgar/data/30697/", "calculatedOtherExpenses": 44400000, "calculatedOperatingExpenses": 367900000, "calculatedNetInterest": 41500000, "calculatedOtherIncome": -66200000, "calculatedIncomeNonControlling": -16900000, "calculatedEbitda": 43800000}, {"date": "1996-12-31", "symbol": "WEN", "reportedCurrency": "USD", "cik": "0000030697", "fillingDate": "1997-03-31", "acceptedDate": "1997-03-31 00:00:00", "calendarYear": "1996", "period": "FY", "revenue": 989200000, "costOfRevenue": 599400000, "grossProfit": 389800000, "grossProfitRatio": 0.3940558027, "researchAndDevelopmentExpenses": 0, "generalAndAdministrativeExpenses": 0, "sellingAndMarketingExpenses": 0, "sellingGeneralAndAdministrativeExpenses": 271100000, "otherExpenses": 52700000, "operatingExpenses": 323800000, "costAndExpenses": 923200000, "interestIncome": 0, "interestExpense": 56700000, "depreciationAndAmortization": 52700000, "ebitda": 106800000, "ebitdaratio": 0.1079660332, "operatingIncome": 66000000, "operatingIncomeRatio": 0.0667205823, "totalOtherIncomeExpensesNet": 11900000, "incomeBeforeTax": 2800000, "incomeBeforeTaxRatio": 0.0028305702, "incomeTaxExpense": 11300000, "netIncome": -13900000, "netIncomeRatio": -0.014051759, "eps": -0.46, "epsdiluted": -0.46, "weightedAverageShsOut": 30217391, "weightedAverageShsOutDil": 30217391, "link": "https://www.sec.gov/Archives/edgar/data/30697/000003069797000035/0000030697-97-000035-index.html", "finalLink": "https://www.sec.gov/Archives/edgar/data/30697/", "calculatedOtherExpenses": 52700000, "calculatedOperatingExpenses": 323800000, "calculatedNetInterest": -56700000, "calculatedOtherIncome": -6500000, "calculatedIncomeNonControlling": 5400000, "calculatedEbitda": 118700000}, {"date": "1995-12-31", "symbol": "WEN", "reportedCurrency": "USD", "cik": "0000030697", "fillingDate": "1996-04-01", "acceptedDate": "1996-04-01 00:00:00", "calendarYear": "1995", "period": "FY", "revenue": 1184200000, "costOfRevenue": 813000000, "grossProfit": 371200000, "grossProfitRatio": 0.3134605641, "researchAndDevelopmentExpenses": 0, "generalAndAdministrativeExpenses": 0, "sellingAndMarketingExpenses": 0, "sellingGeneralAndAdministrativeExpenses": 293300000, "otherExpenses": 46900000, "operatingExpenses": 340200000, "costAndExpenses": 1153200000, "interestIncome": 0, "interestExpense": 53800000, "depreciationAndAmortization": 46900000, "ebitda": 62700000, "ebitdaratio": 0.0529471373, "operatingIncome": 31000000, "operatingIncomeRatio": 0.0261780105, "totalOtherIncomeExpensesNet": 15200000, "incomeBeforeTax": -38000000, "incomeBeforeTaxRatio": -0.0320891741, "incomeTaxExpense": -1000000, "netIncome": -37000000, "netIncomeRatio": -0.0312447222, "eps": -1.24, "epsdiluted": -1.24, "weightedAverageShsOut": 29838710, "weightedAverageShsOutDil": 29838710, "link": "https://www.sec.gov/Archives/edgar/data/30697/000003069796000011/0000030697-96-000011-index.html", "finalLink": "https://www.sec.gov/Archives/edgar/data/30697/", "calculatedOtherExpenses": 46900000, "calculatedOperatingExpenses": 340200000, "calculatedNetInterest": -53800000, "calculatedOtherIncome": -15200000, "calculatedIncomeNonControlling": 0, "calculatedEbitda": 77900000}, {"date": "1994-12-31", "symbol": "WEN", "reportedCurrency": "USD", "cik": "0000030697", "fillingDate": "1995-03-31", "acceptedDate": "1995-03-31 00:00:00", "calendarYear": "1994", "period": "FY", "revenue": 1062500000, "costOfRevenue": 698400000, "grossProfit": 364100000, "grossProfitRatio": 0.3426823529, "researchAndDevelopmentExpenses": 0, "generalAndAdministrativeExpenses": 0, "sellingAndMarketingExpenses": 0, "sellingGeneralAndAdministrativeExpenses": 234900000, "otherExpenses": 51500000, "operatingExpenses": 286400000, "costAndExpenses": 984800000, "interestIncome": 0, "interestExpense": 88200000, "depreciationAndAmortization": 51500000, "ebitda": 133200000, "ebitdaratio": 0.1253647059, "operatingIncome": 77700000, "operatingIncomeRatio": 0.0731294118, "totalOtherIncomeExpensesNet": -4000000, "incomeBeforeTax": -500000, "incomeBeforeTaxRatio": -0.0004705882, "incomeTaxExpense": 1600000, "netIncome": -8100000, "netIncomeRatio": -0.0076235294, "eps": -0.35, "epsdiluted": -0.35, "weightedAverageShsOut": 23166667, "weightedAverageShsOutDil": 23166667, "link": "https://www.sec.gov/Archives/edgar/data/30697/000003069795000008/0000030697-95-000008-index.html", "finalLink": "https://www.sec.gov/Archives/edgar/data/30697/", "calculatedOtherExpenses": 51500000, "calculatedOperatingExpenses": 286400000, "calculatedNetInterest": -88200000, "calculatedOtherIncome": 10000000, "calculatedIncomeNonControlling": 6000000, "calculatedEbitda": 129200000}, {"date": "1993-12-31", "symbol": "WEN", "reportedCurrency": "USD", "cik": "0000030697", "fillingDate": "1993-12-31", "acceptedDate": "1993-12-31 00:00:00", "calendarYear": "1993", "period": "FY", "revenue": 0, "costOfRevenue": 0, "grossProfit": 0, "grossProfitRatio": 0, "researchAndDevelopmentExpenses": 0, "generalAndAdministrativeExpenses": 0, "sellingAndMarketingExpenses": 0, "sellingGeneralAndAdministrativeExpenses": 0, "otherExpenses": 0, "operatingExpenses": 0, "costAndExpenses": 0, "interestIncome": 0, "interestExpense": 0, "depreciationAndAmortization": 0, "ebitda": 0, "ebitdaratio": 0, "operatingIncome": 0, "operatingIncomeRatio": 0, "totalOtherIncomeExpensesNet": 0, "incomeBeforeTax": 0, "incomeBeforeTaxRatio": 0, "incomeTaxExpense": 0, "netIncome": 0, "netIncomeRatio": 0, "eps": 0, "epsdiluted": 0, "weightedAverageShsOut": 23166667, "weightedAverageShsOutDil": 23166667, "link": null, "finalLink": null, "calculatedOtherExpenses": 0, "calculatedOperatingExpenses": 0, "calculatedNetInterest": 0, "calculatedOtherIncome": 0, "calculatedIncomeNonControlling": 0, "calculatedEbitda": 0}, {"date": "1992-12-31", "symbol": "WEN", "reportedCurrency": "USD", "cik": "0000030697", "fillingDate": "1993-04-30", "acceptedDate": "1993-04-29 20:00:00", "calendarYear": "1992", "period": "FY", "revenue": 1058300000, "costOfRevenue": 722400000, "grossProfit": 335900000, "grossProfitRatio": 0.3173958235, "researchAndDevelopmentExpenses": 0, "generalAndAdministrativeExpenses": 0, "sellingAndMarketingExpenses": 0, "sellingGeneralAndAdministrativeExpenses": 257000000, "otherExpenses": 44400000, "operatingExpenses": 301400000, "costAndExpenses": 1023800000, "interestIncome": 0, "interestExpense": 0, "depreciationAndAmortization": 44400000, "ebitda": 79800000, "ebitdaratio": 0.0754039497, "operatingIncome": 34500000, "operatingIncomeRatio": 0.032599452, "totalOtherIncomeExpensesNet": -900000, "incomeBeforeTax": -35900000, "incomeBeforeTaxRatio": -0.0339223283, "incomeTaxExpense": 8600000, "netIncome": -59900000, "netIncomeRatio": -0.0566002079, "eps": -2.33, "epsdiluted": -2.33, "weightedAverageShsOut": 25751073, "weightedAverageShsOutDil": 25751073, "link": null, "finalLink": null, "calculatedOtherExpenses": 44400000, "calculatedOperatingExpenses": 301400000, "calculatedNetInterest": 0, "calculatedOtherIncome": -70400000, "calculatedIncomeNonControlling": 15400000, "calculatedEbitda": 78900000}, {"date": "1991-12-31", "symbol": "WEN", "reportedCurrency": "USD", "cik": "0000030697", "fillingDate": "1992-04-30", "acceptedDate": "1992-04-30 00:00:00", "calendarYear": "1991", "period": "FY", "revenue": 1275100000, "costOfRevenue": 943400000, "grossProfit": 331700000, "grossProfitRatio": 0.2601364599, "researchAndDevelopmentExpenses": 0, "generalAndAdministrativeExpenses": 0, "sellingAndMarketingExpenses": 0, "sellingGeneralAndAdministrativeExpenses": 185300000, "otherExpenses": 0, "operatingExpenses": 237300000, "costAndExpenses": 1180700000, "interestIncome": 0, "interestExpense": 0, "depreciationAndAmortization": 52000000, "ebitda": 165400000, "ebitdaratio": 0.1297153164, "operatingIncome": 94400000, "operatingIncomeRatio": 0.0740334091, "totalOtherIncomeExpensesNet": -19000000, "incomeBeforeTax": -2000000, "incomeBeforeTaxRatio": -0.0015685044, "incomeTaxExpense": 5500000, "netIncome": -7500000, "netIncomeRatio": -0.0058818916, "eps": -0.29, "epsdiluted": -0.29, "weightedAverageShsOut": 25862069, "weightedAverageShsOutDil": 25862069, "link": null, "finalLink": null, "calculatedOtherExpenses": 52000000, "calculatedOperatingExpenses": 237300000, "calculatedNetInterest": 0, "calculatedOtherIncome": -96400000, "calculatedIncomeNonControlling": 0, "calculatedEbitda": 146400000}, {"date": "1990-12-31", "symbol": "WEN", "reportedCurrency": "USD", "cik": "0000030697", "fillingDate": "1991-04-30", "acceptedDate": "1991-04-30 00:00:00", "calendarYear": "1990", "period": "FY", "revenue": 1215300000, "costOfRevenue": 921200000, "grossProfit": 294100000, "grossProfitRatio": 0.2419978606, "researchAndDevelopmentExpenses": 0, "generalAndAdministrativeExpenses": 0, "sellingAndMarketingExpenses": 0, "sellingGeneralAndAdministrativeExpenses": 197100000, "otherExpenses": 0, "operatingExpenses": 246000000, "costAndExpenses": 1167200000, "interestIncome": 0, "interestExpense": 0, "depreciationAndAmortization": 48900000, "ebitda": 108300000, "ebitdaratio": 0.0891137991, "operatingIncome": 48100000, "operatingIncomeRatio": 0.0395787048, "totalOtherIncomeExpensesNet": -11300000, "incomeBeforeTax": -33200000, "incomeBeforeTaxRatio": -0.0273183576, "incomeTaxExpense": -15600000, "netIncome": -17600000, "netIncomeRatio": -0.0144820209, "eps": -0.68, "epsdiluted": -0.68, "weightedAverageShsOut": 25882353, "weightedAverageShsOutDil": 25882353, "link": null, "finalLink": null, "calculatedOtherExpenses": 48900000, "calculatedOperatingExpenses": 246000000, "calculatedNetInterest": 0, "calculatedOtherIncome": -81300000, "calculatedIncomeNonControlling": 0, "calculatedEbitda": 97000000}, {"date": "1989-12-31", "symbol": "WEN", "reportedCurrency": "USD", "cik": "0000030697", "fillingDate": "1990-04-30", "acceptedDate": "1990-04-30 00:00:00", "calendarYear": "1989", "period": "FY", "revenue": 1231200000, "costOfRevenue": 908200000, "grossProfit": 323000000, "grossProfitRatio": 0.262345679, "researchAndDevelopmentExpenses": 0, "generalAndAdministrativeExpenses": 0, "sellingAndMarketingExpenses": 0, "sellingGeneralAndAdministrativeExpenses": 194600000, "otherExpenses": 0, "operatingExpenses": 241400000, "costAndExpenses": 1149600000, "interestIncome": 0, "interestExpense": 70900000, "depreciationAndAmortization": 46800000, "ebitda": 150200000, "ebitdaratio": 0.1219948018, "operatingIncome": 81600000, "operatingIncomeRatio": 0.0662768031, "totalOtherIncomeExpensesNet": -21800000, "incomeBeforeTax": -12300000, "incomeBeforeTaxRatio": -0.0099902534, "incomeTaxExpense": 600000, "netIncome": -12900000, "netIncomeRatio": -0.0104775828, "eps": -0.51, "epsdiluted": -0.51, "weightedAverageShsOut": 25294118, "weightedAverageShsOutDil": 25294118, "link": null, "finalLink": null, "calculatedOtherExpenses": 46800000, "calculatedOperatingExpenses": 241400000, "calculatedNetInterest": -70900000, "calculatedOtherIncome": -23000000, "calculatedIncomeNonControlling": 0, "calculatedEbitda": 128400000}, {"date": "1988-12-31", "symbol": "WEN", "reportedCurrency": "USD", "cik": "0000030697", "fillingDate": "1989-04-30", "acceptedDate": "1989-04-30 00:00:00", "calendarYear": "1988", "period": "FY", "revenue": 1175100000, "costOfRevenue": 849100000, "grossProfit": 326000000, "grossProfitRatio": 0.277423198, "researchAndDevelopmentExpenses": 0, "generalAndAdministrativeExpenses": 0, "sellingAndMarketingExpenses": 0, "sellingGeneralAndAdministrativeExpenses": 216000000, "otherExpenses": 0, "operatingExpenses": 261100000, "costAndExpenses": 1110200000, "interestIncome": 0, "interestExpense": 0, "depreciationAndAmortization": 45100000, "ebitda": 93300000, "ebitdaratio": 0.0793974981, "operatingIncome": 64900000, "operatingIncomeRatio": 0.0552293422, "totalOtherIncomeExpensesNet": 16700000, "incomeBeforeTax": 10000000, "incomeBeforeTaxRatio": 0.008509914, "incomeTaxExpense": 12600000, "netIncome": -800000, "netIncomeRatio": -0.0006807931, "eps": -0.03, "epsdiluted": -0.03, "weightedAverageShsOut": 26666667, "weightedAverageShsOutDil": 26666667, "link": null, "finalLink": null, "calculatedOtherExpenses": 45100000, "calculatedOperatingExpenses": 261100000, "calculatedNetInterest": 0, "calculatedOtherIncome": -54900000, "calculatedIncomeNonControlling": -1800000, "calculatedEbitda": 110000000}, {"date": "1987-12-31", "symbol": "WEN", "reportedCurrency": "USD", "cik": "0000030697", "fillingDate": "1988-04-30", "acceptedDate": "1988-04-30 00:00:00", "calendarYear": "1987", "period": "FY", "revenue": 1097200000, "costOfRevenue": 790700000, "grossProfit": 306500000, "grossProfitRatio": 0.2793474298, "researchAndDevelopmentExpenses": 0, "generalAndAdministrativeExpenses": 0, "sellingAndMarketingExpenses": 0, "sellingGeneralAndAdministrativeExpenses": 174900000, "otherExpenses": 0, "operatingExpenses": 216300000, "costAndExpenses": 1007000000, "interestIncome": 0, "interestExpense": 0, "depreciationAndAmortization": 41400000, "ebitda": 130200000, "ebitdaratio": 0.1186656945, "operatingIncome": 90200000, "operatingIncomeRatio": 0.0822092599, "totalOtherIncomeExpensesNet": 1400000, "incomeBeforeTax": 16500000, "incomeBeforeTaxRatio": 0.0150382793, "incomeTaxExpense": 15300000, "netIncome": 36300000, "netIncomeRatio": 0.0330842144, "eps": 1.58, "epsdiluted": 1.11, "weightedAverageShsOut": 17290000, "weightedAverageShsOutDil": 17290000, "link": null, "finalLink": null, "calculatedOtherExpenses": 41400000, "calculatedOperatingExpenses": 216300000, "calculatedNetInterest": 0, "calculatedOtherIncome": -73700000, "calculatedIncomeNonControlling": -35100000, "calculatedEbitda": 131600000}, {"date": "1986-12-31", "symbol": "WEN", "reportedCurrency": "USD", "cik": "0000030697", "fillingDate": "1987-04-30", "acceptedDate": "1987-04-30 00:00:00", "calendarYear": "1986", "period": "FY", "revenue": 1153400000, "costOfRevenue": 856500000, "grossProfit": 296900000, "grossProfitRatio": 0.2574128663, "researchAndDevelopmentExpenses": 0, "generalAndAdministrativeExpenses": 0, "sellingAndMarketingExpenses": 0, "sellingGeneralAndAdministrativeExpenses": 178300000, "otherExpenses": 0, "operatingExpenses": 223600000, "costAndExpenses": 1080100000, "interestIncome": 0, "interestExpense": 79400000, "depreciationAndAmortization": 45300000, "ebitda": 98700000, "ebitdaratio": 0.0855730883, "operatingIncome": 73300000, "operatingIncomeRatio": 0.0635512398, "totalOtherIncomeExpensesNet": 19900000, "incomeBeforeTax": 21500000, "incomeBeforeTaxRatio": 0.018640541, "incomeTaxExpense": 7900000, "netIncome": 15300000, "netIncomeRatio": 0.0132651292, "eps": 0.72, "epsdiluted": 0.49, "weightedAverageShsOut": 20416667, "weightedAverageShsOutDil": 20416667, "link": null, "finalLink": null, "calculatedOtherExpenses": 45300000, "calculatedOperatingExpenses": 223600000, "calculatedNetInterest": -79400000, "calculatedOtherIncome": 27600000, "calculatedIncomeNonControlling": -1700000, "calculatedEbitda": 118600000}, {"date": "1985-12-31", "symbol": "WEN", "reportedCurrency": "USD", "cik": "0000030697", "fillingDate": "1986-04-30", "acceptedDate": "1986-04-29 20:00:00", "calendarYear": "1985", "period": "FY", "revenue": 1084500000, "costOfRevenue": 829000000, "grossProfit": 255500000, "grossProfitRatio": 0.2355924389, "researchAndDevelopmentExpenses": 0, "generalAndAdministrativeExpenses": 0, "sellingAndMarketingExpenses": 0, "sellingGeneralAndAdministrativeExpenses": 173900000, "otherExpenses": 44100000, "operatingExpenses": 218000000, "costAndExpenses": 1047000000, "interestIncome": 0, "interestExpense": 0, "depreciationAndAmortization": 44100000, "ebitda": 71800000, "ebitdaratio": 0.0662056247, "operatingIncome": 37500000, "operatingIncomeRatio": 0.0345781466, "totalOtherIncomeExpensesNet": 9800000, "incomeBeforeTax": -24700000, "incomeBeforeTaxRatio": -0.0227754726, "incomeTaxExpense": -15300000, "netIncome": -7800000, "netIncomeRatio": -0.0071922545, "eps": -0.46, "epsdiluted": -0.46, "weightedAverageShsOut": 16800000, "weightedAverageShsOutDil": 16800000, "link": null, "finalLink": null, "calculatedOtherExpenses": 44100000, "calculatedOperatingExpenses": 218000000, "calculatedNetInterest": 0, "calculatedOtherIncome": -62200000, "calculatedIncomeNonControlling": -1600000, "calculatedEbitda": 81600000}]}