{"originalCurrency": "USD", "convertedCurrency": "USD", "report": [{"date": "2023-12-31", "symbol": "WERN", "reportedCurrency": "USD", "cik": "0000793074", "fillingDate": "2024-02-26", "acceptedDate": "2024-02-26 16:06:11", "calendarYear": "2023", "period": "FY", "revenue": 3283499000, "costOfRevenue": 2998362000, "grossProfit": 285137000, "grossProfitRatio": 0.0868393747, "researchAndDevelopmentExpenses": 0, "generalAndAdministrativeExpenses": 156996000, "sellingAndMarketingExpenses": -138516000, "sellingGeneralAndAdministrativeExpenses": 18480000, "otherExpenses": -90241000, "operatingExpenses": 108721000, "costAndExpenses": 3107083000, "interestIncome": 6701000, "interestExpense": 33534999, "depreciationAndAmortization": 299509000, "ebitda": 475925000, "ebitdaratio": 0.1449444632, "operatingIncome": 176416000, "operatingIncomeRatio": 0.0537280505, "totalOtherIncomeExpensesNet": -28635000, "incomeBeforeTax": 147781000, "incomeBeforeTaxRatio": 0.0450071707, "incomeTaxExpense": 35491000, "netIncome": 112382000, "netIncomeRatio": 0.0342262934, "eps": 1.77, "epsdiluted": 1.76, "weightedAverageShsOut": 63374000, "weightedAverageShsOutDil": 63718000, "link": "https://www.sec.gov/Archives/edgar/data/793074/000079307424000014/0000793074-24-000014-index.htm", "finalLink": "https://www.sec.gov/Archives/edgar/data/793074/000079307424000014/wern-20231231.htm", "calculatedOtherExpenses": 90241000, "calculatedOperatingExpenses": 108721000, "calculatedNetInterest": -26833999, "calculatedOtherIncome": -1801001, "calculatedIncomeNonControlling": -92000, "calculatedEbitda": 475925000}, {"date": "2022-12-31", "symbol": "WERN", "reportedCurrency": "USD", "cik": "0000793074", "fillingDate": "2023-02-27", "acceptedDate": "2023-02-27 16:38:56", "calendarYear": "2022", "period": "FY", "revenue": 3289978000, "costOfRevenue": 2768391000, "grossProfit": 521587000, "grossProfitRatio": 0.1585381422, "researchAndDevelopmentExpenses": 0, "generalAndAdministrativeExpenses": 163221000, "sellingAndMarketingExpenses": 0, "sellingGeneralAndAdministrativeExpenses": 163221000, "otherExpenses": 35290000, "operatingExpenses": 198511000, "costAndExpenses": 2966902000, "interestIncome": 1731000, "interestExpense": 11828000, "depreciationAndAmortization": 279923000, "ebitda": 324419000, "ebitdaratio": 0.0986082582, "operatingIncome": 44496000, "operatingIncomeRatio": 0.0135247105, "totalOtherIncomeExpensesNet": 280290000, "incomeBeforeTax": 324786000, "incomeBeforeTaxRatio": 0.0987198091, "incomeTaxExpense": 79206000, "netIncome": 241256000, "netIncomeRatio": 0.0733305815, "eps": 3.76, "epsdiluted": 3.74, "weightedAverageShsOut": 64125000, "weightedAverageShsOutDil": 64578999, "link": "https://www.sec.gov/Archives/edgar/data/793074/000079307423000014/0000793074-23-000014-index.htm", "finalLink": "https://www.sec.gov/Archives/edgar/data/793074/000079307423000014/wern-20221231.htm", "calculatedOtherExpenses": 313870000, "calculatedOperatingExpenses": 477091000, "calculatedNetInterest": -10097000, "calculatedOtherIncome": 290387000, "calculatedIncomeNonControlling": 4324000, "calculatedEbitda": 324419000}, {"date": "2021-12-31", "symbol": "WERN", "reportedCurrency": "USD", "cik": "0000793074", "fillingDate": "2022-02-28", "acceptedDate": "2022-02-28 17:23:25", "calendarYear": "2021", "period": "FY", "revenue": 2734372000, "costOfRevenue": 2256438000, "grossProfit": 477934000, "grossProfitRatio": 0.1747874832, "researchAndDevelopmentExpenses": 0, "generalAndAdministrativeExpenses": 112118000, "sellingAndMarketingExpenses": 0, "sellingGeneralAndAdministrativeExpenses": 112118000, "otherExpenses": 56670000, "operatingExpenses": 168788000, "costAndExpenses": 2425226000, "interestIncome": 1211000, "interestExpense": 4423000, "depreciationAndAmortization": 267700000, "ebitda": 310121000, "ebitdaratio": 0.1134158044, "operatingIncome": 42421000, "operatingIncomeRatio": 0.0155139827, "totalOtherIncomeExpensesNet": 303594000, "incomeBeforeTax": 346015000, "incomeBeforeTaxRatio": 0.1265427674, "incomeTaxExpense": 84537000, "netIncome": 259052000, "netIncomeRatio": 0.0947391211, "eps": 3.84, "epsdiluted": 3.82, "weightedAverageShsOut": 67434000, "weightedAverageShsOutDil": 67855000, "link": "https://www.sec.gov/Archives/edgar/data/793074/000079307422000012/0000793074-22-000012-index.htm", "finalLink": "https://www.sec.gov/Archives/edgar/data/793074/000079307422000012/wern-20211231.htm", "calculatedOtherExpenses": 323395000, "calculatedOperatingExpenses": 435513000, "calculatedNetInterest": -3212000, "calculatedOtherIncome": 306806000, "calculatedIncomeNonControlling": 2426000, "calculatedEbitda": 310121000}, {"date": "2020-12-31", "symbol": "WERN", "reportedCurrency": "USD", "cik": "0000793074", "fillingDate": "2021-02-24", "acceptedDate": "2021-02-24 16:11:14", "calendarYear": "2020", "period": "FY", "revenue": 2372178000, "costOfRevenue": 1911283000, "grossProfit": 460895000, "grossProfitRatio": 0.1942919123, "researchAndDevelopmentExpenses": 0, "generalAndAdministrativeExpenses": 124290000, "sellingAndMarketingExpenses": 0, "sellingGeneralAndAdministrativeExpenses": 124290000, "otherExpenses": 109167000, "operatingExpenses": 233457000, "costAndExpenses": 2144740000, "interestIncome": 1634000, "interestExpense": 4215000, "depreciationAndAmortization": 263286000, "ebitda": 228909000, "ebitdaratio": 0.0964973961, "operatingIncome": -34377000, "operatingIncomeRatio": -0.0144917456, "totalOtherIncomeExpensesNet": 259071000, "incomeBeforeTax": 224694000, "incomeBeforeTaxRatio": 0.094720548, "incomeTaxExpense": 55616000, "netIncome": 169078000, "netIncomeRatio": 0.0712754271, "eps": 2.45, "epsdiluted": 2.44, "weightedAverageShsOut": 69018000, "weightedAverageShsOutDil": 69427000, "link": "https://www.sec.gov/Archives/edgar/data/793074/000079307421000016/0000793074-21-000016-index.htm", "finalLink": "https://www.sec.gov/Archives/edgar/data/793074/000079307421000016/wern-20201231.htm", "calculatedOtherExpenses": 370982000, "calculatedOperatingExpenses": 495272000, "calculatedNetInterest": -2581000, "calculatedOtherIncome": 261652000, "calculatedIncomeNonControlling": 0, "calculatedEbitda": 228909000}, {"date": "2019-12-31", "symbol": "WERN", "reportedCurrency": "USD", "cik": "0000793074", "fillingDate": "2020-02-27", "acceptedDate": "2020-02-27 16:07:05", "calendarYear": "2019", "period": "FY", "revenue": 2463701000, "costOfRevenue": 2036289000, "grossProfit": 427412000, "grossProfitRatio": 0.1734837141, "researchAndDevelopmentExpenses": 0, "generalAndAdministrativeExpenses": 104216000, "sellingAndMarketingExpenses": 0, "sellingGeneralAndAdministrativeExpenses": 104216000, "otherExpenses": 97724000, "operatingExpenses": 201940000, "costAndExpenses": 2238229000, "interestIncome": 3326000, "interestExpense": 6854000, "depreciationAndAmortization": 249527000, "ebitda": 228760000, "ebitdaratio": 0.0928521765, "operatingIncome": -20767000, "operatingIncomeRatio": -0.0084291884, "totalOtherIncomeExpensesNet": 242673000, "incomeBeforeTax": 221906000, "incomeBeforeTaxRatio": 0.090070183, "incomeTaxExpense": 54962000, "netIncome": 166944000, "netIncomeRatio": 0.0677614694, "eps": 2.4, "epsdiluted": 2.38, "weightedAverageShsOut": 69567000, "weightedAverageShsOutDil": 70026000, "link": "https://www.sec.gov/Archives/edgar/data/793074/000079307420000014/0000793074-20-000014-index.htm", "finalLink": "https://www.sec.gov/Archives/edgar/data/793074/000079307420000014/wern-20191231x10k.htm", "calculatedOtherExpenses": 343963000, "calculatedOperatingExpenses": 448179000, "calculatedNetInterest": -3528000, "calculatedOtherIncome": 246201000, "calculatedIncomeNonControlling": 0, "calculatedEbitda": 228760000}, {"date": "2018-12-31", "symbol": "WERN", "reportedCurrency": "USD", "cik": "0000793074", "fillingDate": "2019-03-01", "acceptedDate": "2019-03-01 14:04:11", "calendarYear": "2018", "period": "FY", "revenue": 2457914000, "costOfRevenue": 2039855000, "grossProfit": 418059000, "grossProfitRatio": 0.1700869111, "researchAndDevelopmentExpenses": 0, "generalAndAdministrativeExpenses": 114196000, "sellingAndMarketingExpenses": 0, "sellingGeneralAndAdministrativeExpenses": 114196000, "otherExpenses": -376000, "operatingExpenses": 193844000, "costAndExpenses": 2233699000, "interestIncome": 2737000, "interestExpense": 2695000, "depreciationAndAmortization": 230151000, "ebitda": 226576000, "ebitdaratio": 0.0921822326, "operatingIncome": 224215000, "operatingIncomeRatio": 0.0912216619, "totalOtherIncomeExpensesNet": -376000, "incomeBeforeTax": 223881000, "incomeBeforeTaxRatio": 0.0910857744, "incomeTaxExpense": 55733000, "netIncome": 168148000, "netIncomeRatio": 0.0684108557, "eps": 2.39, "epsdiluted": 2.33, "weightedAverageShsOut": 70441973, "weightedAverageShsOutDil": 72057000, "link": "https://www.sec.gov/Archives/edgar/data/793074/000079307419000014/0000793074-19-000014-index.htm", "finalLink": "https://www.sec.gov/Archives/edgar/data/793074/000079307419000014/wern-20181231x10k.htm", "calculatedOtherExpenses": 79648000, "calculatedOperatingExpenses": 193844000, "calculatedNetInterest": 42000, "calculatedOtherIncome": -376000, "calculatedIncomeNonControlling": 0, "calculatedEbitda": 454366000}, {"date": "2017-12-31", "symbol": "WERN", "reportedCurrency": "USD", "cik": "0000793074", "fillingDate": "2018-02-27", "acceptedDate": "2018-02-27 17:18:03", "calendarYear": "2017", "period": "FY", "revenue": 2116737000, "costOfRevenue": 1771829000, "grossProfit": 344908000, "grossProfitRatio": 0.1629432471, "researchAndDevelopmentExpenses": 0, "generalAndAdministrativeExpenses": 96032000, "sellingAndMarketingExpenses": 0, "sellingGeneralAndAdministrativeExpenses": 96032000, "otherExpenses": -328000, "operatingExpenses": 201088000, "costAndExpenses": 1972917000, "interestIncome": 3308000, "interestExpense": 2243000, "depreciationAndAmortization": 217639000, "ebitda": 146800000, "ebitdaratio": 0.0693520263, "operatingIncome": 143820000, "operatingIncomeRatio": 0.067944199, "totalOtherIncomeExpensesNet": -328000, "incomeBeforeTax": 144557000, "incomeBeforeTaxRatio": 0.0682923764, "incomeTaxExpense": -58332000, "netIncome": 202889000, "netIncomeRatio": 0.0958498859, "eps": 2.8, "epsdiluted": 2.8, "weightedAverageShsOut": 72409222, "weightedAverageShsOutDil": 72558000, "link": "https://www.sec.gov/Archives/edgar/data/793074/000079307418000012/0000793074-18-000012-index.htm", "finalLink": "https://www.sec.gov/Archives/edgar/data/793074/000079307418000012/wern-20171231x10k.htm", "calculatedOtherExpenses": 105056000, "calculatedOperatingExpenses": 201088000, "calculatedNetInterest": 1065000, "calculatedOtherIncome": -328000, "calculatedIncomeNonControlling": 0, "calculatedEbitda": 361459000}, {"date": "2016-12-31", "symbol": "WERN", "reportedCurrency": "USD", "cik": "0000793074", "fillingDate": "2017-02-23", "acceptedDate": "2017-02-23 16:14:22", "calendarYear": "2016", "period": "FY", "revenue": 2008991000, "costOfRevenue": 1684575000, "grossProfit": 324416000, "grossProfitRatio": 0.1614820574, "researchAndDevelopmentExpenses": 0, "generalAndAdministrativeExpenses": 99972000, "sellingAndMarketingExpenses": 0, "sellingGeneralAndAdministrativeExpenses": 99972000, "otherExpenses": -191000, "operatingExpenses": 198346000, "costAndExpenses": 1882921000, "interestIncome": 4158000, "interestExpense": 2577000, "depreciationAndAmortization": 209728000, "ebitda": 130037000, "ebitdaratio": 0.0647275174, "operatingIncome": 126070000, "operatingIncomeRatio": 0.0627528944, "totalOtherIncomeExpensesNet": -191000, "incomeBeforeTax": 127460000, "incomeBeforeTaxRatio": 0.063444784, "incomeTaxExpense": 48331000, "netIncome": 79129000, "netIncomeRatio": 0.0393874338, "eps": 1.1, "epsdiluted": 1.09, "weightedAverageShsOut": 72166969, "weightedAverageShsOutDil": 72393000, "link": "https://www.sec.gov/Archives/edgar/data/793074/000079307417000016/0000793074-17-000016-index.htm", "finalLink": "https://www.sec.gov/Archives/edgar/data/793074/000079307417000016/wern-20161231x10k.htm", "calculatedOtherExpenses": 98374000, "calculatedOperatingExpenses": 198346000, "calculatedNetInterest": 1581000, "calculatedOtherIncome": -191000, "calculatedIncomeNonControlling": 0, "calculatedEbitda": 335798000}, {"date": "2015-12-31", "symbol": "WERN", "reportedCurrency": "USD", "cik": "0000793074", "fillingDate": "2016-02-26", "acceptedDate": "2016-02-26 16:26:41", "calendarYear": "2015", "period": "FY", "revenue": 2093529000, "costOfRevenue": 1708438000, "grossProfit": 385091000, "grossProfitRatio": 0.1839434753, "researchAndDevelopmentExpenses": 0, "generalAndAdministrativeExpenses": 95969000, "sellingAndMarketingExpenses": 0, "sellingGeneralAndAdministrativeExpenses": 95969000, "otherExpenses": -196000, "operatingExpenses": 184635000, "costAndExpenses": 1893073000, "interestIncome": 2875000, "interestExpense": 1974000, "depreciationAndAmortization": 193209000, "ebitda": 203135000, "ebitdaratio": 0.0970299432, "operatingIncome": 200456000, "operatingIncomeRatio": 0.0957502858, "totalOtherIncomeExpensesNet": -196000, "incomeBeforeTax": 201161000, "incomeBeforeTaxRatio": 0.0960870377, "incomeTaxExpense": 77447000, "netIncome": 123714000, "netIncomeRatio": 0.059093521, "eps": 1.72, "epsdiluted": 1.71, "weightedAverageShsOut": 71998750, "weightedAverageShsOutDil": 72556000, "link": "https://www.sec.gov/Archives/edgar/data/793074/000079307416000060/0000793074-16-000060-index.htm", "finalLink": "https://www.sec.gov/Archives/edgar/data/793074/000079307416000060/wern-20151231x10k.htm", "calculatedOtherExpenses": 88666000, "calculatedOperatingExpenses": 184635000, "calculatedNetInterest": 901000, "calculatedOtherIncome": -196000, "calculatedIncomeNonControlling": 0, "calculatedEbitda": 393665000}, {"date": "2014-12-31", "symbol": "WERN", "reportedCurrency": "USD", "cik": "0000793074", "fillingDate": "2015-02-25", "acceptedDate": "2015-02-25 16:58:59", "calendarYear": "2014", "period": "FY", "revenue": 2139289000, "costOfRevenue": 1794267000, "grossProfit": 345022000, "grossProfitRatio": 0.1612788174, "researchAndDevelopmentExpenses": 0, "generalAndAdministrativeExpenses": 94595000, "sellingAndMarketingExpenses": 0, "sellingGeneralAndAdministrativeExpenses": 94595000, "otherExpenses": 29000, "operatingExpenses": 184934000, "costAndExpenses": 1979201000, "interestIncome": 2538000, "interestExpense": 881000, "depreciationAndAmortization": 176984000, "ebitda": 162655000, "ebitdaratio": 0.0760322705, "operatingIncome": 160088000, "operatingIncomeRatio": 0.0748323392, "totalOtherIncomeExpensesNet": 29000, "incomeBeforeTax": 161774000, "incomeBeforeTaxRatio": 0.0756204515, "incomeTaxExpense": 63124000, "netIncome": 98650000, "netIncomeRatio": 0.0461134517, "eps": 1.37, "epsdiluted": 1.36, "weightedAverageShsOut": 72038368, "weightedAverageShsOutDil": 72738000, "link": "https://www.sec.gov/Archives/edgar/data/793074/000079307415000008/0000793074-15-000008-index.htm", "finalLink": "https://www.sec.gov/Archives/edgar/data/793074/000079307415000008/wern-20141231x10k.htm", "calculatedOtherExpenses": 90339000, "calculatedOperatingExpenses": 184934000, "calculatedNetInterest": 1657000, "calculatedOtherIncome": 29000, "calculatedIncomeNonControlling": 0, "calculatedEbitda": 337072000}, {"date": "2013-12-31", "symbol": "WERN", "reportedCurrency": "USD", "cik": "0000793074", "fillingDate": "2014-02-25", "acceptedDate": "2014-02-25 16:01:29", "calendarYear": "2013", "period": "FY", "revenue": 2029183000, "costOfRevenue": 1726284000, "grossProfit": 302899000, "grossProfitRatio": 0.1492714063, "researchAndDevelopmentExpenses": 0, "generalAndAdministrativeExpenses": 84683000, "sellingAndMarketingExpenses": 0, "sellingGeneralAndAdministrativeExpenses": 84683000, "otherExpenses": 170000, "operatingExpenses": 163173000, "costAndExpenses": 1889457000, "interestIncome": 2269000, "interestExpense": 454000, "depreciationAndAmortization": 173019000, "ebitda": 142165000, "ebitdaratio": 0.0700602164, "operatingIncome": 139726000, "operatingIncomeRatio": 0.0688582548, "totalOtherIncomeExpensesNet": 170000, "incomeBeforeTax": 141711000, "incomeBeforeTaxRatio": 0.069836481, "incomeTaxExpense": 54926000, "netIncome": 86785000, "netIncomeRatio": 0.0427684442, "eps": 1.19, "epsdiluted": 1.18, "weightedAverageShsOut": 72713920, "weightedAverageShsOutDil": 73428000, "link": "https://www.sec.gov/Archives/edgar/data/793074/000079307414000011/0000793074-14-000011-index.htm", "finalLink": "https://www.sec.gov/Archives/edgar/data/793074/000079307414000011/wern-20131231x10k.htm", "calculatedOtherExpenses": 78490000, "calculatedOperatingExpenses": 163173000, "calculatedNetInterest": 1815000, "calculatedOtherIncome": 170000, "calculatedIncomeNonControlling": 0, "calculatedEbitda": 312745000}, {"date": "2012-12-31", "symbol": "WERN", "reportedCurrency": "USD", "cik": "0000793074", "fillingDate": "2013-02-25", "acceptedDate": "2013-02-25 16:43:32", "calendarYear": "2012", "period": "FY", "revenue": 2036386000, "costOfRevenue": 1705681000, "grossProfit": 330705000, "grossProfitRatio": 0.1623979933, "researchAndDevelopmentExpenses": 0, "generalAndAdministrativeExpenses": 79338000, "sellingAndMarketingExpenses": 0, "sellingGeneralAndAdministrativeExpenses": 79338000, "otherExpenses": 173000, "operatingExpenses": 159261000, "costAndExpenses": 1864942000, "interestIncome": 1837000, "interestExpense": 288000, "depreciationAndAmortization": 166957000, "ebitda": 173454000, "ebitdaratio": 0.0851773681, "operatingIncome": 171444000, "operatingIncomeRatio": 0.0841903254, "totalOtherIncomeExpensesNet": 173000, "incomeBeforeTax": 173166000, "incomeBeforeTaxRatio": 0.0850359411, "incomeTaxExpense": 70132000, "netIncome": 103034000, "netIncomeRatio": 0.0505964979, "eps": 1.41, "epsdiluted": 1.4, "weightedAverageShsOut": 73246598, "weightedAverageShsOutDil": 73453000, "link": "https://www.sec.gov/Archives/edgar/data/793074/000079307413000009/0000793074-13-000009-index.htm", "finalLink": "https://www.sec.gov/Archives/edgar/data/793074/000079307413000009/wern-20121231x10k.htm", "calculatedOtherExpenses": 79923000, "calculatedOperatingExpenses": 159261000, "calculatedNetInterest": 1549000, "calculatedOtherIncome": 173000, "calculatedIncomeNonControlling": 0, "calculatedEbitda": 338401000}, {"date": "2011-12-31", "symbol": "WERN", "reportedCurrency": "USD", "cik": "0000793074", "fillingDate": "2012-02-27", "acceptedDate": "2012-02-27 16:10:45", "calendarYear": "2011", "period": "FY", "revenue": 2002850000, "costOfRevenue": 1145384000, "grossProfit": 857466000, "grossProfitRatio": 0.4281229248, "researchAndDevelopmentExpenses": 0, "generalAndAdministrativeExpenses": 536509000, "sellingAndMarketingExpenses": 0, "sellingGeneralAndAdministrativeExpenses": 536509000, "otherExpenses": 1829176000, "operatingExpenses": 683792000, "costAndExpenses": 1829176000, "interestIncome": 1448000, "interestExpense": 85000, "depreciationAndAmortization": 158634000, "ebitda": 333756000, "ebitdaratio": 0.1666405372, "operatingIncome": 173674000, "operatingIncomeRatio": 0.0867134334, "totalOtherIncomeExpensesNet": -131000, "incomeBeforeTax": 174906000, "incomeBeforeTaxRatio": 0.0873285568, "incomeTaxExpense": 72149000, "netIncome": 102757000, "netIncomeRatio": 0.0513053898, "eps": 1.41, "epsdiluted": 1.4, "weightedAverageShsOut": 72787000, "weightedAverageShsOutDil": 73225000, "link": "https://www.sec.gov/Archives/edgar/data/793074/000119312512081560/0001193125-12-081560-index.htm", "finalLink": "https://www.sec.gov/Archives/edgar/data/793074/000119312512081560/d267551d10k.htm", "calculatedOtherExpenses": 147283000, "calculatedOperatingExpenses": 683792000, "calculatedNetInterest": 1363000, "calculatedOtherIncome": -131000, "calculatedIncomeNonControlling": 0, "calculatedEbitda": 332308000}, {"date": "2010-12-31", "symbol": "WERN", "reportedCurrency": "USD", "cik": "0000793074", "fillingDate": "2011-03-01", "acceptedDate": "2011-03-01 09:59:46", "calendarYear": "2010", "period": "FY", "revenue": 1815020000, "costOfRevenue": 767241000, "grossProfit": 1047779000, "grossProfitRatio": 0.577282344, "researchAndDevelopmentExpenses": 0, "generalAndAdministrativeExpenses": 527576000, "sellingAndMarketingExpenses": 0, "sellingGeneralAndAdministrativeExpenses": 527576000, "otherExpenses": 1680438000, "operatingExpenses": 773215000, "costAndExpenses": 1540456000, "interestIncome": 1536000, "interestExpense": 47000, "depreciationAndAmortization": 152242000, "ebitda": 288360000, "ebitdaratio": 0.1588742824, "operatingIncome": 134582000, "operatingIncomeRatio": 0.0741490452, "totalOtherIncomeExpensesNet": 166000, "incomeBeforeTax": 136237000, "incomeBeforeTaxRatio": 0.0750608809, "incomeTaxExpense": 56198000, "netIncome": 80039000, "netIncomeRatio": 0.0440981367, "eps": 1.1, "epsdiluted": 1.1, "weightedAverageShsOut": 72644998, "weightedAverageShsOutDil": 72807000, "link": "https://www.sec.gov/Archives/edgar/data/793074/000119312511051228/0001193125-11-051228-index.htm", "finalLink": "https://www.sec.gov/Archives/edgar/data/793074/000119312511051228/d10k.htm", "calculatedOtherExpenses": 385621000, "calculatedOperatingExpenses": 913197000, "calculatedNetInterest": 1489000, "calculatedOtherIncome": 166000, "calculatedIncomeNonControlling": 0, "calculatedEbitda": 286824000}, {"date": "2009-12-31", "symbol": "WERN", "reportedCurrency": "USD", "cik": "0000793074", "fillingDate": "2010-02-26", "acceptedDate": "2010-02-26 09:03:40", "calendarYear": "2009", "period": "FY", "revenue": 1666470000, "costOfRevenue": 611438000, "grossProfit": 1055032000, "grossProfitRatio": 0.6330939051, "researchAndDevelopmentExpenses": 0, "generalAndAdministrativeExpenses": 538818000, "sellingAndMarketingExpenses": 0, "sellingGeneralAndAdministrativeExpenses": 538818000, "otherExpenses": 0, "operatingExpenses": 791425000, "costAndExpenses": 1402863000, "interestIncome": 1779000, "interestExpense": 99000, "depreciationAndAmortization": 155315000, "ebitda": 253785000, "ebitdaratio": 0.1522889701, "operatingIncome": 96691000, "operatingIncomeRatio": 0.0580214465, "totalOtherIncomeExpensesNet": 466000, "incomeBeforeTax": 98837000, "incomeBeforeTaxRatio": 0.0593091985, "incomeTaxExpense": 42253000, "netIncome": 56584000, "netIncomeRatio": 0.0339544066, "eps": 0.79, "epsdiluted": 0.79, "weightedAverageShsOut": 71672000, "weightedAverageShsOutDil": 72075000, "link": "https://www.sec.gov/Archives/edgar/data/793074/000079307410000013/0000793074-10-000013-index.htm", "finalLink": "https://www.sec.gov/Archives/edgar/data/793074/000079307410000013/wern10k2009.txt", "calculatedOtherExpenses": 419523000, "calculatedOperatingExpenses": 958341000, "calculatedNetInterest": 1680000, "calculatedOtherIncome": 466000, "calculatedIncomeNonControlling": 0, "calculatedEbitda": 252006000}, {"date": "2008-12-31", "symbol": "WERN", "reportedCurrency": "USD", "cik": "0000793074", "fillingDate": "2009-03-02", "acceptedDate": "2009-02-27 17:35:06", "calendarYear": "2008", "period": "FY", "revenue": 2165599000, "costOfRevenue": 965656000, "grossProfit": 1199943000, "grossProfitRatio": 0.5540928861, "researchAndDevelopmentExpenses": 0, "generalAndAdministrativeExpenses": 690384000, "sellingAndMarketingExpenses": 0, "sellingGeneralAndAdministrativeExpenses": 690384000, "otherExpenses": 0, "operatingExpenses": 1948315000, "costAndExpenses": 1948315000, "interestIncome": 3972000, "interestExpense": 83000, "depreciationAndAmortization": 167435000, "ebitda": 284540000, "ebitdaratio": 0.1313908992, "operatingIncome": 112935000, "operatingIncomeRatio": 0.0521495438, "totalOtherIncomeExpensesNet": 198000, "incomeBeforeTax": 117022000, "incomeBeforeTaxRatio": 0.0540367815, "incomeTaxExpense": 49442000, "netIncome": 67580000, "netIncomeRatio": 0.0312061467, "eps": 0.94, "epsdiluted": 0.94, "weightedAverageShsOut": 70574000, "weightedAverageShsOutDil": 71658000, "link": "https://www.sec.gov/Archives/edgar/data/793074/000079307409000010/0000793074-09-000010-index.htm", "finalLink": "https://www.sec.gov/Archives/edgar/data/793074/000079307409000010/wern10k2008.txt", "calculatedOtherExpenses": 396624000, "calculatedOperatingExpenses": 1087008000, "calculatedNetInterest": 3889000, "calculatedOtherIncome": 198000, "calculatedIncomeNonControlling": 0, "calculatedEbitda": 280370000}, {"date": "2007-12-31", "symbol": "WERN", "reportedCurrency": "USD", "cik": "0000793074", "fillingDate": "2008-02-25", "acceptedDate": "2008-02-25 12:19:39", "calendarYear": "2007", "period": "FY", "revenue": 2071187000, "costOfRevenue": -481333000, "grossProfit": 2552520000, "grossProfitRatio": 1.2323947572, "researchAndDevelopmentExpenses": 0, "generalAndAdministrativeExpenses": 1080170000, "sellingAndMarketingExpenses": 0, "sellingGeneralAndAdministrativeExpenses": 1080170000, "otherExpenses": 0, "operatingExpenses": 2416003000, "costAndExpenses": 1934670000, "interestIncome": 0, "interestExpense": 0, "depreciationAndAmortization": 166994000, "ebitda": 303511000, "ebitdaratio": 0.1465396413, "operatingIncome": 136517000, "operatingIncomeRatio": 0.0659124454, "totalOtherIncomeExpensesNet": 765000, "incomeBeforeTax": 137282000, "incomeBeforeTaxRatio": 0.0662817988, "incomeTaxExpense": 61925000, "netIncome": 75357000, "netIncomeRatio": 0.0363834844, "eps": 1.03, "epsdiluted": 1.02, "weightedAverageShsOut": 72858000, "weightedAverageShsOutDil": 74114000, "link": "https://www.sec.gov/Archives/edgar/data/793074/000079307408000069/0000793074-08-000069-index.htm", "finalLink": "https://www.sec.gov/Archives/edgar/data/793074/000079307408000069/wern10k2007.txt", "calculatedOtherExpenses": 1335833000, "calculatedOperatingExpenses": 2416003000, "calculatedNetInterest": 0, "calculatedOtherIncome": 765000, "calculatedIncomeNonControlling": 0, "calculatedEbitda": 303511000}, {"date": "2006-12-31", "symbol": "WERN", "reportedCurrency": "USD", "cik": "0000793074", "fillingDate": "2007-02-14", "acceptedDate": "2007-02-13 18:02:59", "calendarYear": "2006", "period": "FY", "revenue": 2080555000, "costOfRevenue": -488240000, "grossProfit": 2568795000, "grossProfitRatio": 1.2346681534, "researchAndDevelopmentExpenses": 0, "generalAndAdministrativeExpenses": 1083023000, "sellingAndMarketingExpenses": 0, "sellingGeneralAndAdministrativeExpenses": 1083023000, "otherExpenses": 0, "operatingExpenses": 2404294000, "costAndExpenses": 1916054000, "interestIncome": 0, "interestExpense": 0, "depreciationAndAmortization": 167516000, "ebitda": 332336000, "ebitdaratio": 0.1597343017, "operatingIncome": 164501000, "operatingIncomeRatio": 0.0790659223, "totalOtherIncomeExpensesNet": -319000, "incomeBeforeTax": 167393000, "incomeBeforeTaxRatio": 0.080455936, "incomeTaxExpense": 68750000, "netIncome": 98643000, "netIncomeRatio": 0.0474118685, "eps": 1.27, "epsdiluted": 1.25, "weightedAverageShsOut": 77653000, "weightedAverageShsOutDil": 79101000, "link": "https://www.sec.gov/Archives/edgar/data/793074/000079307407000010/0000793074-07-000010-index.htm", "finalLink": "https://www.sec.gov/Archives/edgar/data/793074/000079307407000010/wern10k2006.txt", "calculatedOtherExpenses": 1321271000, "calculatedOperatingExpenses": 2404294000, "calculatedNetInterest": 0, "calculatedOtherIncome": 2892000, "calculatedIncomeNonControlling": 0, "calculatedEbitda": 332017000}, {"date": "2005-12-31", "symbol": "WERN", "reportedCurrency": "USD", "cik": "0000793074", "fillingDate": "2006-02-14", "acceptedDate": "2006-02-14 15:58:29", "calendarYear": "2005", "period": "FY", "revenue": 1971847000, "costOfRevenue": -442930000, "grossProfit": 2414777000, "grossProfitRatio": 1.2246269614, "researchAndDevelopmentExpenses": 0, "generalAndAdministrativeExpenses": 1106418000, "sellingAndMarketingExpenses": 0, "sellingGeneralAndAdministrativeExpenses": 1106418000, "otherExpenses": 0, "operatingExpenses": 2250166000, "costAndExpenses": 1807236000, "interestIncome": 0, "interestExpense": 0, "depreciationAndAmortization": 162462000, "ebitda": 327073000, "ebitdaratio": 0.1658713886, "operatingIncome": 164611000, "operatingIncomeRatio": 0.0834806149, "totalOtherIncomeExpensesNet": 2448000, "incomeBeforeTax": 167059000, "incomeBeforeTaxRatio": 0.0847220905, "incomeTaxExpense": 68525000, "netIncome": 98534000, "netIncomeRatio": 0.0499704085, "eps": 1.24, "epsdiluted": 1.22, "weightedAverageShsOut": 79393000, "weightedAverageShsOutDil": 80701000, "link": "https://www.sec.gov/Archives/edgar/data/793074/000079307406000044/0000793074-06-000044-index.htm", "finalLink": "https://www.sec.gov/Archives/edgar/data/793074/000079307406000044/wern10k2005.txt", "calculatedOtherExpenses": 1143748000, "calculatedOperatingExpenses": 2250166000, "calculatedNetInterest": 0, "calculatedOtherIncome": 2448000, "calculatedIncomeNonControlling": 0, "calculatedEbitda": 327073000}, {"date": "2004-12-31", "symbol": "WERN", "reportedCurrency": "USD", "cik": "0000793074", "fillingDate": "2005-02-15", "acceptedDate": "2005-02-15 13:08:30", "calendarYear": "2004", "period": "FY", "revenue": 1678043000, "costOfRevenue": -366177000, "grossProfit": 2044220000, "grossProfitRatio": 1.2182166965, "researchAndDevelopmentExpenses": 0, "generalAndAdministrativeExpenses": 987592000, "sellingAndMarketingExpenses": 0, "sellingGeneralAndAdministrativeExpenses": 987592000, "otherExpenses": 0, "operatingExpenses": 1902892000, "costAndExpenses": 1536715000, "interestIncome": 0, "interestExpense": 0, "depreciationAndAmortization": 144535000, "ebitda": 285863000, "ebitdaratio": 0.1703549909, "operatingIncome": 141328000, "operatingIncomeRatio": 0.084221918, "totalOtherIncomeExpensesNet": 2369000, "incomeBeforeTax": 143697000, "incomeBeforeTaxRatio": 0.0856336816, "incomeTaxExpense": 56387000, "netIncome": 87310000, "netIncomeRatio": 0.0520308478, "eps": 1.1, "epsdiluted": 1.08, "weightedAverageShsOut": 79224000, "weightedAverageShsOutDil": 80868000, "link": "https://www.sec.gov/Archives/edgar/data/793074/000079307405000033/0000793074-05-000033-index.htm", "finalLink": "https://www.sec.gov/Archives/edgar/data/793074/000079307405000033/wern10k2004.txt", "calculatedOtherExpenses": 915300000, "calculatedOperatingExpenses": 1902892000, "calculatedNetInterest": 0, "calculatedOtherIncome": 2369000, "calculatedIncomeNonControlling": 0, "calculatedEbitda": 285863000}, {"date": "2003-12-31", "symbol": "WERN", "reportedCurrency": "USD", "cik": "0000793074", "fillingDate": "2004-03-01", "acceptedDate": "2004-03-01 09:46:19", "calendarYear": "2003", "period": "FY", "revenue": 1457766000, "costOfRevenue": -288495000, "grossProfit": 1746261000, "grossProfitRatio": 1.1979021324, "researchAndDevelopmentExpenses": 0, "generalAndAdministrativeExpenses": 875078000, "sellingAndMarketingExpenses": 0, "sellingGeneralAndAdministrativeExpenses": 875078000, "otherExpenses": 0, "operatingExpenses": 1628757000, "costAndExpenses": 1340262000, "interestIncome": 0, "interestExpense": 0, "depreciationAndAmortization": 135168000, "ebitda": 252672000, "ebitdaratio": 0.1733282296, "operatingIncome": 117504000, "operatingIncomeRatio": 0.0806055293, "totalOtherIncomeExpensesNet": 472000, "incomeBeforeTax": 117976000, "incomeBeforeTaxRatio": 0.0809293124, "incomeTaxExpense": 44249000, "netIncome": 73727000, "netIncomeRatio": 0.0505753324, "eps": 0.92, "epsdiluted": 0.9, "weightedAverageShsOut": 79828000, "weightedAverageShsOutDil": 81668000, "link": "https://www.sec.gov/Archives/edgar/data/793074/000079307404000025/0000793074-04-000025-index.htm", "finalLink": "https://www.sec.gov/Archives/edgar/data/793074/000079307404000025/wern10k2003.txt", "calculatedOtherExpenses": 753679000, "calculatedOperatingExpenses": 1628757000, "calculatedNetInterest": 0, "calculatedOtherIncome": 472000, "calculatedIncomeNonControlling": 0, "calculatedEbitda": 252672000}, {"date": "2002-12-31", "symbol": "WERN", "reportedCurrency": "USD", "cik": "0000793074", "fillingDate": "2003-02-28", "acceptedDate": "2003-02-28 14:22:52", "calendarYear": "2002", "period": "FY", "revenue": 1341456000, "costOfRevenue": -273763000, "grossProfit": 1615219000, "grossProfitRatio": 1.2040790007, "researchAndDevelopmentExpenses": 0, "generalAndAdministrativeExpenses": 811270000, "sellingAndMarketingExpenses": 0, "sellingGeneralAndAdministrativeExpenses": 811270000, "otherExpenses": 0, "operatingExpenses": 1515765000, "costAndExpenses": 1242002000, "interestIncome": 0, "interestExpense": 0, "depreciationAndAmortization": 121702000, "ebitda": 221156000, "ebitdaratio": 0.1648626567, "operatingIncome": 99454000, "operatingIncomeRatio": 0.0741388461, "totalOtherIncomeExpensesNet": -850000, "incomeBeforeTax": 98604000, "incomeBeforeTaxRatio": 0.0735052063, "incomeTaxExpense": 36977000, "netIncome": 61627000, "netIncomeRatio": 0.0459403812, "eps": 0.77, "epsdiluted": 0.76, "weightedAverageShsOut": 79705000, "weightedAverageShsOutDil": 81522000, "link": "https://www.sec.gov/Archives/edgar/data/793074/000079307403000006/0000793074-03-000006-index.htm", "finalLink": "https://www.sec.gov/Archives/edgar/data/793074/000079307403000006/wern10k2002.txt", "calculatedOtherExpenses": 704495000, "calculatedOperatingExpenses": 1515765000, "calculatedNetInterest": 0, "calculatedOtherIncome": -850000, "calculatedIncomeNonControlling": 0, "calculatedEbitda": 221156000}, {"date": "2001-12-31", "symbol": "WERN", "reportedCurrency": "USD", "cik": "0000793074", "fillingDate": "2002-03-22", "acceptedDate": "2002-03-22 00:00:00", "calendarYear": "2001", "period": "FY", "revenue": 1270519000, "costOfRevenue": -256282000, "grossProfit": 1526801000, "grossProfitRatio": 1.2017144175, "researchAndDevelopmentExpenses": 0, "generalAndAdministrativeExpenses": 755661000, "sellingAndMarketingExpenses": 0, "sellingGeneralAndAdministrativeExpenses": 755661000, "otherExpenses": 0, "operatingExpenses": 1447472000, "costAndExpenses": 1191190000, "interestIncome": 0, "interestExpense": 0, "depreciationAndAmortization": 116043000, "ebitda": 195372000, "ebitdaratio": 0.1537733792, "operatingIncome": 79329000, "operatingIncomeRatio": 0.0624382634, "totalOtherIncomeExpensesNet": -2938000, "incomeBeforeTax": 76391000, "incomeBeforeTaxRatio": 0.0601258226, "incomeTaxExpense": 28647000, "netIncome": 47744000, "netIncomeRatio": 0.037578344, "eps": 0.61, "epsdiluted": 0.59, "weightedAverageShsOut": 78933750, "weightedAverageShsOutDil": 80183750, "link": "https://www.sec.gov/Archives/edgar/data/793074/000079307402000007/0000793074-02-000007-index.htm", "finalLink": "https://www.sec.gov/Archives/edgar/data/793074/000079307402000007/wern10k2001.txt", "calculatedOtherExpenses": 691811000, "calculatedOperatingExpenses": 1447472000, "calculatedNetInterest": 0, "calculatedOtherIncome": -2938000, "calculatedIncomeNonControlling": 0, "calculatedEbitda": 195372000}, {"date": "2000-12-31", "symbol": "WERN", "reportedCurrency": "USD", "cik": "0000793074", "fillingDate": "2001-03-23", "acceptedDate": "2001-03-23 00:00:00", "calendarYear": "2000", "period": "FY", "revenue": 1214628000, "costOfRevenue": -251064000, "grossProfit": 1465692000, "grossProfitRatio": 1.2067003231, "researchAndDevelopmentExpenses": 0, "generalAndAdministrativeExpenses": 715036000, "sellingAndMarketingExpenses": 0, "sellingGeneralAndAdministrativeExpenses": 715036000, "otherExpenses": 0, "operatingExpenses": 1382871000, "costAndExpenses": 1131807000, "interestIncome": 0, "interestExpense": 0, "depreciationAndAmortization": 109107000, "ebitda": 191928000, "ebitdaratio": 0.1580138116, "operatingIncome": 82821000, "operatingIncomeRatio": 0.0681863089, "totalOtherIncomeExpensesNet": -5365000, "incomeBeforeTax": 77456000, "incomeBeforeTaxRatio": 0.0637693187, "incomeTaxExpense": 29433000, "netIncome": 48023000, "netIncomeRatio": 0.0395372081, "eps": 0.62, "epsdiluted": 0.61, "weightedAverageShsOut": 78435000, "weightedAverageShsOutDil": 78762500, "link": "https://www.sec.gov/Archives/edgar/data/793074/000079307401000002/0000793074-01-000002-index.htm", "finalLink": "https://www.sec.gov/Archives/edgar/data/793074/000079307401000002/0000793074-01-000002-0001.txt", "calculatedOtherExpenses": 667835000, "calculatedOperatingExpenses": 1382871000, "calculatedNetInterest": 0, "calculatedOtherIncome": -5365000, "calculatedIncomeNonControlling": 0, "calculatedEbitda": 191928000}, {"date": "1999-12-31", "symbol": "WERN", "reportedCurrency": "USD", "cik": "0000793074", "fillingDate": "2000-03-28", "acceptedDate": "2000-03-28 00:00:00", "calendarYear": "1999", "period": "FY", "revenue": 1052333000, "costOfRevenue": -216857000, "grossProfit": 1269190000, "grossProfitRatio": 1.2060726025, "researchAndDevelopmentExpenses": 0, "generalAndAdministrativeExpenses": 631409000, "sellingAndMarketingExpenses": 0, "sellingGeneralAndAdministrativeExpenses": 631409000, "otherExpenses": 0, "operatingExpenses": 1166989000, "costAndExpenses": 950132000, "interestIncome": 0, "interestExpense": 0, "depreciationAndAmortization": 99955000, "ebitda": 202156000, "ebitdaratio": 0.1921026899, "operatingIncome": 102201000, "operatingIncomeRatio": 0.0971184977, "totalOtherIncomeExpensesNet": -5403000, "incomeBeforeTax": 96798000, "incomeBeforeTaxRatio": 0.0919841913, "incomeTaxExpense": 36787000, "netIncome": 60011000, "netIncomeRatio": 0.0570266256, "eps": 0.76, "epsdiluted": 0.76, "weightedAverageShsOut": 79008024, "weightedAverageShsOutDil": 79383015, "link": "https://www.sec.gov/Archives/edgar/data/793074/000079307400000004/0000793074-00-000004-index.html", "finalLink": "https://www.sec.gov/Archives/edgar/data/793074/000079307400000004/", "calculatedOtherExpenses": 535580000, "calculatedOperatingExpenses": 1166989000, "calculatedNetInterest": 0, "calculatedOtherIncome": -5403000, "calculatedIncomeNonControlling": 0, "calculatedEbitda": 202156000}, {"date": "1998-12-31", "symbol": "WERN", "reportedCurrency": "USD", "cik": "0000793074", "fillingDate": "1999-03-24", "acceptedDate": "1999-03-24 00:00:00", "calendarYear": "1998", "period": "FY", "revenue": 863417000, "costOfRevenue": -162901000, "grossProfit": 1026318000, "grossProfitRatio": 1.1886701327, "researchAndDevelopmentExpenses": 0, "generalAndAdministrativeExpenses": 512435000, "sellingAndMarketingExpenses": 0, "sellingGeneralAndAdministrativeExpenses": 512435000, "otherExpenses": 0, "operatingExpenses": 930707000, "costAndExpenses": 767806000, "interestIncome": 0, "interestExpense": 0, "depreciationAndAmortization": 82549000, "ebitda": 178160000, "ebitdaratio": 0.2063429374, "operatingIncome": 95611000, "operatingIncomeRatio": 0.1107356005, "totalOtherIncomeExpensesNet": -3279000, "incomeBeforeTax": 92332000, "incomeBeforeTaxRatio": 0.1069378991, "incomeTaxExpense": 35086000, "netIncome": 57246000, "netIncomeRatio": 0.0663016827, "eps": 0.72, "epsdiluted": 0.71, "weightedAverageShsOut": 79443013, "weightedAverageShsOutDil": 79848003, "link": "https://www.sec.gov/Archives/edgar/data/793074/000079307499000005/0000793074-99-000005-index.html", "finalLink": "https://www.sec.gov/Archives/edgar/data/793074/", "calculatedOtherExpenses": 418272000, "calculatedOperatingExpenses": 930707000, "calculatedNetInterest": 0, "calculatedOtherIncome": -3279000, "calculatedIncomeNonControlling": 0, "calculatedEbitda": 178160000}, {"date": "1997-12-31", "symbol": "WERN", "reportedCurrency": "USD", "cik": "0000793074", "fillingDate": "1998-03-31", "acceptedDate": "1998-03-31 00:00:00", "calendarYear": "1997", "period": "FY", "revenue": 772095000, "costOfRevenue": 416594000, "grossProfit": 355501000, "grossProfitRatio": 0.4604368633, "researchAndDevelopmentExpenses": 0, "generalAndAdministrativeExpenses": 453653000, "sellingAndMarketingExpenses": 0, "sellingGeneralAndAdministrativeExpenses": 453653000, "otherExpenses": 0, "operatingExpenses": 847921000, "costAndExpenses": 1264515000, "interestIncome": 0, "interestExpense": 0, "depreciationAndAmortization": 72634000, "ebitda": -419786000, "ebitdaratio": -0.5436973429, "operatingIncome": 77647000, "operatingIncomeRatio": 0.1005666401, "totalOtherIncomeExpensesNet": -1552000, "incomeBeforeTax": 76095000, "incomeBeforeTaxRatio": 0.0985565248, "incomeTaxExpense": 27717000, "netIncome": 48378000, "netIncomeRatio": 0.0626580926, "eps": 0.61, "epsdiluted": 0.6, "weightedAverageShsOut": 79591760, "weightedAverageShsOutDil": 79929251, "link": "https://www.sec.gov/Archives/edgar/data/793074/000079307498000007/0000793074-98-000007-index.html", "finalLink": "https://www.sec.gov/Archives/edgar/data/793074/", "calculatedOtherExpenses": -175799000, "calculatedOperatingExpenses": 277854000, "calculatedNetInterest": 0, "calculatedOtherIncome": -1552000, "calculatedIncomeNonControlling": 0, "calculatedEbitda": 150281000}, {"date": "1996-12-31", "symbol": "WERN", "reportedCurrency": "USD", "cik": "0000793074", "fillingDate": "1997-03-28", "acceptedDate": "1997-03-28 00:00:00", "calendarYear": "1996", "period": "FY", "revenue": 643274000, "costOfRevenue": 333131000, "grossProfit": 310143000, "grossProfitRatio": 0.4821320308, "researchAndDevelopmentExpenses": 0, "generalAndAdministrativeExpenses": 360100000, "sellingAndMarketingExpenses": 0, "sellingGeneralAndAdministrativeExpenses": 360100000, "otherExpenses": 0, "operatingExpenses": 693596000, "costAndExpenses": 1026727000, "interestIncome": 0, "interestExpense": 0, "depreciationAndAmortization": 65010000, "ebitda": -318443000, "ebitdaratio": -0.4950347752, "operatingIncome": 66130000, "operatingIncomeRatio": 0.1028022274, "totalOtherIncomeExpensesNet": -466000, "incomeBeforeTax": 65664000, "incomeBeforeTaxRatio": 0.1020778082, "incomeTaxExpense": 25109000, "netIncome": 40555000, "netIncomeRatio": 0.0630446746, "eps": 0.51, "epsdiluted": 0.51, "weightedAverageShsOut": 78900110, "weightedAverageShsOutDil": 78900110, "link": "https://www.sec.gov/Archives/edgar/data/793074/000079307497000002/0000793074-97-000002-index.html", "finalLink": "https://www.sec.gov/Archives/edgar/data/793074/", "calculatedOtherExpenses": -116087000, "calculatedOperatingExpenses": 244013000, "calculatedNetInterest": 0, "calculatedOtherIncome": -466000, "calculatedIncomeNonControlling": 0, "calculatedEbitda": 131140000}, {"date": "1995-12-31", "symbol": "WERN", "reportedCurrency": "USD", "cik": "0000793074", "fillingDate": "1996-03-28", "acceptedDate": "1996-03-28 00:00:00", "calendarYear": "1995", "period": "FY", "revenue": 576022000, "costOfRevenue": 270735000, "grossProfit": 305287000, "grossProfitRatio": 0.52999191, "researchAndDevelopmentExpenses": 0, "generalAndAdministrativeExpenses": 323450000, "sellingAndMarketingExpenses": 0, "sellingGeneralAndAdministrativeExpenses": 323450000, "otherExpenses": 0, "operatingExpenses": 610011000, "costAndExpenses": 880746000, "interestIncome": 0, "interestExpense": 0, "depreciationAndAmortization": 61195000, "ebitda": -243529000, "ebitdaratio": -0.422777255, "operatingIncome": 61016000, "operatingIncomeRatio": 0.1059265098, "totalOtherIncomeExpensesNet": -1377000, "incomeBeforeTax": 59639000, "incomeBeforeTaxRatio": 0.1035359761, "incomeTaxExpense": 23259000, "netIncome": 36380000, "netIncomeRatio": 0.06315731, "eps": 0.46, "epsdiluted": 0.46, "weightedAverageShsOut": 78660533, "weightedAverageShsOutDil": 78660533, "link": "https://www.sec.gov/Archives/edgar/data/793074/000079307496000002/0000793074-96-000002-index.html", "finalLink": "https://www.sec.gov/Archives/edgar/data/793074/", "calculatedOtherExpenses": -79179000, "calculatedOperatingExpenses": 244271000, "calculatedNetInterest": 0, "calculatedOtherIncome": -1377000, "calculatedIncomeNonControlling": 0, "calculatedEbitda": 122211000}, {"date": "1994-12-31", "symbol": "WERN", "reportedCurrency": "USD", "cik": "0000793074", "fillingDate": "1995-03-27", "acceptedDate": "1995-03-27 00:00:00", "calendarYear": "1994", "period": "FY", "revenue": 516006000, "costOfRevenue": 235989000, "grossProfit": 280017000, "grossProfitRatio": 0.5426622946, "researchAndDevelopmentExpenses": 0, "generalAndAdministrativeExpenses": 280789000, "sellingAndMarketingExpenses": 0, "sellingGeneralAndAdministrativeExpenses": 280789000, "otherExpenses": 0, "operatingExpenses": 535499000, "costAndExpenses": 771488000, "interestIncome": 0, "interestExpense": 0, "depreciationAndAmortization": 53722000, "ebitda": -201760000, "ebitdaratio": -0.3910032054, "operatingIncome": 60237000, "operatingIncomeRatio": 0.1167370147, "totalOtherIncomeExpensesNet": -255000, "incomeBeforeTax": 59982000, "incomeBeforeTaxRatio": 0.1162428344, "incomeTaxExpense": 23320000, "netIncome": 36662000, "netIncomeRatio": 0.0710495614, "eps": 0.46, "epsdiluted": 0.46, "weightedAverageShsOut": 79069898, "weightedAverageShsOutDil": 79069898, "link": "https://www.sec.gov/Archives/edgar/data/793074/000079307495000006/0000793074-95-000006-index.html", "finalLink": "https://www.sec.gov/Archives/edgar/data/793074/", "calculatedOtherExpenses": -61009000, "calculatedOperatingExpenses": 219780000, "calculatedNetInterest": 0, "calculatedOtherIncome": -255000, "calculatedIncomeNonControlling": 0, "calculatedEbitda": 113959000}, {"date": "1993-12-31", "symbol": "WERN", "reportedCurrency": "USD", "cik": "0000793074", "fillingDate": "1994-05-27", "acceptedDate": "1994-05-27 00:00:00", "calendarYear": "1993", "period": "FY", "revenue": 432658000, "costOfRevenue": 183435000, "grossProfit": 249223000, "grossProfitRatio": 0.576027717, "researchAndDevelopmentExpenses": 0, "generalAndAdministrativeExpenses": 225311000, "sellingAndMarketingExpenses": 0, "sellingGeneralAndAdministrativeExpenses": 225311000, "otherExpenses": 0, "operatingExpenses": 238400000, "costAndExpenses": 421835000, "interestIncome": 0, "interestExpense": 0, "depreciationAndAmortization": -45440000, "ebitda": 56399000, "ebitdaratio": 0.1303546912, "operatingIncome": 101839000, "operatingIncomeRatio": 0.2353799075, "totalOtherIncomeExpensesNet": -136000, "incomeBeforeTax": 51736000, "incomeBeforeTaxRatio": 0.1195771256, "incomeTaxExpense": 20443000, "netIncome": 31293000, "netIncomeRatio": 0.0723273348, "eps": 0.47, "epsdiluted": 0.46, "weightedAverageShsOut": 74406666, "weightedAverageShsOutDil": 74406666, "link": "https://www.sec.gov/Archives/edgar/data/793074/000079307494000008/0000793074-94-000008-index.html", "finalLink": "https://www.sec.gov/Archives/edgar/data/793074/", "calculatedOtherExpenses": -77927000, "calculatedOperatingExpenses": 147384000, "calculatedNetInterest": 0, "calculatedOtherIncome": -50103000, "calculatedIncomeNonControlling": 0, "calculatedEbitda": 56399000}, {"date": "1992-02-29", "symbol": "WERN", "reportedCurrency": "USD", "cik": "0000793074", "fillingDate": "1992-02-29", "acceptedDate": "1992-02-29 00:00:00", "calendarYear": "1992", "period": "FY", "revenue": 322700000, "costOfRevenue": 72600000, "grossProfit": 250100000, "grossProfitRatio": 0.7750232414, "researchAndDevelopmentExpenses": 0, "generalAndAdministrativeExpenses": 0, "sellingAndMarketingExpenses": 0, "sellingGeneralAndAdministrativeExpenses": 146000000, "otherExpenses": 5000000, "operatingExpenses": 151000000, "costAndExpenses": 223600000, "interestIncome": 0, "interestExpense": 141000000, "depreciationAndAmortization": -37600000, "ebitda": 136000000, "ebitdaratio": 0.4214440657, "operatingIncome": 173600000, "operatingIncomeRatio": 0.5379609544, "totalOtherIncomeExpensesNet": 700000, "incomeBeforeTax": 32600000, "incomeBeforeTaxRatio": 0.1010226216, "incomeTaxExpense": 12900000, "netIncome": 19700000, "netIncomeRatio": 0.0610474125, "eps": 0.28, "epsdiluted": 0.28, "weightedAverageShsOut": 71376812, "weightedAverageShsOutDil": 71376812, "link": null, "finalLink": null, "calculatedOtherExpenses": -69500000, "calculatedOperatingExpenses": 76500000, "calculatedNetInterest": -141000000, "calculatedOtherIncome": 0, "calculatedIncomeNonControlling": 0, "calculatedEbitda": 136000000}, {"date": "1991-02-28", "symbol": "WERN", "reportedCurrency": "USD", "cik": "0000793074", "fillingDate": "1991-02-28", "acceptedDate": "1991-02-28 00:00:00", "calendarYear": "1991", "period": "FY", "revenue": 305100000, "costOfRevenue": 77700000, "grossProfit": 227400000, "grossProfitRatio": 0.7453294002, "researchAndDevelopmentExpenses": 0, "generalAndAdministrativeExpenses": 0, "sellingAndMarketingExpenses": 0, "sellingGeneralAndAdministrativeExpenses": 129200000, "otherExpenses": 8100000, "operatingExpenses": 137300000, "costAndExpenses": 215000000, "interestIncome": 0, "interestExpense": 132900000, "depreciationAndAmortization": -36700000, "ebitda": 126000000, "ebitdaratio": 0.412979351, "operatingIncome": 162700000, "operatingIncomeRatio": 0.5332677811, "totalOtherIncomeExpensesNet": 800000, "incomeBeforeTax": 29800000, "incomeBeforeTaxRatio": 0.0976728941, "incomeTaxExpense": 11800000, "netIncome": 18000000, "netIncomeRatio": 0.0589970501, "eps": 0.25, "epsdiluted": 0.25, "weightedAverageShsOut": 71428571, "weightedAverageShsOutDil": 71428571, "link": null, "finalLink": null, "calculatedOtherExpenses": -64500000, "calculatedOperatingExpenses": 64700000, "calculatedNetInterest": -132900000, "calculatedOtherIncome": 0, "calculatedIncomeNonControlling": 0, "calculatedEbitda": 126000000}, {"date": "1990-02-28", "symbol": "WERN", "reportedCurrency": "USD", "cik": "0000793074", "fillingDate": "1990-02-28", "acceptedDate": "1990-02-28 00:00:00", "calendarYear": "1990", "period": "FY", "revenue": 251600000, "costOfRevenue": 60000000, "grossProfit": 191600000, "grossProfitRatio": 0.7615262321, "researchAndDevelopmentExpenses": 0, "generalAndAdministrativeExpenses": 0, "sellingAndMarketingExpenses": 0, "sellingGeneralAndAdministrativeExpenses": 105200000, "otherExpenses": 2700000, "operatingExpenses": 107900000, "costAndExpenses": 167900000, "interestIncome": 0, "interestExpense": 112900000, "depreciationAndAmortization": -28700000, "ebitda": 112000000, "ebitdaratio": 0.4451510334, "operatingIncome": 140700000, "operatingIncomeRatio": 0.5592209857, "totalOtherIncomeExpensesNet": 400000, "incomeBeforeTax": 27800000, "incomeBeforeTaxRatio": 0.1104928458, "incomeTaxExpense": 11000000, "netIncome": 16800000, "netIncomeRatio": 0.066772655, "eps": 0.23, "epsdiluted": 0.23, "weightedAverageShsOut": 73684211, "weightedAverageShsOutDil": 73684211, "link": null, "finalLink": null, "calculatedOtherExpenses": -54300000, "calculatedOperatingExpenses": 50900000, "calculatedNetInterest": -112900000, "calculatedOtherIncome": 0, "calculatedIncomeNonControlling": 0, "calculatedEbitda": 112000000}, {"date": "1989-02-28", "symbol": "WERN", "reportedCurrency": "USD", "cik": "0000793074", "fillingDate": "1989-02-28", "acceptedDate": "1989-02-28 00:00:00", "calendarYear": "1989", "period": "FY", "revenue": 191400000, "costOfRevenue": 45300000, "grossProfit": 146100000, "grossProfitRatio": 0.763322884, "researchAndDevelopmentExpenses": 0, "generalAndAdministrativeExpenses": 0, "sellingAndMarketingExpenses": 0, "sellingGeneralAndAdministrativeExpenses": 76900000, "otherExpenses": 200000, "operatingExpenses": 77100000, "costAndExpenses": 122400000, "interestIncome": 0, "interestExpense": 43200000, "depreciationAndAmortization": 20000000, "ebitda": 89800000, "ebitdaratio": 0.4691745037, "operatingIncome": 69800000, "operatingIncomeRatio": 0.3646812957, "totalOtherIncomeExpensesNet": -800000, "incomeBeforeTax": 26600000, "incomeBeforeTaxRatio": 0.1389759666, "incomeTaxExpense": 10500000, "netIncome": 16100000, "netIncomeRatio": 0.0841170324, "eps": 0.22, "epsdiluted": 0.22, "weightedAverageShsOut": 72522523, "weightedAverageShsOutDil": 72522523, "link": null, "finalLink": null, "calculatedOtherExpenses": -600000, "calculatedOperatingExpenses": 76300000, "calculatedNetInterest": -43200000, "calculatedOtherIncome": 0, "calculatedIncomeNonControlling": 0, "calculatedEbitda": 89800000}, {"date": "1988-02-29", "symbol": "WERN", "reportedCurrency": "USD", "cik": "0000793074", "fillingDate": "1988-02-29", "acceptedDate": "1988-02-29 00:00:00", "calendarYear": "1988", "period": "FY", "revenue": 139100000, "costOfRevenue": 74700000, "grossProfit": 64400000, "grossProfitRatio": 0.4629762761, "researchAndDevelopmentExpenses": 0, "generalAndAdministrativeExpenses": 0, "sellingAndMarketingExpenses": 0, "sellingGeneralAndAdministrativeExpenses": 15400000, "otherExpenses": 500000, "operatingExpenses": 15900000, "costAndExpenses": 90600000, "interestIncome": 0, "interestExpense": 27400000, "depreciationAndAmortization": 14100000, "ebitda": 62300000, "ebitdaratio": 0.4478792236, "operatingIncome": 48200000, "operatingIncomeRatio": 0.3465132998, "totalOtherIncomeExpensesNet": 300000, "incomeBeforeTax": 20800000, "incomeBeforeTaxRatio": 0.1495327103, "incomeTaxExpense": 8700000, "netIncome": 12100000, "netIncomeRatio": 0.0869877786, "eps": 0.17, "epsdiluted": 0.17, "weightedAverageShsOut": 72023810, "weightedAverageShsOutDil": 72023810, "link": null, "finalLink": null, "calculatedOtherExpenses": 800000, "calculatedOperatingExpenses": 16200000, "calculatedNetInterest": -27400000, "calculatedOtherIncome": 0, "calculatedIncomeNonControlling": 0, "calculatedEbitda": 62300000}, {"date": "1987-02-28", "symbol": "WERN", "reportedCurrency": "USD", "cik": "0000793074", "fillingDate": "1987-02-28", "acceptedDate": "1987-02-28 00:00:00", "calendarYear": "1987", "period": "FY", "revenue": 94400000, "costOfRevenue": 16400000, "grossProfit": 78000000, "grossProfitRatio": 0.8262711864, "researchAndDevelopmentExpenses": 0, "generalAndAdministrativeExpenses": 0, "sellingAndMarketingExpenses": 0, "sellingGeneralAndAdministrativeExpenses": 43300000, "otherExpenses": 1600000, "operatingExpenses": 44900000, "costAndExpenses": 61300000, "interestIncome": 0, "interestExpense": 15800000, "depreciationAndAmortization": 9100000, "ebitda": 41800000, "ebitdaratio": 0.4427966102, "operatingIncome": 32700000, "operatingIncomeRatio": 0.3463983051, "totalOtherIncomeExpensesNet": 400000, "incomeBeforeTax": 16900000, "incomeBeforeTaxRatio": 0.1790254237, "incomeTaxExpense": 7900000, "netIncome": 9000000, "netIncomeRatio": 0.0953389831, "eps": 0.14, "epsdiluted": 0.14, "weightedAverageShsOut": 65217391, "weightedAverageShsOutDil": 65217391, "link": null, "finalLink": null, "calculatedOtherExpenses": 2000000, "calculatedOperatingExpenses": 45300000, "calculatedNetInterest": -15800000, "calculatedOtherIncome": 0, "calculatedIncomeNonControlling": 0, "calculatedEbitda": 41800000}, {"date": "1986-02-28", "symbol": "WERN", "reportedCurrency": "USD", "cik": "0000793074", "fillingDate": "1986-02-28", "acceptedDate": "1986-02-28 00:00:00", "calendarYear": "1986", "period": "FY", "revenue": 73700000, "costOfRevenue": 52100000, "grossProfit": 21600000, "grossProfitRatio": 0.2930800543, "researchAndDevelopmentExpenses": 0, "generalAndAdministrativeExpenses": 0, "sellingAndMarketingExpenses": 0, "sellingGeneralAndAdministrativeExpenses": 2600000, "otherExpenses": 6400000, "operatingExpenses": 9000000, "costAndExpenses": 61100000, "interestIncome": 0, "interestExpense": 3000000, "depreciationAndAmortization": 6400000, "ebitda": 18800000, "ebitdaratio": 0.2550881954, "operatingIncome": 12400000, "operatingIncomeRatio": 0.1682496608, "totalOtherIncomeExpensesNet": 200000, "incomeBeforeTax": 9400000, "incomeBeforeTaxRatio": 0.1275440977, "incomeTaxExpense": 3700000, "netIncome": 5700000, "netIncomeRatio": 0.0773405699, "eps": 0.1, "epsdiluted": 0.1, "weightedAverageShsOut": 55882353, "weightedAverageShsOutDil": 55882353, "link": null, "finalLink": null, "calculatedOtherExpenses": 6600000, "calculatedOperatingExpenses": 9200000, "calculatedNetInterest": -3000000, "calculatedOtherIncome": 0, "calculatedIncomeNonControlling": 0, "calculatedEbitda": 18800000}]}