{"originalCurrency": "USD", "convertedCurrency": "USD", "report": [{"date": "2023-12-31", "symbol": "WES", "reportedCurrency": "USD", "cik": "0001423902", "fillingDate": "2024-02-21", "acceptedDate": "2024-02-21 16:26:02", "calendarYear": "2023", "period": "FY", "revenue": 3106476000, "costOfRevenue": 1527796000, "grossProfit": 1578680000, "grossProfitRatio": 0.5081899876, "researchAndDevelopmentExpenses": 0, "generalAndAdministrativeExpenses": 232632000, "sellingAndMarketingExpenses": 0, "sellingGeneralAndAdministrativeExpenses": 232632000, "otherExpenses": -56458000, "operatingExpenses": 289090000, "costAndExpenses": 1816886000, "interestIncome": 0, "interestExpense": 361871000, "depreciationAndAmortization": 600668000, "ebitda": 1890258000, "ebitdaratio": 0.608489491, "operatingIncome": 1289590000, "operatingIncomeRatio": 0.4151295552, "totalOtherIncomeExpensesNet": -237198000, "incomeBeforeTax": 1052392000, "incomeBeforeTaxRatio": 0.3387735814, "incomeTaxExpense": 4385000, "netIncome": 1022216000, "netIncomeRatio": 0.3290596805, "eps": 2.61, "epsdiluted": 2.6, "weightedAverageShsOut": 383028000, "weightedAverageShsOutDil": 384408000, "link": "https://www.sec.gov/Archives/edgar/data/1423902/000142390224000022/0001423902-24-000022-index.htm", "finalLink": "https://www.sec.gov/Archives/edgar/data/1414475/000142390224000022/wes-20231231.htm", "calculatedOtherExpenses": 56458000, "calculatedOperatingExpenses": 289090000, "calculatedNetInterest": -361871000, "calculatedOtherIncome": 124673000, "calculatedIncomeNonControlling": 25791000, "calculatedEbitda": 1890258000}, {"date": "2022-12-31", "symbol": "WES", "reportedCurrency": "USD", "cik": "0001423902", "fillingDate": "2023-02-22", "acceptedDate": "2023-02-22 16:24:05", "calendarYear": "2022", "period": "FY", "revenue": 3251721000, "costOfRevenue": 1003265000, "grossProfit": 2248456000, "grossProfitRatio": 0.6914664573, "researchAndDevelopmentExpenses": 0, "generalAndAdministrativeExpenses": 194017000, "sellingAndMarketingExpenses": 0, "sellingGeneralAndAdministrativeExpenses": 194017000, "otherExpenses": 733125000, "operatingExpenses": 927142000, "costAndExpenses": 1930407000, "interestIncome": 333939000, "interestExpense": 333939000, "depreciationAndAmortization": 500877000, "ebitda": 2088765000, "ebitdaratio": 0.6423567705, "operatingIncome": 1587888000, "operatingIncomeRatio": 0.4883223376, "totalOtherIncomeExpensesNet": -332245000, "incomeBeforeTax": 1255643000, "incomeBeforeTaxRatio": 0.3861472125, "incomeTaxExpense": 4187000, "netIncome": 1217103000, "netIncomeRatio": 0.3742950272, "eps": 3.01, "epsdiluted": 3, "weightedAverageShsOut": 394951000, "weightedAverageShsOutDil": 396236000, "link": "https://www.sec.gov/Archives/edgar/data/1423902/000142390223000023/0001423902-23-000023-index.htm", "finalLink": "https://www.sec.gov/Archives/edgar/data/1414475/000142390223000023/wes-20221231.htm", "calculatedOtherExpenses": 466551000, "calculatedOperatingExpenses": 660568000, "calculatedNetInterest": 0, "calculatedOtherIncome": -332245000, "calculatedIncomeNonControlling": 34353000, "calculatedEbitda": 2088765000}, {"date": "2021-12-31", "symbol": "WES", "reportedCurrency": "USD", "cik": "0001423902", "fillingDate": "2022-02-23", "acceptedDate": "2022-02-23 16:20:39", "calendarYear": "2021", "period": "FY", "revenue": 2877155000, "costOfRevenue": 873914000, "grossProfit": 2003241000, "grossProfitRatio": 0.6962575878, "researchAndDevelopmentExpenses": 0, "generalAndAdministrativeExpenses": 195549000, "sellingAndMarketingExpenses": 0, "sellingGeneralAndAdministrativeExpenses": 195549000, "otherExpenses": 645567000, "operatingExpenses": 841116000, "costAndExpenses": 1715030000, "interestIncome": 376512000, "interestExpense": 376512000, "depreciationAndAmortization": 581505000, "ebitda": 1917776000, "ebitdaratio": 0.6665528969, "operatingIncome": 1336271000, "operatingIncomeRatio": 0.4644417836, "totalOtherIncomeExpensesNet": -402079000, "incomeBeforeTax": 934192000, "incomeBeforeTaxRatio": 0.3246929693, "incomeTaxExpense": -9807000, "netIncome": 916292000, "netIncomeRatio": 0.3184715457, "eps": 2.18, "epsdiluted": 2.18, "weightedAverageShsOut": 411309000, "weightedAverageShsOutDil": 411309000, "link": "https://www.sec.gov/Archives/edgar/data/1423902/000142390222000008/0001423902-22-000008-index.htm", "finalLink": "https://www.sec.gov/Archives/edgar/data/1414475/000142390222000008/wes-20211231.htm", "calculatedOtherExpenses": 471421000, "calculatedOperatingExpenses": 666970000, "calculatedNetInterest": 0, "calculatedOtherIncome": -402079000, "calculatedIncomeNonControlling": 27707000, "calculatedEbitda": 1917776000}, {"date": "2020-12-31", "symbol": "WES", "reportedCurrency": "USD", "cik": "0001423902", "fillingDate": "2021-02-26", "acceptedDate": "2021-02-26 12:32:40", "calendarYear": "2020", "period": "FY", "revenue": 2772592000, "costOfRevenue": 679174000, "grossProfit": 2093418000, "grossProfitRatio": 0.7550400492, "researchAndDevelopmentExpenses": 0, "generalAndAdministrativeExpenses": 155769000, "sellingAndMarketingExpenses": 0, "sellingGeneralAndAdministrativeExpenses": 155769000, "otherExpenses": 649214000, "operatingExpenses": 804983000, "costAndExpenses": 1484157000, "interestIncome": 11736000, "interestExpense": 380058000, "depreciationAndAmortization": 491086000, "ebitda": 2019032000, "ebitdaratio": 0.7282110026, "operatingIncome": 1527946000, "operatingIncomeRatio": 0.5510893777, "totalOtherIncomeExpensesNet": -1005096000, "incomeBeforeTax": 522850000, "incomeBeforeTaxRatio": 0.1885780526, "incomeTaxExpense": 5998000, "netIncome": 527012000, "netIncomeRatio": 0.190079175, "eps": 1.18, "epsdiluted": 1.18, "weightedAverageShsOut": 435554000, "weightedAverageShsOutDil": 435554000, "link": "https://www.sec.gov/Archives/edgar/data/1423902/000142390221000007/0001423902-21-000007-index.htm", "finalLink": "https://www.sec.gov/Archives/edgar/data/1414475/000142390221000007/wes-20201231.htm", "calculatedOtherExpenses": 409703000, "calculatedOperatingExpenses": 565472000, "calculatedNetInterest": -368322000, "calculatedOtherIncome": -636774000, "calculatedIncomeNonControlling": -10160000, "calculatedEbitda": 2019032000}, {"date": "2019-12-31", "symbol": "WES", "reportedCurrency": "USD", "cik": "0001423902", "fillingDate": "2020-02-27", "acceptedDate": "2020-02-27 16:18:09", "calendarYear": "2019", "period": "FY", "revenue": 2746174000, "costOfRevenue": 927502000, "grossProfit": 1818672000, "grossProfitRatio": 0.6622566523, "researchAndDevelopmentExpenses": 0, "generalAndAdministrativeExpenses": 114591000, "sellingAndMarketingExpenses": 0, "sellingGeneralAndAdministrativeExpenses": 114591000, "otherExpenses": 702571000, "operatingExpenses": 817162000, "costAndExpenses": 1744664000, "interestIncome": 16900000, "interestExpense": 303286000, "depreciationAndAmortization": 384055000, "ebitda": 1615398000, "ebitdaratio": 0.588235851, "operatingIncome": 1231343000, "operatingIncomeRatio": 0.4483849166, "totalOtherIncomeExpensesNet": -410171000, "incomeBeforeTax": 821172000, "incomeBeforeTaxRatio": 0.299024024, "incomeTaxExpense": 13472000, "netIncome": 697241000, "netIncomeRatio": 0.2538954196, "eps": 1.59, "epsdiluted": 1.59, "weightedAverageShsOut": 415794000, "weightedAverageShsOutDil": 415794000, "link": "https://www.sec.gov/Archives/edgar/data/1423902/000142390220000019/0001423902-20-000019-index.htm", "finalLink": "https://www.sec.gov/Archives/edgar/data/1414475/000142390220000019/wes201910-k.htm", "calculatedOtherExpenses": 472738000, "calculatedOperatingExpenses": 587329000, "calculatedNetInterest": -286386000, "calculatedOtherIncome": -123785000, "calculatedIncomeNonControlling": 110459000, "calculatedEbitda": 1615398000}, {"date": "2018-12-31", "symbol": "WES", "reportedCurrency": "USD", "cik": "0001423902", "fillingDate": "2019-02-20", "acceptedDate": "2019-02-20 16:13:44", "calendarYear": "2018", "period": "FY", "revenue": 1990276000, "costOfRevenue": 769457000, "grossProfit": 1220819000, "grossProfitRatio": 0.613391811, "researchAndDevelopmentExpenses": 0, "generalAndAdministrativeExpenses": 63735000, "sellingAndMarketingExpenses": 0, "sellingGeneralAndAdministrativeExpenses": 63735000, "otherExpenses": -4763000, "operatingExpenses": 521453000, "costAndExpenses": 1290910000, "interestIncome": 16900000, "interestExpense": 186043000, "depreciationAndAmortization": 337536000, "ebitda": 1202063000, "ebitdaratio": 0.6039679924, "operatingIncome": 625364000, "operatingIncomeRatio": 0.3142096875, "totalOtherIncomeExpensesNet": -78765000, "incomeBeforeTax": 451458000, "incomeBeforeTaxRatio": 0.2268318565, "incomeTaxExpense": 2946000, "netIncome": 369429000, "netIncomeRatio": 0.1856169697, "eps": 1.69, "epsdiluted": 1.69, "weightedAverageShsOut": 218936000, "weightedAverageShsOutDil": 218936000, "link": "https://www.sec.gov/Archives/edgar/data/1423902/000142390219000026/0001423902-19-000026-index.htm", "finalLink": "https://www.sec.gov/Archives/edgar/data/1423902/000142390219000026/wgp201810-k.htm", "calculatedOtherExpenses": 531720000, "calculatedOperatingExpenses": 595455000, "calculatedNetInterest": -169143000, "calculatedOtherIncome": -4763000, "calculatedIncomeNonControlling": 79083000, "calculatedEbitda": 962900000}, {"date": "2017-12-31", "symbol": "WES", "reportedCurrency": "USD", "cik": "0001423902", "fillingDate": "2018-02-16", "acceptedDate": "2018-02-16 11:18:54", "calendarYear": "2017", "period": "FY", "revenue": 2248356000, "costOfRevenue": 1199567000, "grossProfit": 1048789000, "grossProfitRatio": 0.466469278, "researchAndDevelopmentExpenses": 0, "generalAndAdministrativeExpenses": 50668000, "sellingAndMarketingExpenses": 0, "sellingGeneralAndAdministrativeExpenses": 50668000, "otherExpenses": 1384000, "operatingExpenses": 413480000, "costAndExpenses": 1613047000, "interestIncome": 16900000, "interestExpense": 136645000, "depreciationAndAmortization": 290874000, "ebitda": 1021691000, "ebitdaratio": 0.4544169162, "operatingIncome": 704399000, "operatingIncomeRatio": 0.3132951365, "totalOtherIncomeExpensesNet": 70474000, "incomeBeforeTax": 578068000, "incomeBeforeTaxRatio": 0.2571069706, "incomeTaxExpense": 4866000, "netIncome": 376607000, "netIncomeRatio": 0.167503278, "eps": 1.72, "epsdiluted": 1.72, "weightedAverageShsOut": 218931000, "weightedAverageShsOutDil": 218931000, "link": "https://www.sec.gov/Archives/edgar/data/1423902/000142390218000007/0001423902-18-000007-index.htm", "finalLink": "https://www.sec.gov/Archives/edgar/data/1423902/000142390218000007/wgp201710-k.htm", "calculatedOtherExpenses": 293722000, "calculatedOperatingExpenses": 344390000, "calculatedNetInterest": -119745000, "calculatedOtherIncome": -6586000, "calculatedIncomeNonControlling": 196595000, "calculatedEbitda": 995273000}, {"date": "2016-12-31", "symbol": "WES", "reportedCurrency": "USD", "cik": "0001423902", "fillingDate": "2017-02-23", "acceptedDate": "2017-02-23 12:14:40", "calendarYear": "2016", "period": "FY", "revenue": 1804270000, "costOfRevenue": 767127000, "grossProfit": 1037143000, "grossProfitRatio": 0.5748269383, "researchAndDevelopmentExpenses": 0, "generalAndAdministrativeExpenses": 49248000, "sellingAndMarketingExpenses": 0, "sellingGeneralAndAdministrativeExpenses": 49248000, "otherExpenses": 545000, "operatingExpenses": 397419000, "costAndExpenses": 1164546000, "interestIncome": 16900000, "interestExpense": 109119000, "depreciationAndAmortization": 272933000, "ebitda": 1001310000, "ebitdaratio": 0.5549668287, "operatingIncome": 704535000, "operatingIncomeRatio": 0.3904820232, "totalOtherIncomeExpensesNet": 65356000, "incomeBeforeTax": 605352000, "incomeBeforeTaxRatio": 0.3355107606, "incomeTaxExpense": 8372000, "netIncome": 345772000, "netIncomeRatio": 0.1916409407, "eps": 1.53, "epsdiluted": 1.53, "weightedAverageShsOut": 218922000, "weightedAverageShsOutDil": 218922000, "link": "https://www.sec.gov/Archives/edgar/data/1423902/000142390217000012/0001423902-17-000012-index.htm", "finalLink": "https://www.sec.gov/Archives/edgar/data/1423902/000142390217000012/wgp12311610-k.htm", "calculatedOtherExpenses": 283360000, "calculatedOperatingExpenses": 332608000, "calculatedNetInterest": -92219000, "calculatedOtherIncome": -6964000, "calculatedIncomeNonControlling": 251208000, "calculatedEbitda": 977468000}, {"date": "2015-12-31", "symbol": "WES", "reportedCurrency": "USD", "cik": "0001423902", "fillingDate": "2016-02-25", "acceptedDate": "2016-02-25 13:54:57", "calendarYear": "2015", "period": "FY", "revenue": 1561372000, "costOfRevenue": 772598000, "grossProfit": 788774000, "grossProfitRatio": 0.5051800596, "researchAndDevelopmentExpenses": 0, "generalAndAdministrativeExpenses": 41217000, "sellingAndMarketingExpenses": 0, "sellingGeneralAndAdministrativeExpenses": 41217000, "otherExpenses": -578000, "operatingExpenses": 368563000, "costAndExpenses": 1141161000, "interestIncome": 16900000, "interestExpense": 108140000, "depreciationAndAmortization": 244163000, "ebitda": 746213000, "ebitdaratio": 0.477921341, "operatingIncome": 34386000, "operatingIncomeRatio": 0.0220229388, "totalOtherIncomeExpensesNet": -386403000, "incomeBeforeTax": -63166000, "incomeBeforeTaxRatio": -0.0404554456, "incomeTaxExpense": 3380000, "netIncome": 87863000, "netIncomeRatio": 0.0562729446, "eps": 0.39, "epsdiluted": 0.39, "weightedAverageShsOut": 218913000, "weightedAverageShsOutDil": 218913000, "link": "https://www.sec.gov/Archives/edgar/data/1423902/000142390216000042/0001423902-16-000042-index.htm", "finalLink": "https://www.sec.gov/Archives/edgar/data/1423902/000142390216000042/wgp12311510-k.htm", "calculatedOtherExpenses": 713171000, "calculatedOperatingExpenses": 754388000, "calculatedNetInterest": -91240000, "calculatedOtherIncome": -6312000, "calculatedIncomeNonControlling": -154409000, "calculatedEbitda": 278549000}, {"date": "2014-12-31", "symbol": "WES", "reportedCurrency": "USD", "cik": "0001423902", "fillingDate": "2015-02-26", "acceptedDate": "2015-02-26 14:57:53", "calendarYear": "2014", "period": "FY", "revenue": 1273763000, "costOfRevenue": 621112000, "grossProfit": 652651000, "grossProfitRatio": 0.5123802466, "researchAndDevelopmentExpenses": 0, "generalAndAdministrativeExpenses": 37458000, "sellingAndMarketingExpenses": 0, "sellingGeneralAndAdministrativeExpenses": 37458000, "otherExpenses": 938000, "operatingExpenses": 262150000, "costAndExpenses": 883262000, "interestIncome": 16900000, "interestExpense": 71666000, "depreciationAndAmortization": 183156000, "ebitda": 644228000, "ebitdaratio": 0.5057675564, "operatingIncome": 448337000, "operatingIncomeRatio": 0.3519783508, "totalOtherIncomeExpensesNet": 58774000, "incomeBeforeTax": 389406000, "incomeBeforeTaxRatio": 0.3057130722, "incomeTaxExpense": 2027000, "netIncome": 221911000, "netIncomeRatio": 0.1742168677, "eps": 1.02, "epsdiluted": 1.02, "weightedAverageShsOut": 218910000, "weightedAverageShsOutDil": 218910000, "link": "https://www.sec.gov/Archives/edgar/data/1423902/000142390215000006/0001423902-15-000006-index.htm", "finalLink": "https://www.sec.gov/Archives/edgar/data/1423902/000142390215000006/wgp12311410-k.htm", "calculatedOtherExpenses": 166856000, "calculatedOperatingExpenses": 204314000, "calculatedNetInterest": -54766000, "calculatedOtherIncome": -4165000, "calculatedIncomeNonControlling": 165468000, "calculatedEbitda": 631493000}, {"date": "2013-12-31", "symbol": "WES", "reportedCurrency": "USD", "cik": "0001423902", "fillingDate": "2014-02-28", "acceptedDate": "2014-02-28 16:49:19", "calendarYear": "2013", "period": "FY", "revenue": 1053495000, "costOfRevenue": 510201000, "grossProfit": 543294000, "grossProfitRatio": 0.5157062919, "researchAndDevelopmentExpenses": 0, "generalAndAdministrativeExpenses": 33464000, "sellingAndMarketingExpenses": 0, "sellingGeneralAndAdministrativeExpenses": 33464000, "otherExpenses": -165000, "operatingExpenses": 225365000, "costAndExpenses": 735566000, "interestIncome": 19000000, "interestExpense": 47348000, "depreciationAndAmortization": 145916000, "ebitda": 478231000, "ebitdaratio": 0.4539470999, "operatingIncome": 317929000, "operatingIncomeRatio": 0.3017850108, "totalOtherIncomeExpensesNet": -165000, "incomeBeforeTax": 284967000, "incomeBeforeTaxRatio": 0.270496775, "incomeTaxExpense": 2580000, "netIncome": 160165000, "netIncomeRatio": 0.1520320457, "eps": 0.71, "epsdiluted": 0.71, "weightedAverageShsOut": 218896000, "weightedAverageShsOutDil": 218896000, "link": "https://www.sec.gov/Archives/edgar/data/1423902/000142390214000009/0001423902-14-000009-index.htm", "finalLink": "https://www.sec.gov/Archives/edgar/data/1423902/000142390214000009/wgp12311310k.htm", "calculatedOtherExpenses": 191901000, "calculatedOperatingExpenses": 225365000, "calculatedNetInterest": -28348000, "calculatedOtherIncome": -4614000, "calculatedIncomeNonControlling": 122222000, "calculatedEbitda": 463845000}, {"date": "2012-12-31", "symbol": "WES", "reportedCurrency": "USD", "cik": "0001423902", "fillingDate": "2013-03-28", "acceptedDate": "2013-03-28 16:31:03", "calendarYear": "2012", "period": "FY", "revenue": 849440000, "costOfRevenue": 453340000, "grossProfit": 396100000, "grossProfitRatio": 0.4663072142, "researchAndDevelopmentExpenses": 0, "generalAndAdministrativeExpenses": 97582000, "sellingAndMarketingExpenses": 0, "sellingGeneralAndAdministrativeExpenses": 97582000, "otherExpenses": 392000, "operatingExpenses": 248614000, "costAndExpenses": 701954000, "interestIncome": 18500000, "interestExpense": 37741000, "depreciationAndAmortization": 117261000, "ebitda": 279320000, "ebitdaratio": 0.3288284046, "operatingIncome": 147486000, "operatingIncomeRatio": 0.1736273309, "totalOtherIncomeExpensesNet": -1308000, "incomeBeforeTax": 122618000, "incomeBeforeTaxRatio": 0.1443515728, "incomeTaxExpense": 29452000, "netIncome": 2809000, "netIncomeRatio": 0.0033068845, "eps": 0.01, "epsdiluted": 0.01, "weightedAverageShsOut": 218896000, "weightedAverageShsOutDil": 218896000, "link": "https://www.sec.gov/Archives/edgar/data/1423902/000119312513132400/0001193125-13-132400-index.htm", "finalLink": "https://www.sec.gov/Archives/edgar/data/1423902/000119312513132400/d510311d10k.htm", "calculatedOtherExpenses": 151032000, "calculatedOperatingExpenses": 248614000, "calculatedNetInterest": -19241000, "calculatedOtherIncome": -5627000, "calculatedIncomeNonControlling": 90357000, "calculatedEbitda": 264747000}, {"date": "2011-12-31", "symbol": "WES", "reportedCurrency": "USD", "cik": "0001423902", "fillingDate": "2011-12-31", "acceptedDate": "2011-12-30 19:00:00", "calendarYear": "2011", "period": "FY", "revenue": 809667000, "costOfRevenue": 327371000, "grossProfit": 482296000, "grossProfitRatio": 0.5956720479, "researchAndDevelopmentExpenses": 0, "generalAndAdministrativeExpenses": 0, "sellingAndMarketingExpenses": 0, "sellingGeneralAndAdministrativeExpenses": 39114000, "otherExpenses": 247587000, "operatingExpenses": 286701000, "costAndExpenses": 614072000, "interestIncome": 28560000, "interestExpense": 30345000, "depreciationAndAmortization": 111904000, "ebitda": 349657000, "ebitdaratio": 0.4318528481, "operatingIncome": 209193000, "operatingIncomeRatio": 0.2583691814, "totalOtherIncomeExpensesNet": 13554000, "incomeBeforeTax": 207364000, "incomeBeforeTaxRatio": 0.256110228, "incomeTaxExpense": 45664000, "netIncome": 75643000, "netIncomeRatio": 0.0934248277, "eps": 1.84, "epsdiluted": 1.84, "weightedAverageShsOut": 51036968, "weightedAverageShsOutDil": 51036968, "link": "", "finalLink": "", "calculatedOtherExpenses": 233989000, "calculatedOperatingExpenses": 273103000, "calculatedNetInterest": -1785000, "calculatedOtherIncome": -44000, "calculatedIncomeNonControlling": 86057000, "calculatedEbitda": 321097000}, {"date": "2010-12-31", "symbol": "WES", "reportedCurrency": "USD", "cik": "0001423902", "fillingDate": "2010-12-31", "acceptedDate": "2010-12-30 19:00:00", "calendarYear": "2010", "period": "FY", "revenue": 494871000, "costOfRevenue": 157049000, "grossProfit": 337822000, "grossProfitRatio": 0.6826465887, "researchAndDevelopmentExpenses": 0, "generalAndAdministrativeExpenses": 24918000, "sellingAndMarketingExpenses": 0, "sellingGeneralAndAdministrativeExpenses": 24918000, "otherExpenses": 169706000, "operatingExpenses": 194624000, "costAndExpenses": 351673000, "interestIncome": 16913000, "interestExpense": 18794000, "depreciationAndAmortization": 72793000, "ebitda": 241355000, "ebitdaratio": 0.4877129595, "operatingIncome": 151649000, "operatingIncomeRatio": 0.3064414767, "totalOtherIncomeExpensesNet": 6328000, "incomeBeforeTax": 147645000, "incomeBeforeTaxRatio": 0.2983504792, "incomeTaxExpense": 10572000, "netIncome": 126068000, "netIncomeRatio": 0.2547492175, "eps": 1.25, "epsdiluted": 1.25, "weightedAverageShsOut": 51036968, "weightedAverageShsOutDil": 51036968, "link": "", "finalLink": "", "calculatedOtherExpenses": 161255000, "calculatedOperatingExpenses": 186173000, "calculatedNetInterest": -1881000, "calculatedOtherIncome": -2123000, "calculatedIncomeNonControlling": 11005000, "calculatedEbitda": 224442000}, {"date": "2009-12-31", "symbol": "WES", "reportedCurrency": "USD", "cik": "0001423902", "fillingDate": "2009-12-31", "acceptedDate": "2009-12-30 19:00:00", "calendarYear": "2009", "period": "FY", "revenue": 236542000, "costOfRevenue": 51136000, "grossProfit": 185406000, "grossProfitRatio": 0.7838185185, "researchAndDevelopmentExpenses": 0, "generalAndAdministrativeExpenses": 20136000, "sellingAndMarketingExpenses": 0, "sellingGeneralAndAdministrativeExpenses": 20136000, "otherExpenses": 93217000, "operatingExpenses": 113353000, "costAndExpenses": 164489000, "interestIncome": 16900000, "interestExpense": 9955000, "depreciationAndAmortization": 40065000, "ebitda": 137595000, "ebitdaratio": 0.5816937373, "operatingIncome": 80630000, "operatingIncomeRatio": 0.3408696976, "totalOtherIncomeExpensesNet": 8619000, "incomeBeforeTax": 87617000, "incomeBeforeTaxRatio": 0.3704077923, "incomeTaxExpense": 12000, "netIncome": 77345000, "netIncomeRatio": 0.3269821004, "eps": 1.99, "epsdiluted": 1.99, "weightedAverageShsOut": 36374925, "weightedAverageShsOutDil": 36374925, "link": "", "finalLink": "", "calculatedOtherExpenses": 84640000, "calculatedOperatingExpenses": 104776000, "calculatedNetInterest": 6945000, "calculatedOtherIncome": 42000, "calculatedIncomeNonControlling": 10260000, "calculatedEbitda": 120695000}, {"date": "2008-12-31", "symbol": "WES", "reportedCurrency": "USD", "cik": "0001423902", "fillingDate": "2008-12-31", "acceptedDate": "2008-12-30 19:00:00", "calendarYear": "2008", "period": "FY", "revenue": 689479000, "costOfRevenue": 332882000, "grossProfit": 356597000, "grossProfitRatio": 0.5171977682, "researchAndDevelopmentExpenses": 0, "generalAndAdministrativeExpenses": 23330000, "sellingAndMarketingExpenses": 0, "sellingGeneralAndAdministrativeExpenses": 23330000, "otherExpenses": 176564000, "operatingExpenses": 199894000, "costAndExpenses": 532776000, "interestIncome": 12148000, "interestExpense": 364000, "depreciationAndAmortization": 71040000, "ebitda": 249180000, "ebitdaratio": 0.3614033205, "operatingIncome": 165992000, "operatingIncomeRatio": 0.2407498996, "totalOtherIncomeExpensesNet": 9488000, "incomeBeforeTax": 177975000, "incomeBeforeTaxRatio": 0.2581296892, "incomeTaxExpense": 43747000, "netIncome": 126320000, "netIncomeRatio": 0.1832108012, "eps": 0.78, "epsdiluted": 0.78, "weightedAverageShsOut": 53216000, "weightedAverageShsOutDil": 53216000, "link": "", "finalLink": "", "calculatedOtherExpenses": 167275000, "calculatedOperatingExpenses": 190605000, "calculatedNetInterest": 11784000, "calculatedOtherIncome": 199000, "calculatedIncomeNonControlling": 7908000, "calculatedEbitda": 237032000}, {"date": "2007-12-31", "symbol": "WES", "reportedCurrency": "USD", "cik": "0001423902", "fillingDate": "2007-12-31", "acceptedDate": "2007-12-30 19:00:00", "calendarYear": "2007", "period": "FY", "revenue": 255349000, "costOfRevenue": 112282000, "grossProfit": 143067000, "grossProfitRatio": 0.5602802439, "researchAndDevelopmentExpenses": 0, "generalAndAdministrativeExpenses": 8365000, "sellingAndMarketingExpenses": 0, "sellingGeneralAndAdministrativeExpenses": 8365000, "otherExpenses": 77132000, "operatingExpenses": 85497000, "costAndExpenses": 197779000, "interestIncome": 0, "interestExpense": 7805000, "depreciationAndAmortization": 30785000, "ebitda": 94499000, "ebitdaratio": 0.3700778151, "operatingIncome": 63714000, "operatingIncomeRatio": 0.2495173273, "totalOtherIncomeExpensesNet": 6129000, "incomeBeforeTax": 55894000, "incomeBeforeTaxRatio": 0.2188925745, "incomeTaxExpense": 19424000, "netIncome": 36562000, "netIncomeRatio": 0.143184426, "eps": 0.54, "epsdiluted": 0.54, "weightedAverageShsOut": 67823000, "weightedAverageShsOutDil": 67823000, "link": "", "finalLink": "", "calculatedOtherExpenses": 70988000, "calculatedOperatingExpenses": 79353000, "calculatedNetInterest": -7805000, "calculatedOtherIncome": -15000, "calculatedIncomeNonControlling": -92000, "calculatedEbitda": 94499000}]}