{"originalCurrency": "USD", "convertedCurrency": "USD", "report": [{"date": "2023-12-31", "symbol": "WEX", "reportedCurrency": "USD", "cik": "0001309108", "fillingDate": "2024-02-23", "acceptedDate": "2024-02-23 12:50:30", "calendarYear": "2023", "period": "FY", "revenue": 2548000000, "costOfRevenue": 1055300000, "grossProfit": 1492700000, "grossProfitRatio": 0.5858320251, "researchAndDevelopmentExpenses": 78700000, "generalAndAdministrativeExpenses": 428000000, "sellingAndMarketingExpenses": 327800000, "sellingGeneralAndAdministrativeExpenses": 845600000, "otherExpenses": 0, "operatingExpenses": 845600000, "costAndExpenses": 1900900000, "interestIncome": 0, "interestExpense": 174200000, "depreciationAndAmortization": 276200000, "ebitda": 923300000, "ebitdaratio": 0.3623626374, "operatingIncome": 647100000, "operatingIncomeRatio": 0.2539638932, "totalOtherIncomeExpensesNet": -278299999.99999994, "incomeBeforeTax": 368800000, "incomeBeforeTaxRatio": 0.1447409733, "incomeTaxExpense": 102200000, "netIncome": 266600000, "netIncomeRatio": 0.1046310832, "eps": 6.23, "epsdiluted": 6.16, "weightedAverageShsOut": 42800000, "weightedAverageShsOutDil": 43300000, "link": "https://www.sec.gov/Archives/edgar/data/1309108/000130910824000033/0001309108-24-000033-index.htm", "finalLink": "https://www.sec.gov/Archives/edgar/data/1309108/000130910824000033/wex-20231231.htm", "calculatedOtherExpenses": -78700000, "calculatedOperatingExpenses": 845600000, "calculatedNetInterest": -174200000, "calculatedOtherIncome": -104100000, "calculatedIncomeNonControlling": 0, "calculatedEbitda": 923300000}, {"date": "2022-12-31", "symbol": "WEX", "reportedCurrency": "USD", "cik": "0001309108", "fillingDate": "2023-02-28", "acceptedDate": "2023-02-28 16:09:18", "calendarYear": "2022", "period": "FY", "revenue": 2350511000, "costOfRevenue": 930450000, "grossProfit": 1420061000, "grossProfitRatio": 0.6041499061, "researchAndDevelopmentExpenses": 77997000, "generalAndAdministrativeExpenses": 343901000, "sellingAndMarketingExpenses": 311833000, "sellingGeneralAndAdministrativeExpenses": 655734000, "otherExpenses": 157999000, "operatingExpenses": 813733000, "costAndExpenses": 1744183000, "interestIncome": 44339000, "interestExpense": 130690000, "depreciationAndAmortization": 294485000, "ebitda": 764327000, "ebitdaratio": 0.3251748237, "operatingIncome": 469842000, "operatingIncomeRatio": 0.1998893007, "totalOtherIncomeExpensesNet": -209296000, "incomeBeforeTax": 260546000, "incomeBeforeTaxRatio": 0.1108465351, "incomeTaxExpense": 93085000, "netIncome": 201400000, "netIncomeRatio": 0.0856834961, "eps": 4.54, "epsdiluted": 4.5, "weightedAverageShsOut": 44398000, "weightedAverageShsOutDil": 44724000, "link": "https://www.sec.gov/Archives/edgar/data/1309108/000130910823000022/0001309108-23-000022-index.htm", "finalLink": "https://www.sec.gov/Archives/edgar/data/1309108/000130910823000022/wex-20221231.htm", "calculatedOtherExpenses": 216488000, "calculatedOperatingExpenses": 950219000, "calculatedNetInterest": -86351000, "calculatedOtherIncome": -122945000, "calculatedIncomeNonControlling": -33939000, "calculatedEbitda": 764327000}, {"date": "2021-12-31", "symbol": "WEX", "reportedCurrency": "USD", "cik": "0001309108", "fillingDate": "2022-03-01", "acceptedDate": "2022-03-01 12:30:17", "calendarYear": "2021", "period": "FY", "revenue": 1850542000, "costOfRevenue": 702109000, "grossProfit": 1148433000, "grossProfitRatio": 0.6205927777, "researchAndDevelopmentExpenses": 74189000, "generalAndAdministrativeExpenses": 326878000, "sellingAndMarketingExpenses": 319078000, "sellingGeneralAndAdministrativeExpenses": 645956000, "otherExpenses": 160477000, "operatingExpenses": 806433000, "costAndExpenses": 1508542000, "interestIncome": 88436000, "interestExpense": 128422000, "depreciationAndAmortization": 164094000, "ebitda": 506094000, "ebitdaratio": 0.2734842008, "operatingIncome": 342000000, "operatingIncomeRatio": 0.1848107203, "totalOtherIncomeExpensesNet": -138054000, "incomeBeforeTax": 203946000, "incomeBeforeTaxRatio": 0.1102087929, "incomeTaxExpense": 67807000, "netIncome": 136139000, "netIncomeRatio": 0.0735670955, "eps": 3.04, "epsdiluted": 3, "weightedAverageShsOut": 44718000, "weightedAverageShsOutDil": 45312000, "link": "https://www.sec.gov/Archives/edgar/data/1309108/000130910822000020/0001309108-22-000020-index.htm", "finalLink": "https://www.sec.gov/Archives/edgar/data/1309108/000130910822000020/wex-20211231.htm", "calculatedOtherExpenses": 86288000, "calculatedOperatingExpenses": 806433000, "calculatedNetInterest": -39986000, "calculatedOtherIncome": -98068000, "calculatedIncomeNonControlling": 0, "calculatedEbitda": 506094000}, {"date": "2020-12-31", "symbol": "WEX", "reportedCurrency": "USD", "cik": "0001309108", "fillingDate": "2021-03-01", "acceptedDate": "2021-03-01 16:04:18", "calendarYear": "2020", "period": "FY", "revenue": 1559869000, "costOfRevenue": 673175000, "grossProfit": 886694000, "grossProfitRatio": 0.5684413242, "researchAndDevelopmentExpenses": 72363000, "generalAndAdministrativeExpenses": 292109000, "sellingAndMarketingExpenses": 266684000, "sellingGeneralAndAdministrativeExpenses": 558793000, "otherExpenses": 157334000, "operatingExpenses": 716127000, "costAndExpenses": 1389302000, "interestIncome": 184649000, "interestExpense": 157080000, "depreciationAndAmortization": 157334000, "ebitda": 328392000, "ebitdaratio": 0.210525371, "operatingIncome": 171058000, "operatingIncomeRatio": 0.1096617729, "totalOtherIncomeExpensesNet": -472139000, "incomeBeforeTax": -301081000, "incomeBeforeTaxRatio": -0.1930168495, "incomeTaxExpense": -20597000, "netIncome": -280484000, "netIncomeRatio": -0.1798125355, "eps": -6.4, "epsdiluted": -6.4, "weightedAverageShsOut": 43842000, "weightedAverageShsOutDil": 43842000, "link": "https://www.sec.gov/Archives/edgar/data/1309108/000130910821000018/0001309108-21-000018-index.htm", "finalLink": "https://www.sec.gov/Archives/edgar/data/1309108/000130910821000018/wex-20201231.htm", "calculatedOtherExpenses": 84480000, "calculatedOperatingExpenses": 715636000, "calculatedNetInterest": 27569000, "calculatedOtherIncome": -499708000, "calculatedIncomeNonControlling": 0, "calculatedEbitda": 328392000}, {"date": "2019-12-31", "symbol": "WEX", "reportedCurrency": "USD", "cik": "0001309108", "fillingDate": "2020-02-28", "acceptedDate": "2020-02-28 16:33:25", "calendarYear": "2019", "period": "FY", "revenue": 1723691000, "costOfRevenue": 659770000, "grossProfit": 1063921000, "grossProfitRatio": 0.6172341794, "researchAndDevelopmentExpenses": 57821000, "generalAndAdministrativeExpenses": 275807000, "sellingAndMarketingExpenses": 259869000, "sellingGeneralAndAdministrativeExpenses": 535676000, "otherExpenses": 142404000, "operatingExpenses": 678080000, "costAndExpenses": 1337850000, "interestIncome": 170040000, "interestExpense": 134677000, "depreciationAndAmortization": 143336000, "ebitda": 529177000, "ebitdaratio": 0.3070022411, "operatingIncome": 385841000, "operatingIncomeRatio": 0.2238458053, "totalOtherIncomeExpensesNet": -169325000, "incomeBeforeTax": 216516000, "incomeBeforeTaxRatio": 0.1256118411, "incomeTaxExpense": 61223000, "netIncome": 155293000, "netIncomeRatio": 0.090093294, "eps": 3.59, "epsdiluted": 3.55, "weightedAverageShsOut": 43316000, "weightedAverageShsOutDil": 43769000, "link": "https://www.sec.gov/Archives/edgar/data/1309108/000130910820000024/0001309108-20-000024-index.htm", "finalLink": "https://www.sec.gov/Archives/edgar/data/1309108/000130910820000024/wex2019123110-k.htm", "calculatedOtherExpenses": 84583000, "calculatedOperatingExpenses": 678080000, "calculatedNetInterest": 35363000, "calculatedOtherIncome": -204688000, "calculatedIncomeNonControlling": 0, "calculatedEbitda": 529177000}, {"date": "2018-12-31", "symbol": "WEX", "reportedCurrency": "USD", "cik": "0001309108", "fillingDate": "2019-03-18", "acceptedDate": "2019-03-18 17:11:03", "calendarYear": "2018", "period": "FY", "revenue": 1492639000, "costOfRevenue": 547929000, "grossProfit": 944710000, "grossProfitRatio": 0.6329125797, "researchAndDevelopmentExpenses": 38632000, "generalAndAdministrativeExpenses": 209319000, "sellingAndMarketingExpenses": 229234000, "sellingGeneralAndAdministrativeExpenses": 438553000, "otherExpenses": -775000, "operatingExpenses": 558423000, "costAndExpenses": 1106352000, "interestIncome": 0, "interestExpense": 105023000, "depreciationAndAmortization": 119870000, "ebitda": 505382000, "ebitdaratio": 0.3385828723, "operatingIncome": 380638000, "operatingIncomeRatio": 0.2550100862, "totalOtherIncomeExpensesNet": -42645000, "incomeBeforeTax": 238619000, "incomeBeforeTaxRatio": 0.1598638385, "incomeTaxExpense": 68843000, "netIncome": 168295000, "netIncomeRatio": 0.1127499683, "eps": 3.9, "epsdiluted": 3.86, "weightedAverageShsOut": 43156000, "weightedAverageShsOutDil": 43574000, "link": "https://www.sec.gov/Archives/edgar/data/1309108/000130910819000020/0001309108-19-000020-index.htm", "finalLink": "https://www.sec.gov/Archives/edgar/data/1309108/000130910819000020/wex2018123110-k.htm", "calculatedOtherExpenses": 86887000, "calculatedOperatingExpenses": 564072000, "calculatedNetInterest": -105023000, "calculatedOtherIncome": -36996000, "calculatedIncomeNonControlling": 1481000, "calculatedEbitda": 500508000}, {"date": "2017-12-31", "symbol": "WEX", "reportedCurrency": "USD", "cik": "0001309108", "fillingDate": "2018-03-01", "acceptedDate": "2018-03-01 15:54:55", "calendarYear": "2017", "period": "FY", "revenue": 1250548000, "costOfRevenue": 510059000, "grossProfit": 740489000, "grossProfitRatio": 0.5921316095, "researchAndDevelopmentExpenses": 32582000, "generalAndAdministrativeExpenses": 184734000, "sellingAndMarketingExpenses": 163654000, "sellingGeneralAndAdministrativeExpenses": 348388000, "otherExpenses": 15259000, "operatingExpenses": 478006000, "costAndExpenses": 988065000, "interestIncome": 0, "interestExpense": 107067000, "depreciationAndAmortization": 129618000, "ebitda": 407360000, "ebitdaratio": 0.3257451933, "operatingIncome": 239270000, "operatingIncomeRatio": 0.19133212, "totalOtherIncomeExpensesNet": 23279000, "incomeBeforeTax": 178695000, "incomeBeforeTaxRatio": 0.1428933556, "incomeTaxExpense": 19525000, "netIncome": 160266000, "netIncomeRatio": 0.1281566161, "eps": 3.73, "epsdiluted": 3.73, "weightedAverageShsOut": 42977000, "weightedAverageShsOutDil": 43022000, "link": "https://www.sec.gov/Archives/edgar/data/1309108/000130910818000013/0001309108-18-000013-index.htm", "finalLink": "https://www.sec.gov/Archives/edgar/data/1309108/000130910818000013/wex2017123110-k.htm", "calculatedOtherExpenses": 120249000, "calculatedOperatingExpenses": 501219000, "calculatedNetInterest": -107067000, "calculatedOtherIncome": 46492000, "calculatedIncomeNonControlling": -1096000, "calculatedEbitda": 368888000}, {"date": "2016-12-31", "symbol": "WEX", "reportedCurrency": "USD", "cik": "0001309108", "fillingDate": "2017-03-06", "acceptedDate": "2017-03-06 15:45:42", "calendarYear": "2016", "period": "FY", "revenue": 1018460000, "costOfRevenue": 505084000, "grossProfit": 513376000, "grossProfitRatio": 0.5040708521, "researchAndDevelopmentExpenses": 27581000, "generalAndAdministrativeExpenses": 44610000, "sellingAndMarketingExpenses": 20468000, "sellingGeneralAndAdministrativeExpenses": 65078000, "otherExpenses": -563000, "operatingExpenses": 310762000, "costAndExpenses": 815846000, "interestIncome": 0, "interestExpense": 113418000, "depreciationAndAmortization": 141651000, "ebitda": 343702000, "ebitdaratio": 0.337472262, "operatingIncome": 195128000, "operatingIncomeRatio": 0.191591226, "totalOtherIncomeExpensesNet": -2095000, "incomeBeforeTax": 87101000, "incomeBeforeTaxRatio": 0.0855222591, "incomeTaxExpense": 29625000, "netIncome": 60637000, "netIncomeRatio": 0.0595379298, "eps": 1.49, "epsdiluted": 1.48, "weightedAverageShsOut": 40809000, "weightedAverageShsOutDil": 40914000, "link": "https://www.sec.gov/Archives/edgar/data/1309108/000130910817000014/0001309108-17-000014-index.htm", "finalLink": "https://www.sec.gov/Archives/edgar/data/1309108/000130910817000014/wex2016123110-k.htm", "calculatedOtherExpenses": 225589000, "calculatedOperatingExpenses": 318248000, "calculatedNetInterest": -113418000, "calculatedOtherIncome": 5391000, "calculatedIncomeNonControlling": -3161000, "calculatedEbitda": 336779000}, {"date": "2015-12-31", "symbol": "WEX", "reportedCurrency": "USD", "cik": "0001309108", "fillingDate": "2016-02-26", "acceptedDate": "2016-02-26 17:10:57", "calendarYear": "2015", "period": "FY", "revenue": 854637000, "costOfRevenue": 401861000, "grossProfit": 452776000, "grossProfitRatio": 0.5297875004, "researchAndDevelopmentExpenses": 20316000, "generalAndAdministrativeExpenses": 37499000, "sellingAndMarketingExpenses": 17406000, "sellingGeneralAndAdministrativeExpenses": 54905000, "otherExpenses": 2145000, "operatingExpenses": 216188000, "costAndExpenses": 618049000, "interestIncome": 0, "interestExpense": 46189000, "depreciationAndAmortization": 83077000, "ebitda": 321810000, "ebitdaratio": 0.3765458317, "operatingIncome": 228793000, "operatingIncomeRatio": 0.2677078105, "totalOtherIncomeExpensesNet": -5491000, "incomeBeforeTax": 184908000, "incomeBeforeTaxRatio": 0.2163585241, "incomeTaxExpense": 75296000, "netIncome": 101904000, "netIncomeRatio": 0.1192365882, "eps": 2.63, "epsdiluted": 2.62, "weightedAverageShsOut": 38771000, "weightedAverageShsOutDil": 38843000, "link": "https://www.sec.gov/Archives/edgar/data/1309108/000130910816000146/0001309108-16-000146-index.htm", "finalLink": "https://www.sec.gov/Archives/edgar/data/1309108/000130910816000146/wex2015123110-k.htm", "calculatedOtherExpenses": 148762000, "calculatedOperatingExpenses": 223983000, "calculatedNetInterest": -46189000, "calculatedOtherIncome": 2304000, "calculatedIncomeNonControlling": 7708000, "calculatedEbitda": 311870000}, {"date": "2014-12-31", "symbol": "WEX", "reportedCurrency": "USD", "cik": "0001309108", "fillingDate": "2015-02-26", "acceptedDate": "2015-02-26 12:17:35", "calendarYear": "2014", "period": "FY", "revenue": 817647000, "costOfRevenue": 359266000, "grossProfit": 458381000, "grossProfitRatio": 0.5606098964, "researchAndDevelopmentExpenses": 18661000, "generalAndAdministrativeExpenses": 32860000, "sellingAndMarketingExpenses": 15748000, "sellingGeneralAndAdministrativeExpenses": 48608000, "otherExpenses": -1331000, "operatingExpenses": 179633000, "costAndExpenses": 538899000, "interestIncome": 0, "interestExpense": 36042000, "depreciationAndAmortization": 70380000, "ebitda": 347797000, "ebitdaratio": 0.425363268, "operatingIncome": 306238000, "operatingIncomeRatio": 0.3745357104, "totalOtherIncomeExpensesNet": 58933000, "incomeBeforeTax": 301639000, "incomeBeforeTaxRatio": 0.3689110337, "incomeTaxExpense": 101621000, "netIncome": 202211000, "netIncomeRatio": 0.2473084351, "eps": 5.2, "epsdiluted": 5.18, "weightedAverageShsOut": 38890000, "weightedAverageShsOutDil": 39000000, "link": "https://www.sec.gov/Archives/edgar/data/1309108/000130910815000016/0001309108-15-000016-index.htm", "finalLink": "https://www.sec.gov/Archives/edgar/data/1309108/000130910815000016/wex2014123110-k.htm", "calculatedOtherExpenses": 84874000, "calculatedOperatingExpenses": 152143000, "calculatedNetInterest": -36042000, "calculatedOtherIncome": 31443000, "calculatedIncomeNonControlling": -2193000, "calculatedEbitda": 376618000}, {"date": "2013-12-31", "symbol": "WEX", "reportedCurrency": "USD", "cik": "0001309108", "fillingDate": "2014-02-27", "acceptedDate": "2014-02-27 16:39:52", "calendarYear": "2013", "period": "FY", "revenue": 717463000, "costOfRevenue": 292436000, "grossProfit": 425027000, "grossProfitRatio": 0.5924026744, "researchAndDevelopmentExpenses": 18830000, "generalAndAdministrativeExpenses": 28176000, "sellingAndMarketingExpenses": 14860000, "sellingGeneralAndAdministrativeExpenses": 43036000, "otherExpenses": -33000, "operatingExpenses": 148288000, "costAndExpenses": 440724000, "interestIncome": 0, "interestExpense": 29419000, "depreciationAndAmortization": 58208000, "ebitda": 334914000, "ebitdaratio": 0.4668031662, "operatingIncome": 276739000, "operatingIncomeRatio": 0.3857188454, "totalOtherIncomeExpensesNet": -8920000, "incomeBeforeTax": 238400000, "incomeBeforeTaxRatio": 0.3322819435, "incomeTaxExpense": 90102000, "netIncome": 149208000, "netIncomeRatio": 0.2079661251, "eps": 3.83, "epsdiluted": 3.82, "weightedAverageShsOut": 38946000, "weightedAverageShsOutDil": 39103000, "link": "https://www.sec.gov/Archives/edgar/data/1309108/000130910814000021/0001309108-14-000021-index.htm", "finalLink": "https://www.sec.gov/Archives/edgar/data/1309108/000130910814000021/wex2013123110-k.htm", "calculatedOtherExpenses": 86422000, "calculatedOperatingExpenses": 148288000, "calculatedNetInterest": -29419000, "calculatedOtherIncome": -8920000, "calculatedIncomeNonControlling": -910000, "calculatedEbitda": 334947000}, {"date": "2012-12-31", "symbol": "WEX", "reportedCurrency": "USD", "cik": "0001309108", "fillingDate": "2013-03-01", "acceptedDate": "2013-02-28 18:12:12", "calendarYear": "2012", "period": "FY", "revenue": 623151000, "costOfRevenue": 257245000, "grossProfit": 365906000, "grossProfitRatio": 0.5871867332, "researchAndDevelopmentExpenses": 20694000, "generalAndAdministrativeExpenses": 21264000, "sellingAndMarketingExpenses": 13834000, "sellingGeneralAndAdministrativeExpenses": 21264000, "otherExpenses": -2089000, "operatingExpenses": 144287000, "costAndExpenses": 401532000, "interestIncome": 0, "interestExpense": 10433000, "depreciationAndAmortization": 66360000, "ebitda": 285890000, "ebitdaratio": 0.4587812585, "operatingIncome": 221619000, "operatingIncomeRatio": 0.3556425329, "totalOtherIncomeExpensesNet": -5003000, "incomeBeforeTax": 206183000, "incomeBeforeTaxRatio": 0.3308716507, "incomeTaxExpense": 109474000, "netIncome": 96922000, "netIncomeRatio": 0.1555353357, "eps": 2.5, "epsdiluted": 2.48, "weightedAverageShsOut": 38840000, "weightedAverageShsOutDil": 39092000, "link": "https://www.sec.gov/Archives/edgar/data/1309108/000119312513085019/0001193125-13-085019-index.htm", "finalLink": "https://www.sec.gov/Archives/edgar/data/1309108/000119312513085019/d447331d10k.htm", "calculatedOtherExpenses": 102329000, "calculatedOperatingExpenses": 144287000, "calculatedNetInterest": -10433000, "calculatedOtherIncome": -5003000, "calculatedIncomeNonControlling": -213000, "calculatedEbitda": 287979000}, {"date": "2011-12-31", "symbol": "WEX", "reportedCurrency": "USD", "cik": "0001309108", "fillingDate": "2012-02-28", "acceptedDate": "2012-02-28 16:41:58", "calendarYear": "2011", "period": "FY", "revenue": 553076000, "costOfRevenue": 89389000, "grossProfit": 463687000, "grossProfitRatio": 0.8383784507, "researchAndDevelopmentExpenses": 0, "generalAndAdministrativeExpenses": 116413000, "sellingAndMarketingExpenses": 17278000, "sellingGeneralAndAdministrativeExpenses": 116413000, "otherExpenses": 72896000, "operatingExpenses": 224910000, "costAndExpenses": 314299000, "interestIncome": 0, "interestExpense": 17129000, "depreciationAndAmortization": 48112000, "ebitda": 286889000, "ebitdaratio": 0.5187153303, "operatingIncome": 233324000, "operatingIncomeRatio": 0.4218660727, "totalOtherIncomeExpensesNet": -13043000, "incomeBeforeTax": 208605000, "incomeBeforeTaxRatio": 0.3771723958, "incomeTaxExpense": 74983000, "netIncome": 133622000, "netIncomeRatio": 0.2415978997, "eps": 3.45, "epsdiluted": 3.43, "weightedAverageShsOut": 38686000, "weightedAverageShsOutDil": 38998000, "link": "https://www.sec.gov/Archives/edgar/data/1309108/000119312512085474/0001193125-12-085474-index.htm", "finalLink": "https://www.sec.gov/Archives/edgar/data/1309108/000119312512085474/d271172d10k.htm", "calculatedOtherExpenses": 113950000, "calculatedOperatingExpenses": 230363000, "calculatedNetInterest": -17129000, "calculatedOtherIncome": -7590000, "calculatedIncomeNonControlling": 0, "calculatedEbitda": 281436000}, {"date": "2010-12-31", "symbol": "WEX", "reportedCurrency": "USD", "cik": "0001309108", "fillingDate": "2011-02-28", "acceptedDate": "2011-02-28 17:30:34", "calendarYear": "2010", "period": "FY", "revenue": 390406000, "costOfRevenue": 61730000, "grossProfit": 328676000, "grossProfitRatio": 0.841882553, "researchAndDevelopmentExpenses": 0, "generalAndAdministrativeExpenses": 96018000, "sellingAndMarketingExpenses": 13728000, "sellingGeneralAndAdministrativeExpenses": 96018000, "otherExpenses": 49731000, "operatingExpenses": 172597000, "costAndExpenses": 234327000, "interestIncome": 0, "interestExpense": 10684000, "depreciationAndAmortization": 29893000, "ebitda": 185972000, "ebitdaratio": 0.4763553839, "operatingIncome": 150709000, "operatingIncomeRatio": 0.3860314647, "totalOtherIncomeExpensesNet": -313000, "incomeBeforeTax": 145082000, "incomeBeforeTaxRatio": 0.3716182641, "incomeTaxExpense": 57453000, "netIncome": 87629000, "netIncomeRatio": 0.2244560791, "eps": 2.28, "epsdiluted": 2.25, "weightedAverageShsOut": 38486000, "weightedAverageShsOutDil": 39052000, "link": "https://www.sec.gov/Archives/edgar/data/1309108/000095012311019937/0000950123-11-019937-index.htm", "finalLink": "https://www.sec.gov/Archives/edgar/data/1309108/000095012311019937/b83550e10vk.htm", "calculatedOtherExpenses": 81949000, "calculatedOperatingExpenses": 177967000, "calculatedNetInterest": -10684000, "calculatedOtherIncome": 5057000, "calculatedIncomeNonControlling": 0, "calculatedEbitda": 180602000}, {"date": "2009-12-31", "symbol": "WEX", "reportedCurrency": "USD", "cik": "0001309108", "fillingDate": "2010-02-26", "acceptedDate": "2010-02-25 18:06:38", "calendarYear": "2009", "period": "FY", "revenue": 318224000, "costOfRevenue": 105592000, "grossProfit": 212632000, "grossProfitRatio": 0.668183418, "researchAndDevelopmentExpenses": 9327000, "generalAndAdministrativeExpenses": 11421000, "sellingAndMarketingExpenses": 10816000, "sellingGeneralAndAdministrativeExpenses": 8718000, "otherExpenses": 49644000, "operatingExpenses": 81208000, "costAndExpenses": 186800000, "interestIncome": 0, "interestExpense": 19484000, "depreciationAndAmortization": 22559000, "ebitda": 153983000, "ebitdaratio": 0.4838824224, "operatingIncome": 118150000, "operatingIncomeRatio": 0.3712793504, "totalOtherIncomeExpensesNet": 113304000, "incomeBeforeTax": 225244000, "incomeBeforeTaxRatio": 0.7078158781, "incomeTaxExpense": 85585000, "netIncome": 139659000, "netIncomeRatio": 0.4388701041, "eps": 3.65, "epsdiluted": 3.55, "weightedAverageShsOut": 38303000, "weightedAverageShsOutDil": 39364000, "link": "https://www.sec.gov/Archives/edgar/data/1309108/000095012310017210/0000950123-10-017210-index.htm", "finalLink": "https://www.sec.gov/Archives/edgar/data/1309108/000095012310017210/b78685e10vk.htm", "calculatedOtherExpenses": 76437000, "calculatedOperatingExpenses": 94482000, "calculatedNetInterest": -19484000, "calculatedOtherIncome": 126578000, "calculatedIncomeNonControlling": 0, "calculatedEbitda": 140709000}, {"date": "2008-12-31", "symbol": "WEX", "reportedCurrency": "USD", "cik": "0001309108", "fillingDate": "2009-02-27", "acceptedDate": "2009-02-27 09:03:29", "calendarYear": "2008", "period": "FY", "revenue": 393582000, "costOfRevenue": 90485000, "grossProfit": 303097000, "grossProfitRatio": 0.7700987342, "researchAndDevelopmentExpenses": 8510000, "generalAndAdministrativeExpenses": 11686000, "sellingAndMarketingExpenses": 11746000, "sellingGeneralAndAdministrativeExpenses": 23432000, "otherExpenses": 74730000, "operatingExpenses": 232150000, "costAndExpenses": 232150000, "interestIncome": 0, "interestExpense": 46852000, "depreciationAndAmortization": 20588000, "ebitda": 182020000, "ebitdaratio": 0.4624703365, "operatingIncome": 161432000, "operatingIncomeRatio": 0.4101610338, "totalOtherIncomeExpensesNet": 34333000, "incomeBeforeTax": 195765000, "incomeBeforeTaxRatio": 0.4973931735, "incomeTaxExpense": 68125000, "netIncome": 127640000, "netIncomeRatio": 0.3243034488, "eps": 3.28, "epsdiluted": 3.22, "weightedAverageShsOut": 38885000, "weightedAverageShsOutDil": 39787000, "link": "https://www.sec.gov/Archives/edgar/data/1309108/000095013509001305/0000950135-09-001305-index.htm", "finalLink": "https://www.sec.gov/Archives/edgar/data/1309108/000095013509001305/b74345wee10vk.htm", "calculatedOtherExpenses": 109723000, "calculatedOperatingExpenses": 141665000, "calculatedNetInterest": -46852000, "calculatedOtherIncome": 81185000, "calculatedIncomeNonControlling": 0, "calculatedEbitda": 182020000}, {"date": "2007-12-31", "symbol": "WEX", "reportedCurrency": "USD", "cik": "0001309108", "fillingDate": "2008-02-28", "acceptedDate": "2008-02-28 17:03:56", "calendarYear": "2007", "period": "FY", "revenue": 336128000, "costOfRevenue": 89227000, "grossProfit": 246901000, "grossProfitRatio": 0.7345445783, "researchAndDevelopmentExpenses": 8738000, "generalAndAdministrativeExpenses": 32256000, "sellingAndMarketingExpenses": 4711000, "sellingGeneralAndAdministrativeExpenses": 36967000, "otherExpenses": 49104000, "operatingExpenses": 94809000, "costAndExpenses": 184036000, "interestIncome": 0, "interestExpense": -12677000, "depreciationAndAmortization": 15719000, "ebitda": 144089000, "ebitdaratio": 0.4286730055, "operatingIncome": 152092000, "operatingIncomeRatio": 0.4524823877, "totalOtherIncomeExpensesNet": 23722000, "incomeBeforeTax": 163137000, "incomeBeforeTaxRatio": 0.4853418936, "incomeTaxExpense": 111560000, "netIncome": 51577000, "netIncomeRatio": 0.1534445211, "eps": 1.29, "epsdiluted": 1.27, "weightedAverageShsOut": 40042000, "weightedAverageShsOutDil": 40751000, "link": "https://www.sec.gov/Archives/edgar/data/1309108/000095013508001309/0000950135-08-001309-index.htm", "finalLink": "https://www.sec.gov/Archives/edgar/data/1309108/000095013508001309/b68113wee10vk.htm", "calculatedOtherExpenses": 49104000, "calculatedOperatingExpenses": 94809000, "calculatedNetInterest": 12677000, "calculatedOtherIncome": -1632000, "calculatedIncomeNonControlling": 0, "calculatedEbitda": 167811000}, {"date": "2006-12-31", "symbol": "WEX", "reportedCurrency": "USD", "cik": "0001309108", "fillingDate": "2007-02-28", "acceptedDate": "2007-02-28 09:05:13", "calendarYear": "2006", "period": "FY", "revenue": 291247000, "costOfRevenue": 31220000, "grossProfit": 260027000, "grossProfitRatio": 0.8928057628, "researchAndDevelopmentExpenses": 7823000, "generalAndAdministrativeExpenses": 0, "sellingAndMarketingExpenses": 0, "sellingGeneralAndAdministrativeExpenses": 71667000, "otherExpenses": 117101000, "operatingExpenses": 124924000, "costAndExpenses": 156144000, "interestIncome": 0, "interestExpense": -14447000, "depreciationAndAmortization": 12081000, "ebitda": 162395000, "ebitdaratio": 0.5575851425, "operatingIncome": 135103000, "operatingIncomeRatio": 0.4638777395, "totalOtherIncomeExpensesNet": -15211000, "incomeBeforeTax": 116476000, "incomeBeforeTaxRatio": 0.3999217159, "incomeTaxExpense": 41867000, "netIncome": 74609000, "netIncomeRatio": 0.256170879, "eps": 1.85, "epsdiluted": 1.81, "weightedAverageShsOut": 40373000, "weightedAverageShsOutDil": 41553000, "link": "https://www.sec.gov/Archives/edgar/data/1309108/000095013507001120/0000950135-07-001120-index.htm", "finalLink": "https://www.sec.gov/Archives/edgar/data/1309108/000095013507001120/b63688wee10vk.htm", "calculatedOtherExpenses": 45434000, "calculatedOperatingExpenses": 124924000, "calculatedNetInterest": 14447000, "calculatedOtherIncome": -33074000, "calculatedIncomeNonControlling": 0, "calculatedEbitda": 147184000}, {"date": "2005-12-31", "symbol": "WEX", "reportedCurrency": "USD", "cik": "0001309108", "fillingDate": "2006-03-15", "acceptedDate": "2006-03-15 16:06:24", "calendarYear": "2005", "period": "FY", "revenue": 241333000, "costOfRevenue": 5874000, "grossProfit": 235459000, "grossProfitRatio": 0.9756601874, "researchAndDevelopmentExpenses": 0, "generalAndAdministrativeExpenses": 0, "sellingAndMarketingExpenses": 0, "sellingGeneralAndAdministrativeExpenses": 110279000, "otherExpenses": 120197000, "operatingExpenses": 120197000, "costAndExpenses": 120197000, "interestIncome": 0, "interestExpense": -12966000, "depreciationAndAmortization": 11100000, "ebitda": 198014000, "ebitdaratio": 0.8205011333, "operatingIncome": 121136000, "operatingIncomeRatio": 0.5019454447, "totalOtherIncomeExpensesNet": -65778000, "incomeBeforeTax": 27873000, "incomeBeforeTaxRatio": 0.1154960159, "incomeTaxExpense": 9220000, "netIncome": 18653000, "netIncomeRatio": 0.0772915432, "eps": 0.46, "epsdiluted": 0.46, "weightedAverageShsOut": 40194000, "weightedAverageShsOutDil": 40735000, "link": "https://www.sec.gov/Archives/edgar/data/1309108/000095013506001610/0000950135-06-001610-index.htm", "finalLink": "https://www.sec.gov/Archives/edgar/data/1309108/000095013506001610/b58490wee10vk.htm", "calculatedOtherExpenses": 4044000, "calculatedOperatingExpenses": 114323000, "calculatedNetInterest": 12966000, "calculatedOtherIncome": -106229000, "calculatedIncomeNonControlling": 0, "calculatedEbitda": 132236000}, {"date": "2004-12-31", "symbol": "WEX", "reportedCurrency": "USD", "cik": "0001309108", "fillingDate": "2004-12-31", "acceptedDate": "2004-12-30 19:00:00", "calendarYear": "2004", "period": "FY", "revenue": 189100000, "costOfRevenue": 0, "grossProfit": 189100000, "grossProfitRatio": 1, "researchAndDevelopmentExpenses": 0, "generalAndAdministrativeExpenses": 0, "sellingAndMarketingExpenses": 0, "sellingGeneralAndAdministrativeExpenses": 85415000, "otherExpenses": 0, "operatingExpenses": 92791000, "costAndExpenses": 92791000, "interestIncome": 0, "interestExpense": 0, "depreciationAndAmortization": 7376000, "ebitda": 113406000, "ebitdaratio": 0.5997144368, "operatingIncome": 96309000, "operatingIncomeRatio": 0.5093019566, "totalOtherIncomeExpensesNet": -9721000, "incomeBeforeTax": 84160000, "incomeBeforeTaxRatio": 0.4450555262, "incomeTaxExpense": 32941000, "netIncome": 51219000, "netIncomeRatio": 0.2708566896, "eps": 1.27, "epsdiluted": 1.27, "weightedAverageShsOut": 40185000, "weightedAverageShsOutDil": 40185000, "link": "", "finalLink": "", "calculatedOtherExpenses": 7376000, "calculatedOperatingExpenses": 92791000, "calculatedNetInterest": 0, "calculatedOtherIncome": -12149000, "calculatedIncomeNonControlling": 0, "calculatedEbitda": 103685000}, {"date": "2003-12-31", "symbol": "WEX", "reportedCurrency": "USD", "cik": "0001309108", "fillingDate": "2003-12-31", "acceptedDate": "2003-12-30 19:00:00", "calendarYear": "2003", "period": "FY", "revenue": 156939000, "costOfRevenue": 0, "grossProfit": 156939000, "grossProfitRatio": 1, "researchAndDevelopmentExpenses": 0, "generalAndAdministrativeExpenses": 0, "sellingAndMarketingExpenses": 0, "sellingGeneralAndAdministrativeExpenses": 81301000, "otherExpenses": 0, "operatingExpenses": 88585000, "costAndExpenses": 88585000, "interestIncome": 0, "interestExpense": 0, "depreciationAndAmortization": 7284000, "ebitda": 84243000, "ebitdaratio": 0.5367881788, "operatingIncome": 68354000, "operatingIncomeRatio": 0.4355450207, "totalOtherIncomeExpensesNet": -8605000, "incomeBeforeTax": 56934000, "incomeBeforeTaxRatio": 0.3627778946, "incomeTaxExpense": 22294000, "netIncome": 34640000, "netIncomeRatio": 0.2207227012, "eps": 0.86, "epsdiluted": 0.86, "weightedAverageShsOut": 40185000, "weightedAverageShsOutDil": 40185000, "link": "", "finalLink": "", "calculatedOtherExpenses": 7284000, "calculatedOperatingExpenses": 88585000, "calculatedNetInterest": 0, "calculatedOtherIncome": -11420000, "calculatedIncomeNonControlling": 0, "calculatedEbitda": 75638000}, {"date": "2002-12-31", "symbol": "WEX", "reportedCurrency": "USD", "cik": "0001309108", "fillingDate": "2002-12-31", "acceptedDate": "2002-12-30 19:00:00", "calendarYear": "2002", "period": "FY", "revenue": 126601000, "costOfRevenue": 0, "grossProfit": 126601000, "grossProfitRatio": 1, "researchAndDevelopmentExpenses": 0, "generalAndAdministrativeExpenses": 0, "sellingAndMarketingExpenses": 0, "sellingGeneralAndAdministrativeExpenses": 0, "otherExpenses": 0, "operatingExpenses": 0, "costAndExpenses": 0, "interestIncome": 0, "interestExpense": 0, "depreciationAndAmortization": 0, "ebitda": 126601000, "ebitdaratio": 1, "operatingIncome": 126601000, "operatingIncomeRatio": 1, "totalOtherIncomeExpensesNet": -86478000, "incomeBeforeTax": 40123000, "incomeBeforeTaxRatio": 0.3169248268, "incomeTaxExpense": 15702000, "netIncome": 24421000, "netIncomeRatio": 0.1928973705, "eps": 0.61, "epsdiluted": 0.61, "weightedAverageShsOut": 40000000, "weightedAverageShsOutDil": 40000000, "link": "", "finalLink": "", "calculatedOtherExpenses": 0, "calculatedOperatingExpenses": 0, "calculatedNetInterest": 0, "calculatedOtherIncome": -86478000, "calculatedIncomeNonControlling": 0, "calculatedEbitda": 126601000}, {"date": "2001-12-31", "symbol": "WEX", "reportedCurrency": "USD", "cik": "0001309108", "fillingDate": "2001-12-31", "acceptedDate": "2001-12-30 19:00:00", "calendarYear": "2001", "period": "FY", "revenue": 122162000, "costOfRevenue": 20579000, "grossProfit": 101583000, "grossProfitRatio": 0.8315433605, "researchAndDevelopmentExpenses": 0, "generalAndAdministrativeExpenses": 343901000, "sellingAndMarketingExpenses": 311833000, "sellingGeneralAndAdministrativeExpenses": 655734000, "otherExpenses": 88728000, "operatingExpenses": 88728000, "costAndExpenses": 88728000, "interestIncome": 0, "interestExpense": -130690000, "depreciationAndAmortization": 105869000, "ebitda": 33434000, "ebitdaratio": 0.2736857615, "operatingIncome": 33434000, "operatingIncomeRatio": 0.2736857615, "totalOtherIncomeExpensesNet": -209296000, "incomeBeforeTax": 260546000, "incomeBeforeTaxRatio": 2.1327908842, "incomeTaxExpense": 93085000, "netIncome": 18731000, "netIncomeRatio": 0.1533291858, "eps": 0.47, "epsdiluted": 0.47, "weightedAverageShsOut": 39853191, "weightedAverageShsOutDil": 39853191, "link": "", "finalLink": "", "calculatedOtherExpenses": -587585000, "calculatedOperatingExpenses": 68149000, "calculatedNetInterest": 130690000, "calculatedOtherIncome": 96422000, "calculatedIncomeNonControlling": 148730000, "calculatedEbitda": 139303000}]}