{"originalCurrency": "USD", "convertedCurrency": "USD", "report": [{"date": "2023-12-31", "symbol": "WFC", "reportedCurrency": "USD", "cik": "0000072971", "fillingDate": "2024-02-20", "acceptedDate": "2024-02-20 17:06:58", "calendarYear": "2023", "period": "FY", "revenue": 82597000000, "costOfRevenue": 0, "grossProfit": 82597000000, "grossProfitRatio": 1, "researchAndDevelopmentExpenses": 0, "generalAndAdministrativeExpenses": 5085000000, "sellingAndMarketingExpenses": 812000000, "sellingGeneralAndAdministrativeExpenses": 49227000000, "otherExpenses": -9881000000, "operatingExpenses": 55562000000, "costAndExpenses": 55562000000, "interestIncome": 85118000000, "interestExpense": 32743000000, "depreciationAndAmortization": 21636000000, "ebitda": 43272000000, "ebitdaratio": 0.5238931196, "operatingIncome": 21636000000, "operatingIncomeRatio": 0.2619465598, "totalOtherIncomeExpensesNet": 21636000000, "incomeBeforeTax": 21636000000, "incomeBeforeTaxRatio": 0.2619465598, "incomeTaxExpense": 2607000000, "netIncome": 19142000000, "netIncomeRatio": 0.2317517585, "eps": 4.88, "epsdiluted": 4.83, "weightedAverageShsOut": 3688300000, "weightedAverageShsOutDil": 3720400000, "link": "https://www.sec.gov/Archives/edgar/data/72971/000007297124000064/0000072971-24-000064-index.htm", "finalLink": "https://www.sec.gov/Archives/edgar/data/72971/000007297124000064/wfc-20231231.htm", "calculatedOtherExpenses": 11734000000, "calculatedOperatingExpenses": 60961000000, "calculatedNetInterest": 52375000000, "calculatedOtherIncome": -52375000000, "calculatedIncomeNonControlling": -113000000, "calculatedEbitda": 43272000000}, {"date": "2022-12-31", "symbol": "WFC", "reportedCurrency": "USD", "cik": "0000072971", "fillingDate": "2023-02-21", "acceptedDate": "2023-02-21 17:13:29", "calendarYear": "2022", "period": "FY", "revenue": 73785000000, "costOfRevenue": 0, "grossProfit": 73785000000, "grossProfitRatio": 1, "researchAndDevelopmentExpenses": 0, "generalAndAdministrativeExpenses": 5188000000, "sellingAndMarketingExpenses": 505000000, "sellingGeneralAndAdministrativeExpenses": 46289000000, "otherExpenses": -18241000000, "operatingExpenses": 57278000000, "costAndExpenses": 57278000000, "interestIncome": 54024000000, "interestExpense": 9074000000, "depreciationAndAmortization": 14970000000, "ebitda": 29940000000, "ebitdaratio": 0.4057735312, "operatingIncome": 14970000000, "operatingIncomeRatio": 0.2028867656, "totalOtherIncomeExpensesNet": -1000000, "incomeBeforeTax": 14969000000, "incomeBeforeTaxRatio": 0.2028732127, "incomeTaxExpense": 2087000000, "netIncome": 13677000000, "netIncomeRatio": 0.1853628786, "eps": 3.17, "epsdiluted": 3.14, "weightedAverageShsOut": 3805200000, "weightedAverageShsOutDil": 3837000000, "link": "https://www.sec.gov/Archives/edgar/data/72971/000007297123000071/0000072971-23-000071-index.htm", "finalLink": "https://www.sec.gov/Archives/edgar/data/72971/000007297123000071/wfc-20221231.htm", "calculatedOtherExpenses": 12526000000, "calculatedOperatingExpenses": 58815000000, "calculatedNetInterest": 44950000000, "calculatedOtherIncome": -44951000000, "calculatedIncomeNonControlling": -795000000, "calculatedEbitda": 29940000000}, {"date": "2021-12-31", "symbol": "WFC", "reportedCurrency": "USD", "cik": "0000072971", "fillingDate": "2022-02-22", "acceptedDate": "2022-02-22 17:01:56", "calendarYear": "2021", "period": "FY", "revenue": 78492000000, "costOfRevenue": 0, "grossProfit": 78492000000, "grossProfitRatio": 1, "researchAndDevelopmentExpenses": 0, "generalAndAdministrativeExpenses": 5723000000, "sellingAndMarketingExpenses": 600000000, "sellingGeneralAndAdministrativeExpenses": 48059000000, "otherExpenses": -9642000000, "operatingExpenses": 53790000000, "costAndExpenses": 53790000000, "interestIncome": 39694000000, "interestExpense": 3915000000, "depreciationAndAmortization": 28851000000, "ebitda": 57702000000, "ebitdaratio": 0.7351322428, "operatingIncome": 28851000000, "operatingIncomeRatio": 0.3675661214, "totalOtherIncomeExpensesNet": -35000000, "incomeBeforeTax": 28816000000, "incomeBeforeTaxRatio": 0.3671202161, "incomeTaxExpense": 5578000000, "netIncome": 22109000000, "netIncomeRatio": 0.2816720175, "eps": 4.99, "epsdiluted": 4.95, "weightedAverageShsOut": 4061900000, "weightedAverageShsOutDil": 4096200000, "link": "https://www.sec.gov/Archives/edgar/data/72971/000007297122000096/0000072971-22-000096-index.htm", "finalLink": "https://www.sec.gov/Archives/edgar/data/72971/000007297122000096/wfc-20211231.htm", "calculatedOtherExpenses": 1582000000, "calculatedOperatingExpenses": 49641000000, "calculatedNetInterest": 35779000000, "calculatedOtherIncome": -35814000000, "calculatedIncomeNonControlling": 1129000000, "calculatedEbitda": 57702000000}, {"date": "2020-12-31", "symbol": "WFC", "reportedCurrency": "USD", "cik": "0000072971", "fillingDate": "2021-02-23", "acceptedDate": "2021-02-23 16:58:04", "calendarYear": "2020", "period": "FY", "revenue": 72340000000, "costOfRevenue": 0, "grossProfit": 72340000000, "grossProfitRatio": 1, "researchAndDevelopmentExpenses": 0, "generalAndAdministrativeExpenses": 6706000000, "sellingAndMarketingExpenses": 600000000, "sellingGeneralAndAdministrativeExpenses": 48479000000, "otherExpenses": -8246000000, "operatingExpenses": 57667000000, "costAndExpenses": 57667000000, "interestIncome": 47798000000, "interestExpense": 7963000000, "depreciationAndAmortization": 4041000000, "ebitda": 8082000000, "ebitdaratio": 0.1117224219, "operatingIncome": 4041000000, "operatingIncomeRatio": 0.0558612109, "totalOtherIncomeExpensesNet": -1536000000, "incomeBeforeTax": 2505000000, "incomeBeforeTaxRatio": 0.0346281449, "incomeTaxExpense": 1157000000, "netIncome": 1786000000, "netIncomeRatio": 0.0246889688, "eps": 0.43, "epsdiluted": 0.43, "weightedAverageShsOut": 4118000000, "weightedAverageShsOutDil": 4134200000, "link": "https://www.sec.gov/Archives/edgar/data/72971/000007297121000197/0000072971-21-000197-index.htm", "finalLink": "https://www.sec.gov/Archives/edgar/data/72971/000007297121000197/wfc-20201231.htm", "calculatedOtherExpenses": 19820000000, "calculatedOperatingExpenses": 68299000000, "calculatedNetInterest": 39835000000, "calculatedOtherIncome": -41371000000, "calculatedIncomeNonControlling": -438000000, "calculatedEbitda": 8082000000}, {"date": "2019-12-31", "symbol": "WFC", "reportedCurrency": "USD", "cik": "0000072971", "fillingDate": "2020-02-27", "acceptedDate": "2020-02-26 21:51:08", "calendarYear": "2019", "period": "FY", "revenue": 85063000000, "costOfRevenue": 0, "grossProfit": 85063000000, "grossProfitRatio": 1, "researchAndDevelopmentExpenses": 0, "generalAndAdministrativeExpenses": 6745000000, "sellingAndMarketingExpenses": 1076000000, "sellingGeneralAndAdministrativeExpenses": 49170000000, "otherExpenses": -4321000000, "operatingExpenses": 58260000000, "costAndExpenses": 58260000000, "interestIncome": 66083000000, "interestExpense": 18852000000, "depreciationAndAmortization": 25967000000, "ebitda": 51934000000, "ebitdaratio": 0.6105357206, "operatingIncome": 25967000000, "operatingIncomeRatio": 0.3052678603, "totalOtherIncomeExpensesNet": 24198000000, "incomeBeforeTax": 25967000000, "incomeBeforeTaxRatio": 0.3052678603, "incomeTaxExpense": 5761000000, "netIncome": 19715000000, "netIncomeRatio": 0.2317693944, "eps": 4.08, "epsdiluted": 4.05, "weightedAverageShsOut": 4393100000, "weightedAverageShsOutDil": 4425400000, "link": "https://www.sec.gov/Archives/edgar/data/72971/000007297120000217/0000072971-20-000217-index.htm", "finalLink": "https://www.sec.gov/Archives/edgar/data/72971/000007297120000217/wfc-12312019x10k.htm", "calculatedOtherExpenses": 9926000000, "calculatedOperatingExpenses": 59096000000, "calculatedNetInterest": 47231000000, "calculatedOtherIncome": -47231000000, "calculatedIncomeNonControlling": 491000000, "calculatedEbitda": 51934000000}, {"date": "2018-12-31", "symbol": "WFC", "reportedCurrency": "USD", "cik": "0000072971", "fillingDate": "2019-02-27", "acceptedDate": "2019-02-27 15:23:51", "calendarYear": "2018", "period": "FY", "revenue": 86408000000, "costOfRevenue": 0, "grossProfit": 86408000000, "grossProfitRatio": 1, "researchAndDevelopmentExpenses": 0, "generalAndAdministrativeExpenses": 6588000000, "sellingAndMarketingExpenses": 857000000, "sellingGeneralAndAdministrativeExpenses": 46321000000, "otherExpenses": -15326000000, "operatingExpenses": 56158000000, "costAndExpenses": 56158000000, "interestIncome": 64647000000, "interestExpense": 14652000000, "depreciationAndAmortization": 28538000000, "ebitda": 57076000000, "ebitdaratio": 0.6605406907, "operatingIncome": 28538000000, "operatingIncomeRatio": 0.3302703453, "totalOtherIncomeExpensesNet": 28538000000, "incomeBeforeTax": 28538000000, "incomeBeforeTaxRatio": 0.3302703453, "incomeTaxExpense": 5662000000, "netIncome": 22393000000, "netIncomeRatio": 0.259154245, "eps": 4.67, "epsdiluted": 4.63, "weightedAverageShsOut": 4799700000, "weightedAverageShsOutDil": 4838400000, "link": "https://www.sec.gov/Archives/edgar/data/72971/000007297119000227/0000072971-19-000227-index.htm", "finalLink": "https://www.sec.gov/Archives/edgar/data/72971/000007297119000227/wfc-12312018x10k.htm", "calculatedOtherExpenses": 11549000000, "calculatedOperatingExpenses": 57870000000, "calculatedNetInterest": 49995000000, "calculatedOtherIncome": -49995000000, "calculatedIncomeNonControlling": 483000000, "calculatedEbitda": 57076000000}, {"date": "2017-12-31", "symbol": "WFC", "reportedCurrency": "USD", "cik": "0000072971", "fillingDate": "2018-03-01", "acceptedDate": "2018-03-01 12:38:37", "calendarYear": "2017", "period": "FY", "revenue": 87121000000, "costOfRevenue": 0, "grossProfit": 87121000000, "grossProfitRatio": 1, "researchAndDevelopmentExpenses": 0, "generalAndAdministrativeExpenses": 36009000000, "sellingAndMarketingExpenses": 614000000, "sellingGeneralAndAdministrativeExpenses": 39071000000, "otherExpenses": -17389000000, "operatingExpenses": 58612000000, "costAndExpenses": 58612000000, "interestIncome": 58909000000, "interestExpense": 9352000000, "depreciationAndAmortization": 29816000000, "ebitda": 59632000000, "ebitdaratio": 0.6844733187, "operatingIncome": 29816000000, "operatingIncomeRatio": 0.3422366594, "totalOtherIncomeExpensesNet": -2439000000, "incomeBeforeTax": 27377000000, "incomeBeforeTaxRatio": 0.3142411129, "incomeTaxExpense": 4917000000, "netIncome": 22183000000, "netIncomeRatio": 0.2546228808, "eps": 4.14, "epsdiluted": 4.1, "weightedAverageShsOut": 5013170731, "weightedAverageShsOutDil": 5017300000, "link": "https://www.sec.gov/Archives/edgar/data/72971/000007297118000272/0000072971-18-000272-index.html", "finalLink": "https://www.sec.gov/Archives/edgar/data/72971/000007297118000272/wfc-12312017x10k.htm", "calculatedOtherExpenses": 18234000000, "calculatedOperatingExpenses": 57305000000, "calculatedNetInterest": 49557000000, "calculatedOtherIncome": -51996000000, "calculatedIncomeNonControlling": 277000000, "calculatedEbitda": 59632000000}, {"date": "2016-12-31", "symbol": "WFC", "reportedCurrency": "USD", "cik": "0000072971", "fillingDate": "2017-03-01", "acceptedDate": "2017-03-01 13:42:47", "calendarYear": "2016", "period": "FY", "revenue": 87388000000, "costOfRevenue": 0, "grossProfit": 87388000000, "grossProfitRatio": 1, "researchAndDevelopmentExpenses": 0, "generalAndAdministrativeExpenses": 33061000000, "sellingAndMarketingExpenses": 595000000, "sellingGeneralAndAdministrativeExpenses": 38826000000, "otherExpenses": -14368000000, "operatingExpenses": 52421000000, "costAndExpenses": 52421000000, "interestIncome": 53663000000, "interestExpense": 5909000000, "depreciationAndAmortization": 34480000000, "ebitda": 68960000000, "ebitdaratio": 0.7891243649, "operatingIncome": 34480000000, "operatingIncomeRatio": 0.3945621825, "totalOtherIncomeExpensesNet": -2360000000, "incomeBeforeTax": 32120000000, "incomeBeforeTaxRatio": 0.3675561862, "incomeTaxExpense": 10075000000, "netIncome": 21938000000, "netIncomeRatio": 0.2510413329, "eps": 4.03, "epsdiluted": 3.99, "weightedAverageShsOut": 5106015037, "weightedAverageShsOutDil": 5108300000, "link": "https://www.sec.gov/Archives/edgar/data/72971/000007297117000278/0000072971-17-000278-index.html", "finalLink": "https://www.sec.gov/Archives/edgar/data/72971/000007297117000278/wfc-12312016x10k.htm", "calculatedOtherExpenses": 14082000000, "calculatedOperatingExpenses": 52908000000, "calculatedNetInterest": 47754000000, "calculatedOtherIncome": -50114000000, "calculatedIncomeNonControlling": 107000000, "calculatedEbitda": 68960000000}, {"date": "2015-12-31", "symbol": "WFC", "reportedCurrency": "USD", "cik": "0000072971", "fillingDate": "2016-02-24", "acceptedDate": "2016-02-24 12:12:43", "calendarYear": "2015", "period": "FY", "revenue": 83827000000, "costOfRevenue": 0, "grossProfit": 83827000000, "grossProfitRatio": 1, "researchAndDevelopmentExpenses": 0, "generalAndAdministrativeExpenses": 31654000000, "sellingAndMarketingExpenses": 606000000, "sellingGeneralAndAdministrativeExpenses": 36514000000, "otherExpenses": 0, "operatingExpenses": 50049000000, "costAndExpenses": 50049000000, "interestIncome": 49277000000, "interestExpense": 3976000000, "depreciationAndAmortization": 35860000000, "ebitda": 71720000000, "ebitdaratio": 0.8555715939, "operatingIncome": 35860000000, "operatingIncomeRatio": 0.4277857969, "totalOtherIncomeExpensesNet": -2219000000, "incomeBeforeTax": 33641000000, "incomeBeforeTaxRatio": 0.4013146122, "incomeTaxExpense": 10365000000, "netIncome": 22894000000, "netIncomeRatio": 0.2731100958, "eps": 4.18, "epsdiluted": 4.12, "weightedAverageShsOut": 5209800000, "weightedAverageShsOutDil": 5211165048, "link": "https://www.sec.gov/Archives/edgar/data/72971/000007297116001045/0000072971-16-001045-index.html", "finalLink": "https://www.sec.gov/Archives/edgar/data/72971/000007297116001045/wfc-12312015x10k.htm", "calculatedOtherExpenses": 11453000000, "calculatedOperatingExpenses": 47967000000, "calculatedNetInterest": 45301000000, "calculatedOtherIncome": -47520000000, "calculatedIncomeNonControlling": 382000000, "calculatedEbitda": 71720000000}, {"date": "2014-12-31", "symbol": "WFC", "reportedCurrency": "USD", "cik": "0000072971", "fillingDate": "2015-02-25", "acceptedDate": "2015-02-25 13:17:09", "calendarYear": "2014", "period": "FY", "revenue": 81967000000, "costOfRevenue": 0, "grossProfit": 81967000000, "grossProfitRatio": 1, "researchAndDevelopmentExpenses": 0, "generalAndAdministrativeExpenses": 30870000000, "sellingAndMarketingExpenses": 653000000, "sellingGeneralAndAdministrativeExpenses": 35493000000, "otherExpenses": 0, "operatingExpenses": 49065000000, "costAndExpenses": 49065000000, "interestIncome": 47552000000, "interestExpense": 4025000000, "depreciationAndAmortization": 36213000000, "ebitda": 72426000000, "ebitdaratio": 0.8835994974, "operatingIncome": 36213000000, "operatingIncomeRatio": 0.4417997487, "totalOtherIncomeExpensesNet": -2298000000, "incomeBeforeTax": 33915000000, "incomeBeforeTaxRatio": 0.4137640758, "incomeTaxExpense": 10307000000, "netIncome": 23057000000, "netIncomeRatio": 0.2812961314, "eps": 4.17, "epsdiluted": 4.1, "weightedAverageShsOut": 5322195121, "weightedAverageShsOutDil": 5324400000, "link": "https://www.sec.gov/Archives/edgar/data/72971/000007297115000449/wfc-12312014x10k.htm", "finalLink": "https://www.sec.gov/Archives/edgar/data/72971/000007297115000449/wfc-12312014x10k.htm", "calculatedOtherExpenses": 10261000000, "calculatedOperatingExpenses": 45754000000, "calculatedNetInterest": 43527000000, "calculatedOtherIncome": -45825000000, "calculatedIncomeNonControlling": 551000000, "calculatedEbitda": 72426000000}, {"date": "2013-12-31", "symbol": "WFC", "reportedCurrency": "USD", "cik": "0000072971", "fillingDate": "2014-02-26", "acceptedDate": "2014-02-26 11:55:12", "calendarYear": "2013", "period": "FY", "revenue": 82308000000, "costOfRevenue": 0, "grossProfit": 82308000000, "grossProfitRatio": 1, "researchAndDevelopmentExpenses": 0, "generalAndAdministrativeExpenses": 31097000000, "sellingAndMarketingExpenses": 610000000, "sellingGeneralAndAdministrativeExpenses": 35625000000, "otherExpenses": 0, "operatingExpenses": 48827000000, "costAndExpenses": 48827000000, "interestIncome": 47089000000, "interestExpense": 4289000000, "depreciationAndAmortization": 35094000000, "ebitda": 70188000000, "ebitdaratio": 0.852748214, "operatingIncome": 35094000000, "operatingIncomeRatio": 0.426374107, "totalOtherIncomeExpensesNet": -2465000000, "incomeBeforeTax": 32629000000, "incomeBeforeTaxRatio": 0.3964256208, "incomeTaxExpense": 10405000000, "netIncome": 21878000000, "netIncomeRatio": 0.265806483, "eps": 3.95, "epsdiluted": 3.89, "weightedAverageShsOut": 5369922879, "weightedAverageShsOutDil": 5371200000, "link": "https://www.sec.gov/Archives/edgar/data/72971/000007297114000337/wfc10k_20131231.htm", "finalLink": "https://www.sec.gov/Archives/edgar/data/72971/000007297114000337/wfc10k_20131231.htm", "calculatedOtherExpenses": 11589000000, "calculatedOperatingExpenses": 47214000000, "calculatedNetInterest": 42800000000, "calculatedOtherIncome": -45265000000, "calculatedIncomeNonControlling": 346000000, "calculatedEbitda": 70188000000}, {"date": "2012-12-31", "symbol": "WFC", "reportedCurrency": "USD", "cik": "0000072971", "fillingDate": "2013-02-27", "acceptedDate": "2013-02-27 11:07:48", "calendarYear": "2012", "period": "FY", "revenue": 84601000000, "costOfRevenue": 0, "grossProfit": 84601000000, "grossProfitRatio": 1, "researchAndDevelopmentExpenses": 0, "generalAndAdministrativeExpenses": 30160000000, "sellingAndMarketingExpenses": 578000000, "sellingGeneralAndAdministrativeExpenses": 34416000000, "otherExpenses": 0, "operatingExpenses": 50368000000, "costAndExpenses": 50368000000, "interestIncome": 48391000000, "interestExpense": 5161000000, "depreciationAndAmortization": 31464000000, "ebitda": 62928000000, "ebitdaratio": 0.743820995, "operatingIncome": 31464000000, "operatingIncomeRatio": 0.3719104975, "totalOtherIncomeExpensesNet": -2993000000, "incomeBeforeTax": 28471000000, "incomeBeforeTaxRatio": 0.3365326651, "incomeTaxExpense": 9103000000, "netIncome": 18897000000, "netIncomeRatio": 0.2233661541, "eps": 3.4, "epsdiluted": 3.36, "weightedAverageShsOut": 5351500000, "weightedAverageShsOutDil": 5356845238, "link": "https://www.sec.gov/Archives/edgar/data/72971/000119312513078820/0001193125-13-078820-index.html", "finalLink": "https://www.sec.gov/Archives/edgar/data/72971/000119312513078820/d450230d10k.htm", "calculatedOtherExpenses": 18721000000, "calculatedOperatingExpenses": 53137000000, "calculatedNetInterest": 43230000000, "calculatedOtherIncome": -46223000000, "calculatedIncomeNonControlling": 471000000, "calculatedEbitda": 62928000000}, {"date": "2011-12-31", "symbol": "WFC", "reportedCurrency": "USD", "cik": "0000072971", "fillingDate": "2012-02-28", "acceptedDate": "2012-02-28 13:52:27", "calendarYear": "2011", "period": "FY", "revenue": 79466000000, "costOfRevenue": 0, "grossProfit": 79466000000, "grossProfitRatio": 1, "researchAndDevelopmentExpenses": 0, "generalAndAdministrativeExpenses": 28933000000, "sellingAndMarketingExpenses": 8857000000, "sellingGeneralAndAdministrativeExpenses": 28933000000, "otherExpenses": -78108000000, "operatingExpenses": -49175000000, "costAndExpenses": -49175000000, "interestIncome": 49412000000, "interestExpense": 6649000000, "depreciationAndAmortization": 1880000000, "ebitda": 32171000000, "ebitdaratio": 0.4048398057, "operatingIncome": 30291000000, "operatingIncomeRatio": 0.3811818891, "totalOtherIncomeExpensesNet": -6635000000, "incomeBeforeTax": 23656000000, "incomeBeforeTaxRatio": 0.2976870611, "incomeTaxExpense": 7445000000, "netIncome": 15869000000, "netIncomeRatio": 0.1996954672, "eps": 2.85, "epsdiluted": 2.82, "weightedAverageShsOut": 5278100000, "weightedAverageShsOutDil": 5323400000, "link": "https://www.sec.gov/Archives/edgar/data/72971/000119312512084528/0001193125-12-084528-index.html", "finalLink": "https://www.sec.gov/Archives/edgar/data/72971/000119312512084528/d280360d10k.htm", "calculatedOtherExpenses": 20242000000, "calculatedOperatingExpenses": 49175000000, "calculatedNetInterest": 42763000000, "calculatedOtherIncome": -49398000000, "calculatedIncomeNonControlling": 342000000, "calculatedEbitda": 32171000000}, {"date": "2010-12-31", "symbol": "WFC", "reportedCurrency": "USD", "cik": "0000072971", "fillingDate": "2011-02-25", "acceptedDate": "2011-02-25 14:40:28", "calendarYear": "2010", "period": "FY", "revenue": 84431000000, "costOfRevenue": 0, "grossProfit": 84431000000, "grossProfitRatio": 1, "researchAndDevelopmentExpenses": 0, "generalAndAdministrativeExpenses": 28409000000, "sellingAndMarketingExpenses": 8692000000, "sellingGeneralAndAdministrativeExpenses": 28409000000, "otherExpenses": -86101000000, "operatingExpenses": -57692000000, "costAndExpenses": -57692000000, "interestIncome": 52796000000, "interestExpense": 8039000000, "depreciationAndAmortization": 1924000000, "ebitda": 28663000000, "ebitdaratio": 0.3394843126, "operatingIncome": 26739000000, "operatingIncomeRatio": 0.316696474, "totalOtherIncomeExpensesNet": -7738000000, "incomeBeforeTax": 19001000000, "incomeBeforeTaxRatio": 0.2250476721, "incomeTaxExpense": 6338000000, "netIncome": 12362000000, "netIncomeRatio": 0.1464154161, "eps": 2.23, "epsdiluted": 2.21, "weightedAverageShsOut": 5226800000, "weightedAverageShsOutDil": 5263100000, "link": "https://www.sec.gov/Archives/edgar/data/72971/000095012311018541/f56816e10vk.htm", "finalLink": "https://www.sec.gov/Archives/edgar/data/72971/000095012311018541/f56816e10vk.htm", "calculatedOtherExpenses": 29283000000, "calculatedOperatingExpenses": 57692000000, "calculatedNetInterest": 44757000000, "calculatedOtherIncome": -52495000000, "calculatedIncomeNonControlling": 301000000, "calculatedEbitda": 28663000000}, {"date": "2009-12-31", "symbol": "WFC", "reportedCurrency": "USD", "cik": "0000072971", "fillingDate": "2010-02-26", "acceptedDate": "2010-02-26 13:26:06", "calendarYear": "2009", "period": "FY", "revenue": 88501000000, "costOfRevenue": 0, "grossProfit": 88501000000, "grossProfitRatio": 1, "researchAndDevelopmentExpenses": 0, "generalAndAdministrativeExpenses": 28316000000, "sellingAndMarketingExpenses": 8021000000, "sellingGeneralAndAdministrativeExpenses": 28316000000, "otherExpenses": -89261000000, "operatingExpenses": -60945000000, "costAndExpenses": -60945000000, "interestIncome": 56274000000, "interestExpense": 9950000000, "depreciationAndAmortization": 2841000000, "ebitda": 30397000000, "ebitdaratio": 0.3434650456, "operatingIncome": 27556000000, "operatingIncomeRatio": 0.3113637134, "totalOtherIncomeExpensesNet": -9558000000, "incomeBeforeTax": 17998000000, "incomeBeforeTaxRatio": 0.2033649337, "incomeTaxExpense": 5331000000, "netIncome": 12275000000, "netIncomeRatio": 0.1386989978, "eps": 1.76, "epsdiluted": 1.75, "weightedAverageShsOut": 4545200000, "weightedAverageShsOutDil": 4562700000, "link": "https://www.sec.gov/Archives/edgar/data/72971/000095012310017877/0000950123-10-017877-index.html", "finalLink": "https://www.sec.gov/Archives/edgar/data/72971/000095012310017877/f54129e10vk.htm", "calculatedOtherExpenses": 32629000000, "calculatedOperatingExpenses": 60945000000, "calculatedNetInterest": 46324000000, "calculatedOtherIncome": -55882000000, "calculatedIncomeNonControlling": 392000000, "calculatedEbitda": 30397000000}, {"date": "2008-12-31", "symbol": "WFC", "reportedCurrency": "USD", "cik": "0000072971", "fillingDate": "2009-02-27", "acceptedDate": "2009-02-27 12:49:20", "calendarYear": "2008", "period": "FY", "revenue": 42225000000, "costOfRevenue": 0, "grossProfit": 42225000000, "grossProfitRatio": 1, "researchAndDevelopmentExpenses": 0, "generalAndAdministrativeExpenses": 12940000000, "sellingAndMarketingExpenses": 2676000000, "sellingGeneralAndAdministrativeExpenses": 12940000000, "otherExpenses": -42562000000, "operatingExpenses": -29622000000, "costAndExpenses": -409000000, "interestIncome": 34898000000, "interestExpense": 9755000000, "depreciationAndAmortization": 1669000000, "ebitda": 14681000000, "ebitdaratio": 0.3476850207, "operatingIncome": 13012000000, "operatingIncomeRatio": 0.3081586738, "totalOtherIncomeExpensesNet": -9427000000, "incomeBeforeTax": 3585000000, "incomeBeforeTaxRatio": 0.0849023091, "incomeTaxExpense": 743000000, "netIncome": 2655000000, "netIncomeRatio": 0.0628774423, "eps": 0.76, "epsdiluted": 0.75, "weightedAverageShsOut": 3378100000, "weightedAverageShsOutDil": 3391300000, "link": "https://www.sec.gov/Archives/edgar/data/72971/000095013409003967/0000950134-09-003967-index.html", "finalLink": "https://www.sec.gov/Archives/edgar/data/72971/000095013409003967/f51597e10vk.htm", "calculatedOtherExpenses": 16273000000, "calculatedOperatingExpenses": 29213000000, "calculatedNetInterest": 25143000000, "calculatedOtherIncome": -34570000000, "calculatedIncomeNonControlling": 187000000, "calculatedEbitda": 14681000000}, {"date": "2007-12-31", "symbol": "WFC", "reportedCurrency": "USD", "cik": "0000072971", "fillingDate": "2008-02-29", "acceptedDate": "2008-02-29 14:21:58", "calendarYear": "2007", "period": "FY", "revenue": 38656000000, "costOfRevenue": 0, "grossProfit": 38656000000, "grossProfitRatio": 1, "researchAndDevelopmentExpenses": 0, "generalAndAdministrativeExpenses": 13368000000, "sellingAndMarketingExpenses": 0, "sellingGeneralAndAdministrativeExpenses": 13368000000, "otherExpenses": -26194000000, "operatingExpenses": -12826000000, "costAndExpenses": -12826000000, "interestIncome": 35177000000, "interestExpense": 14203000000, "depreciationAndAmortization": 1532000000, "ebitda": 27362000000, "ebitdaratio": 0.7078331954, "operatingIncome": 25830000000, "operatingIncomeRatio": 0.6682015728, "totalOtherIncomeExpensesNet": -14203000000, "incomeBeforeTax": 11627000000, "incomeBeforeTaxRatio": 0.30078125, "incomeTaxExpense": 3570000000, "netIncome": 8057000000, "netIncomeRatio": 0.2084281871, "eps": 2.41, "epsdiluted": 2.38, "weightedAverageShsOut": 3348500000, "weightedAverageShsOutDil": 3382800000, "link": "https://www.sec.gov/Archives/edgar/data/72971/000095013408003822/f38267e10vk.htm", "finalLink": "https://www.sec.gov/Archives/edgar/data/72971/000095013408003822/f38267e10vk.htm", "calculatedOtherExpenses": -542000000, "calculatedOperatingExpenses": 12826000000, "calculatedNetInterest": 20974000000, "calculatedOtherIncome": -35177000000, "calculatedIncomeNonControlling": 0, "calculatedEbitda": 27362000000}, {"date": "2006-12-31", "symbol": "WFC", "reportedCurrency": "USD", "cik": "0000072971", "fillingDate": "2007-03-01", "acceptedDate": "2007-03-01 11:01:50", "calendarYear": "2006", "period": "FY", "revenue": 34953000000, "costOfRevenue": 0, "grossProfit": 34953000000, "grossProfitRatio": 1, "researchAndDevelopmentExpenses": 0, "generalAndAdministrativeExpenses": 11927000000, "sellingAndMarketingExpenses": 0, "sellingGeneralAndAdministrativeExpenses": 11927000000, "otherExpenses": -21847000000, "operatingExpenses": -9920000000, "costAndExpenses": -9920000000, "interestIncome": 32239000000, "interestExpense": 12288000000, "depreciationAndAmortization": 3221000000, "ebitda": 28254000000, "ebitdaratio": 0.8083426315, "operatingIncome": 25033000000, "operatingIncomeRatio": 0.7161903127, "totalOtherIncomeExpensesNet": -12288000000, "incomeBeforeTax": 12745000000, "incomeBeforeTaxRatio": 0.3646325065, "incomeTaxExpense": 4263000000, "netIncome": 8420000000, "netIncomeRatio": 0.240894916, "eps": 2.5, "epsdiluted": 2.47, "weightedAverageShsOut": 3368300000, "weightedAverageShsOutDil": 3410100000, "link": "https://www.sec.gov/Archives/edgar/data/72971/000095013407004518/f27602e10vk.htm", "finalLink": "https://www.sec.gov/Archives/edgar/data/72971/000095013407004518/f27602e10vk.htm", "calculatedOtherExpenses": -2007000000, "calculatedOperatingExpenses": 9920000000, "calculatedNetInterest": 19951000000, "calculatedOtherIncome": -32239000000, "calculatedIncomeNonControlling": 62000000, "calculatedEbitda": 28254000000}, {"date": "2005-12-31", "symbol": "WFC", "reportedCurrency": "USD", "cik": "0000072971", "fillingDate": "2006-03-09", "acceptedDate": "2006-03-09 17:03:03", "calendarYear": "2005", "period": "FY", "revenue": 32949000000, "costOfRevenue": 0, "grossProfit": 32949000000, "grossProfitRatio": 1, "researchAndDevelopmentExpenses": 0, "generalAndAdministrativeExpenses": 10455000000, "sellingAndMarketingExpenses": 0, "sellingGeneralAndAdministrativeExpenses": 10455000000, "otherExpenses": -24398000000, "operatingExpenses": -13943000000, "costAndExpenses": -13943000000, "interestIncome": 25962000000, "interestExpense": 7458000000, "depreciationAndAmortization": 4161000000, "ebitda": 23167000000, "ebitdaratio": 0.7031169383, "operatingIncome": 19006000000, "operatingIncomeRatio": 0.5768308598, "totalOtherIncomeExpensesNet": -7458000000, "incomeBeforeTax": 11548000000, "incomeBeforeTaxRatio": 0.3504810465, "incomeTaxExpense": 3877000000, "netIncome": 7671000000, "netIncomeRatio": 0.2328143494, "eps": 2.27, "epsdiluted": 2.25, "weightedAverageShsOut": 3372500000, "weightedAverageShsOutDil": 3410900000, "link": "https://www.sec.gov/Archives/edgar/data/72971/000095014906000083/f17867e10vk.htm", "finalLink": "https://www.sec.gov/Archives/edgar/data/72971/000095014906000083/f17867e10vk.htm", "calculatedOtherExpenses": 3488000000, "calculatedOperatingExpenses": 13943000000, "calculatedNetInterest": 18504000000, "calculatedOtherIncome": -25962000000, "calculatedIncomeNonControlling": 0, "calculatedEbitda": 23167000000}, {"date": "2004-12-31", "symbol": "WFC", "reportedCurrency": "USD", "cik": "0000072971", "fillingDate": "2005-03-10", "acceptedDate": "2005-03-10 17:04:31", "calendarYear": "2004", "period": "FY", "revenue": 30059000000, "costOfRevenue": 0, "grossProfit": 30059000000, "grossProfitRatio": 1, "researchAndDevelopmentExpenses": 0, "generalAndAdministrativeExpenses": 8924000000, "sellingAndMarketingExpenses": 0, "sellingGeneralAndAdministrativeExpenses": 8924000000, "otherExpenses": -24397000000, "operatingExpenses": -15473000000, "costAndExpenses": -15473000000, "interestIncome": 20967000000, "interestExpense": 3817000000, "depreciationAndAmortization": 3449000000, "ebitda": 18035000000, "ebitdaratio": 0.5999866928, "operatingIncome": 14586000000, "operatingIncomeRatio": 0.4852456835, "totalOtherIncomeExpensesNet": -3817000000, "incomeBeforeTax": 10769000000, "incomeBeforeTaxRatio": 0.3582620846, "incomeTaxExpense": 3755000000, "netIncome": 7014000000, "netIncomeRatio": 0.2333410958, "eps": 2.07, "epsdiluted": 2.05, "weightedAverageShsOut": 3384400000, "weightedAverageShsOutDil": 3426700000, "link": "https://www.sec.gov/Archives/edgar/data/72971/000095013405004623/0000950134-05-004623-index.htm", "finalLink": "https://www.sec.gov/Archives/edgar/data/72971/000095013405004623/f06409e10vk.htm", "calculatedOtherExpenses": 6549000000, "calculatedOperatingExpenses": 15473000000, "calculatedNetInterest": 17150000000, "calculatedOtherIncome": -20967000000, "calculatedIncomeNonControlling": 0, "calculatedEbitda": 18035000000}, {"date": "2003-12-31", "symbol": "WFC", "reportedCurrency": "USD", "cik": "0000072971", "fillingDate": "2004-03-12", "acceptedDate": "2004-03-12 15:31:17", "calendarYear": "2003", "period": "FY", "revenue": 28389000000, "costOfRevenue": 0, "grossProfit": 28389000000, "grossProfitRatio": 1, "researchAndDevelopmentExpenses": 0, "generalAndAdministrativeExpenses": 8446000000, "sellingAndMarketingExpenses": 0, "sellingGeneralAndAdministrativeExpenses": 8446000000, "otherExpenses": -23947000000, "operatingExpenses": -15501000000, "costAndExpenses": -15501000000, "interestIncome": 19418000000, "interestExpense": 3411000000, "depreciationAndAmortization": 4305000000, "ebitda": 17193000000, "ebitdaratio": 0.6056218958, "operatingIncome": 12888000000, "operatingIncomeRatio": 0.4539786537, "totalOtherIncomeExpensesNet": -3411000000, "incomeBeforeTax": 9477000000, "incomeBeforeTaxRatio": 0.3338264821, "incomeTaxExpense": 3275000000, "netIncome": 6202000000, "netIncomeRatio": 0.2184648984, "eps": 1.85, "epsdiluted": 1.83, "weightedAverageShsOut": 3362200000, "weightedAverageShsOutDil": 3395000000, "link": "https://www.sec.gov/Archives/edgar/data/72971/000095013404003387/0000950134-04-003387-index.html", "finalLink": "https://www.sec.gov/Archives/edgar/data/72971/000095013404003387/f97006e10vk.htm", "calculatedOtherExpenses": 7055000000, "calculatedOperatingExpenses": 15501000000, "calculatedNetInterest": 16007000000, "calculatedOtherIncome": -19418000000, "calculatedIncomeNonControlling": 0, "calculatedEbitda": 17193000000}, {"date": "2002-12-31", "symbol": "WFC", "reportedCurrency": "USD", "cik": "0000072971", "fillingDate": "2003-03-14", "acceptedDate": "2003-03-14 13:59:09", "calendarYear": "2002", "period": "FY", "revenue": 24496000000, "costOfRevenue": 0, "grossProfit": 24496000000, "grossProfitRatio": 1, "researchAndDevelopmentExpenses": 0, "generalAndAdministrativeExpenses": 7372000000, "sellingAndMarketingExpenses": 0, "sellingGeneralAndAdministrativeExpenses": 7372000000, "otherExpenses": -19313000000, "operatingExpenses": -11941000000, "costAndExpenses": -11941000000, "interestIncome": 18832000000, "interestExpense": 3977000000, "depreciationAndAmortization": 3495000000, "ebitda": 16050000000, "ebitdaratio": 0.6552090137, "operatingIncome": 12555000000, "operatingIncomeRatio": 0.5125326584, "totalOtherIncomeExpensesNet": -3701000000, "incomeBeforeTax": 8854000000, "incomeBeforeTaxRatio": 0.3614467668, "incomeTaxExpense": 3144000000, "netIncome": 5434000000, "netIncomeRatio": 0.2218321359, "eps": 1.6, "epsdiluted": 1.58, "weightedAverageShsOut": 3402200000, "weightedAverageShsOutDil": 3436000000, "link": "https://www.sec.gov/Archives/edgar/data/72971/000104746903008749/0001047469-03-008749-index.htm", "finalLink": "https://www.sec.gov/Archives/edgar/data/72971/000104746903008749/a2104743z10-k.htm", "calculatedOtherExpenses": 4569000000, "calculatedOperatingExpenses": 11941000000, "calculatedNetInterest": 14855000000, "calculatedOtherIncome": -18556000000, "calculatedIncomeNonControlling": 276000000, "calculatedEbitda": 16050000000}, {"date": "2001-12-31", "symbol": "WFC", "reportedCurrency": "USD", "cik": "0000072971", "fillingDate": "2002-03-15", "acceptedDate": "2002-03-15 00:00:00", "calendarYear": "2001", "period": "FY", "revenue": 20150000000, "costOfRevenue": 0, "grossProfit": 20150000000, "grossProfitRatio": 1, "researchAndDevelopmentExpenses": 0, "generalAndAdministrativeExpenses": 6182000000, "sellingAndMarketingExpenses": 0, "sellingGeneralAndAdministrativeExpenses": 6182000000, "otherExpenses": -14112000000, "operatingExpenses": -7930000000, "costAndExpenses": -7930000000, "interestIncome": 19201000000, "interestExpense": 6741000000, "depreciationAndAmortization": 2961000000, "ebitda": 15181000000, "ebitdaratio": 0.7533995037, "operatingIncome": 12220000000, "operatingIncomeRatio": 0.6064516129, "totalOtherIncomeExpensesNet": -6741000000, "incomeBeforeTax": 5479000000, "incomeBeforeTaxRatio": 0.27191067, "incomeTaxExpense": 2056000000, "netIncome": 3411000000, "netIncomeRatio": 0.169280397, "eps": 1, "epsdiluted": 0.99, "weightedAverageShsOut": 3414070352, "weightedAverageShsOutDil": 3448730964, "link": "https://www.sec.gov/Archives/edgar/data/72971/000091205702010174/0000912057-02-010174-index.htm", "finalLink": "https://www.sec.gov/Archives/edgar/data/72971/000091205702010174/a2072635z10-k.txt", "calculatedOtherExpenses": 1748000000, "calculatedOperatingExpenses": 7930000000, "calculatedNetInterest": 12460000000, "calculatedOtherIncome": -19201000000, "calculatedIncomeNonControlling": 12000000, "calculatedEbitda": 15181000000}, {"date": "2000-12-31", "symbol": "WFC", "reportedCurrency": "USD", "cik": "0000072971", "fillingDate": "2001-03-16", "acceptedDate": "2001-03-16 00:00:00", "calendarYear": "2000", "period": "FY", "revenue": 19708000000, "costOfRevenue": 0, "grossProfit": 19708000000, "grossProfitRatio": 1, "researchAndDevelopmentExpenses": 0, "generalAndAdministrativeExpenses": 5487000000, "sellingAndMarketingExpenses": 0, "sellingGeneralAndAdministrativeExpenses": 5487000000, "otherExpenses": -10786000000, "operatingExpenses": -5299000000, "costAndExpenses": -5299000000, "interestIncome": 18725000000, "interestExpense": 7860000000, "depreciationAndAmortization": 1790000000, "ebitda": 16199000000, "ebitdaratio": 0.821950477, "operatingIncome": 14409000000, "operatingIncomeRatio": 0.7311244165, "totalOtherIncomeExpensesNet": -7860000000, "incomeBeforeTax": 6549000000, "incomeBeforeTaxRatio": 0.3323016034, "incomeTaxExpense": 2523000000, "netIncome": 4026000000, "netIncomeRatio": 0.2042825249, "eps": 1.18, "epsdiluted": 1.16, "weightedAverageShsOut": 3411914894, "weightedAverageShsOutDil": 3456034483, "link": "https://www.sec.gov/Archives/edgar/data/72971/000091205701504042/0000912057-01-504042-index.html", "finalLink": "https://www.sec.gov/Archives/edgar/data/72971/000091205701504042/a2040410z10-k.txt", "calculatedOtherExpenses": -188000000, "calculatedOperatingExpenses": 5299000000, "calculatedNetInterest": 10865000000, "calculatedOtherIncome": -18725000000, "calculatedIncomeNonControlling": 0, "calculatedEbitda": 16199000000}, {"date": "1999-12-31", "symbol": "WFC", "reportedCurrency": "USD", "cik": "0000072971", "fillingDate": "2000-03-17", "acceptedDate": "2000-03-17 00:00:00", "calendarYear": "1999", "period": "FY", "revenue": 16775000000, "costOfRevenue": 0, "grossProfit": 16775000000, "grossProfitRatio": 1, "researchAndDevelopmentExpenses": 0, "generalAndAdministrativeExpenses": 4396000000, "sellingAndMarketingExpenses": 0, "sellingGeneralAndAdministrativeExpenses": 4396000000, "otherExpenses": -10203000000, "operatingExpenses": -5807000000, "costAndExpenses": -5807000000, "interestIncome": 14375000000, "interestExpense": 5020000000, "depreciationAndAmortization": 1893000000, "ebitda": 12861000000, "ebitdaratio": 0.7666766021, "operatingIncome": 10968000000, "operatingIncomeRatio": 0.6538301043, "totalOtherIncomeExpensesNet": -5020000000, "incomeBeforeTax": 5948000000, "incomeBeforeTaxRatio": 0.3545752608, "incomeTaxExpense": 2201000000, "netIncome": 4012000000, "netIncomeRatio": 0.2391654247, "eps": 1.16, "epsdiluted": 1.15, "weightedAverageShsOut": 3428448276, "weightedAverageShsOutDil": 3473362445, "link": "https://www.sec.gov/Archives/edgar/data/72971/000091205700012168/0000912057-00-012168-index.htm", "finalLink": "https://www.sec.gov/Archives/edgar/data/72971/000091205700012168/0000912057-00-012168.txt", "calculatedOtherExpenses": 1411000000, "calculatedOperatingExpenses": 5807000000, "calculatedNetInterest": 9355000000, "calculatedOtherIncome": -14375000000, "calculatedIncomeNonControlling": -265000000, "calculatedEbitda": 12861000000}, {"date": "1998-12-31", "symbol": "WFC", "reportedCurrency": "USD", "cik": "0000072971", "fillingDate": "1999-03-17", "acceptedDate": "1999-03-17 00:00:00", "calendarYear": "1998", "period": "FY", "revenue": 15417000000, "costOfRevenue": 0, "grossProfit": 15417000000, "grossProfitRatio": 1, "researchAndDevelopmentExpenses": 0, "generalAndAdministrativeExpenses": 4416000000, "sellingAndMarketingExpenses": 0, "sellingGeneralAndAdministrativeExpenses": 4416000000, "otherExpenses": -11475000000, "operatingExpenses": -7059000000, "costAndExpenses": -7059000000, "interestIncome": 14055000000, "interestExpense": 5065000000, "depreciationAndAmortization": 1205000000, "ebitda": 9563000000, "ebitdaratio": 0.620289291, "operatingIncome": 8358000000, "operatingIncomeRatio": 0.5421288188, "totalOtherIncomeExpensesNet": -5065000000, "incomeBeforeTax": 3293000000, "incomeBeforeTaxRatio": 0.2135953817, "incomeTaxExpense": 1343000000, "netIncome": 1950000000, "netIncomeRatio": 0.1264837517, "eps": 0.59, "epsdiluted": 0.59, "weightedAverageShsOut": 3243000000, "weightedAverageShsOutDil": 3283600000, "link": "https://www.sec.gov/Archives/edgar/data/72971/000104746999010171/0001047469-99-010171-index.htm", "finalLink": "https://www.sec.gov/Archives/edgar/data/72971/000104746999010171/", "calculatedOtherExpenses": 2643000000, "calculatedOperatingExpenses": 7059000000, "calculatedNetInterest": 8990000000, "calculatedOtherIncome": -14055000000, "calculatedIncomeNonControlling": 0, "calculatedEbitda": 9563000000}, {"date": "1997-12-31", "symbol": "WFC", "reportedCurrency": "USD", "cik": "0000072971", "fillingDate": "1998-02-27", "acceptedDate": "1998-02-27 00:00:00", "calendarYear": "1997", "period": "FY", "revenue": 6995700000, "costOfRevenue": 0, "grossProfit": 6995700000, "grossProfitRatio": 1, "researchAndDevelopmentExpenses": 0, "generalAndAdministrativeExpenses": 2360900000, "sellingAndMarketingExpenses": 0, "sellingGeneralAndAdministrativeExpenses": 2360900000, "otherExpenses": -4642900000, "operatingExpenses": -2282000000, "costAndExpenses": -2282000000, "interestIncome": 6697400000, "interestExpense": 2664000000, "depreciationAndAmortization": 853200000, "ebitda": 5566900000, "ebitdaratio": 0.7957602527, "operatingIncome": 4713700000, "operatingIncomeRatio": 0.6737996198, "totalOtherIncomeExpensesNet": -2664000000, "incomeBeforeTax": 2049700000, "incomeBeforeTaxRatio": 0.2929942679, "incomeTaxExpense": 698700000, "netIncome": 1351000000, "netIncomeRatio": 0.19311863, "eps": 0.9, "epsdiluted": 0.89, "weightedAverageShsOut": 1498625954, "weightedAverageShsOutDil": 1521860465, "link": "https://www.sec.gov/Archives/edgar/data/72971/000104596998000259/0001045969-98-000259-index.htm", "finalLink": "https://www.sec.gov/Archives/edgar/data/72971/0001045969-98-000259.txt", "calculatedOtherExpenses": -78900000, "calculatedOperatingExpenses": 2282000000, "calculatedNetInterest": 4033400000, "calculatedOtherIncome": -6697400000, "calculatedIncomeNonControlling": 0, "calculatedEbitda": 5566900000}, {"date": "1996-12-31", "symbol": "WFC", "reportedCurrency": "USD", "cik": "0000072971", "fillingDate": "1997-03-04", "acceptedDate": "1997-03-04 00:00:00", "calendarYear": "1996", "period": "FY", "revenue": 6265900000, "costOfRevenue": 0, "grossProfit": 6265900000, "grossProfitRatio": 1, "researchAndDevelopmentExpenses": 0, "generalAndAdministrativeExpenses": 2097100000, "sellingAndMarketingExpenses": 0, "sellingGeneralAndAdministrativeExpenses": 2097100000, "otherExpenses": -3964500000, "operatingExpenses": -1867400000, "costAndExpenses": -1867400000, "interestIncome": 6318300000, "interestExpense": 2617000000, "depreciationAndAmortization": 681600000, "ebitda": 5080100000, "ebitdaratio": 0.8107534432, "operatingIncome": 4398500000, "operatingIncomeRatio": 0.7019741777, "totalOtherIncomeExpensesNet": -2617000000, "incomeBeforeTax": 1781500000, "incomeBeforeTaxRatio": 0.2843166983, "incomeTaxExpense": 627600000, "netIncome": 1153900000, "netIncomeRatio": 0.1841555084, "eps": 0.79, "epsdiluted": 0.78, "weightedAverageShsOut": 1460526316, "weightedAverageShsOutDil": 1473451327, "link": "https://www.sec.gov/Archives/edgar/data/72971/000095010997001905/0000950109-97-001905-index.htm", "finalLink": "https://www.sec.gov/Archives/edgar/data/72971/0000950109-97-001905.txt", "calculatedOtherExpenses": -229700000, "calculatedOperatingExpenses": 1867400000, "calculatedNetInterest": 3701300000, "calculatedOtherIncome": -6318300000, "calculatedIncomeNonControlling": 0, "calculatedEbitda": 5080100000}, {"date": "1995-12-31", "symbol": "WFC", "reportedCurrency": "USD", "cik": "0000072971", "fillingDate": "1996-03-07", "acceptedDate": "1996-03-07 00:00:00", "calendarYear": "1995", "period": "FY", "revenue": 5134300000, "costOfRevenue": 0, "grossProfit": 5134300000, "grossProfitRatio": 1, "researchAndDevelopmentExpenses": 0, "generalAndAdministrativeExpenses": 1745100000, "sellingAndMarketingExpenses": 0, "sellingGeneralAndAdministrativeExpenses": 1745100000, "otherExpenses": -3008600000, "operatingExpenses": -1263500000, "costAndExpenses": -1263500000, "interestIncome": 5717300000, "interestExpense": 2448000000, "depreciationAndAmortization": 311800000, "ebitda": 4182600000, "ebitdaratio": 0.8146388018, "operatingIncome": 3870800000, "operatingIncomeRatio": 0.753909978, "totalOtherIncomeExpensesNet": -2448000000, "incomeBeforeTax": 1422800000, "incomeBeforeTaxRatio": 0.2771166469, "incomeTaxExpense": 466800000, "netIncome": 956000000, "netIncomeRatio": 0.1861987028, "eps": 0.7, "epsdiluted": 0.68, "weightedAverageShsOut": 1316258993, "weightedAverageShsOutDil": 1345294118, "link": "https://www.sec.gov/Archives/edgar/data/72971/000095013196000962/0000950131-96-000962-index.htm", "finalLink": "https://www.sec.gov/Archives/edgar/data/72971/0000950131-96-000962.txt", "calculatedOtherExpenses": -481600000, "calculatedOperatingExpenses": 1263500000, "calculatedNetInterest": 3269300000, "calculatedOtherIncome": -5717300000, "calculatedIncomeNonControlling": 0, "calculatedEbitda": 4182600000}, {"date": "1994-12-31", "symbol": "WFC", "reportedCurrency": "USD", "cik": "0000072971", "fillingDate": "1995-03-16", "acceptedDate": "1995-03-16 00:00:00", "calendarYear": "1994", "period": "FY", "revenue": 4441900000, "costOfRevenue": 0, "grossProfit": 4441900000, "grossProfitRatio": 1, "researchAndDevelopmentExpenses": 0, "generalAndAdministrativeExpenses": 1573700000, "sellingAndMarketingExpenses": 0, "sellingGeneralAndAdministrativeExpenses": 1573700000, "otherExpenses": -3244900000, "operatingExpenses": -1671200000, "costAndExpenses": -1671200000, "interestIncome": 4393700000, "interestExpense": 1590100000, "depreciationAndAmortization": 232200000, "ebitda": 3002900000, "ebitdaratio": 0.6760395326, "operatingIncome": 2770700000, "operatingIncomeRatio": 0.6237646052, "totalOtherIncomeExpensesNet": -1590100000, "incomeBeforeTax": 1180600000, "incomeBeforeTaxRatio": 0.2657871632, "incomeTaxExpense": 380200000, "netIncome": 800400000, "netIncomeRatio": 0.1801931606, "eps": 0.61, "epsdiluted": 0.6, "weightedAverageShsOut": 1260400000, "weightedAverageShsOutDil": 1282323651, "link": "https://www.sec.gov/Archives/edgar/data/72971/000095013195000611/0000950131-95-000611-index.htm", "finalLink": "https://www.sec.gov/Archives/edgar/data/72971/0000950131-95-000611.txt", "calculatedOtherExpenses": 97500000, "calculatedOperatingExpenses": 1671200000, "calculatedNetInterest": 2803600000, "calculatedOtherIncome": -4393700000, "calculatedIncomeNonControlling": 0, "calculatedEbitda": 3002900000}, {"date": "1993-12-31", "symbol": "WFC", "reportedCurrency": "USD", "cik": "0000072971", "fillingDate": "1994-03-08", "acceptedDate": "1994-03-08 00:00:00", "calendarYear": "1993", "period": "FY", "revenue": 3918600000, "costOfRevenue": 0, "grossProfit": 3918600000, "grossProfitRatio": 1, "researchAndDevelopmentExpenses": 0, "generalAndAdministrativeExpenses": 1416500000, "sellingAndMarketingExpenses": 0, "sellingGeneralAndAdministrativeExpenses": 1416500000, "otherExpenses": -3039400000, "operatingExpenses": -1622900000, "costAndExpenses": -1622900000, "interestIncome": 3734100000, "interestExpense": 1358000000, "depreciationAndAmortization": 194800000, "ebitda": 2490500000, "ebitdaratio": 0.6355586179, "operatingIncome": 2295700000, "operatingIncomeRatio": 0.5858469862, "totalOtherIncomeExpensesNet": -1358000000, "incomeBeforeTax": 937700000, "incomeBeforeTaxRatio": 0.239294646, "incomeTaxExpense": 284100000, "netIncome": 653600000, "netIncomeRatio": 0.1667942633, "eps": 0.48, "epsdiluted": 0.47, "weightedAverageShsOut": 1317894737, "weightedAverageShsOutDil": 1346236559, "link": "https://www.sec.gov/Archives/edgar/data/72971/000007297194000003/0000072971-94-000003-index.htm", "finalLink": "https://www.sec.gov/Archives/edgar/data/72971/0000072971-94-000003.txt", "calculatedOtherExpenses": 206400000, "calculatedOperatingExpenses": 1622900000, "calculatedNetInterest": 2376100000, "calculatedOtherIncome": -3734100000, "calculatedIncomeNonControlling": 0, "calculatedEbitda": 2490500000}, {"date": "1992-12-31", "symbol": "WFC", "reportedCurrency": "USD", "cik": "0000072971", "fillingDate": "1992-12-31", "acceptedDate": "1992-12-30 19:00:00", "calendarYear": "1992", "period": "FY", "revenue": 3211700000, "costOfRevenue": 0, "grossProfit": 3211700000, "grossProfitRatio": 1, "researchAndDevelopmentExpenses": 0, "generalAndAdministrativeExpenses": 1087100000, "sellingAndMarketingExpenses": 0, "sellingGeneralAndAdministrativeExpenses": 1087100000, "otherExpenses": -2254500000, "operatingExpenses": -1167400000, "costAndExpenses": -1167400000, "interestIncome": 3425400000, "interestExpense": 1416400000, "depreciationAndAmortization": 310700000, "ebitda": 2355000000, "ebitdaratio": 0.7332565308, "operatingIncome": 2044300000, "operatingIncomeRatio": 0.6365164866, "totalOtherIncomeExpensesNet": -1344700000, "incomeBeforeTax": 699600000, "incomeBeforeTaxRatio": 0.2178285643, "incomeTaxExpense": 181200000, "netIncome": 446700000, "netIncomeRatio": 0.1390852197, "eps": 0.3, "epsdiluted": 0.3, "weightedAverageShsOut": 1396333333, "weightedAverageShsOutDil": 1396333333, "link": "", "finalLink": "", "calculatedOtherExpenses": 80300000, "calculatedOperatingExpenses": 1167400000, "calculatedNetInterest": 2009000000, "calculatedOtherIncome": -3353700000, "calculatedIncomeNonControlling": 71700000, "calculatedEbitda": 2355000000}, {"date": "1991-12-31", "symbol": "WFC", "reportedCurrency": "USD", "cik": "0000072971", "fillingDate": "1991-12-31", "acceptedDate": "1991-12-30 19:00:00", "calendarYear": "1991", "period": "FY", "revenue": 2620100000, "costOfRevenue": 0, "grossProfit": 2620100000, "grossProfitRatio": 1, "researchAndDevelopmentExpenses": 0, "generalAndAdministrativeExpenses": 891900000, "sellingAndMarketingExpenses": 0, "sellingGeneralAndAdministrativeExpenses": 891900000, "otherExpenses": -1236700000, "operatingExpenses": -344800000, "costAndExpenses": -344800000, "interestIncome": 3431700000, "interestExpense": 1800200000, "depreciationAndAmortization": 149100000, "ebitda": 2424400000, "ebitdaratio": 0.9253081943, "operatingIncome": 2275300000, "operatingIncomeRatio": 0.8684019694, "totalOtherIncomeExpensesNet": -1800200000, "incomeBeforeTax": 475100000, "incomeBeforeTaxRatio": 0.1813289569, "incomeTaxExpense": 76600000, "netIncome": 398500000, "netIncomeRatio": 0.1520934315, "eps": 0.37, "epsdiluted": 0.37, "weightedAverageShsOut": 1030270270, "weightedAverageShsOutDil": 1044383562, "link": "", "finalLink": "", "calculatedOtherExpenses": -547100000, "calculatedOperatingExpenses": 344800000, "calculatedNetInterest": 1631500000, "calculatedOtherIncome": -3431700000, "calculatedIncomeNonControlling": 0, "calculatedEbitda": 2424400000}, {"date": "1990-12-31", "symbol": "WFC", "reportedCurrency": "USD", "cik": "0000072971", "fillingDate": "1990-12-31", "acceptedDate": "1990-12-30 19:00:00", "calendarYear": "1990", "period": "FY", "revenue": 1856000000, "costOfRevenue": 0, "grossProfit": 1856000000, "grossProfitRatio": 1, "researchAndDevelopmentExpenses": 0, "generalAndAdministrativeExpenses": 642500000, "sellingAndMarketingExpenses": 0, "sellingGeneralAndAdministrativeExpenses": 642500000, "otherExpenses": -496900000, "operatingExpenses": 145600000, "costAndExpenses": 145600000, "interestIncome": 2777700000, "interestExpense": 1626300000, "depreciationAndAmortization": 94700000, "ebitda": 2096300000, "ebitdaratio": 1.1294719828, "operatingIncome": 2001600000, "operatingIncomeRatio": 1.0784482759, "totalOtherIncomeExpensesNet": -1626300000, "incomeBeforeTax": 375300000, "incomeBeforeTaxRatio": 0.2022090517, "incomeTaxExpense": 94700000, "netIncome": 280600000, "netIncomeRatio": 0.1511853448, "eps": 0.35, "epsdiluted": 0.34, "weightedAverageShsOut": 812173913, "weightedAverageShsOutDil": 824117647, "link": "", "finalLink": "", "calculatedOtherExpenses": -788100000, "calculatedOperatingExpenses": -145600000, "calculatedNetInterest": 1151400000, "calculatedOtherIncome": -2777700000, "calculatedIncomeNonControlling": 0, "calculatedEbitda": 2096300000}, {"date": "1989-12-31", "symbol": "WFC", "reportedCurrency": "USD", "cik": "0000072971", "fillingDate": "1989-12-31", "acceptedDate": "1989-12-30 19:00:00", "calendarYear": "1989", "period": "FY", "revenue": 1486700000, "costOfRevenue": 0, "grossProfit": 1486700000, "grossProfitRatio": 1, "researchAndDevelopmentExpenses": 0, "generalAndAdministrativeExpenses": 528700000, "sellingAndMarketingExpenses": 0, "sellingGeneralAndAdministrativeExpenses": 528700000, "otherExpenses": -254000000, "operatingExpenses": 274700000, "costAndExpenses": 274700000, "interestIncome": 2400900000, "interestExpense": 1443200000, "depreciationAndAmortization": 59200000, "ebitda": 1820600000, "ebitdaratio": 1.2245913769, "operatingIncome": 1761400000, "operatingIncomeRatio": 1.1847716419, "totalOtherIncomeExpensesNet": -1443200000, "incomeBeforeTax": 318200000, "incomeBeforeTaxRatio": 0.2140310755, "incomeTaxExpense": 81200000, "netIncome": 237000000, "netIncomeRatio": 0.1594134661, "eps": 0.32, "epsdiluted": 0.32, "weightedAverageShsOut": 740000000, "weightedAverageShsOutDil": 740000000, "link": "", "finalLink": "", "calculatedOtherExpenses": -803400000, "calculatedOperatingExpenses": -274700000, "calculatedNetInterest": 957700000, "calculatedOtherIncome": -2400900000, "calculatedIncomeNonControlling": 0, "calculatedEbitda": 1820600000}, {"date": "1988-12-31", "symbol": "WFC", "reportedCurrency": "USD", "cik": "0000072971", "fillingDate": "1988-12-31", "acceptedDate": "1988-12-30 19:00:00", "calendarYear": "1988", "period": "FY", "revenue": 0, "costOfRevenue": 0, "grossProfit": 0, "grossProfitRatio": 0, "researchAndDevelopmentExpenses": 0, "generalAndAdministrativeExpenses": 0, "sellingAndMarketingExpenses": 0, "sellingGeneralAndAdministrativeExpenses": 0, "otherExpenses": 211200000, "operatingExpenses": 211200000, "costAndExpenses": 211200000, "interestIncome": 0, "interestExpense": 0, "depreciationAndAmortization": 0, "ebitda": 211200000, "ebitdaratio": 0, "operatingIncome": 211200000, "operatingIncomeRatio": 0, "totalOtherIncomeExpensesNet": 0, "incomeBeforeTax": 0, "incomeBeforeTaxRatio": 0, "incomeTaxExpense": -211200000, "netIncome": 211200000, "netIncomeRatio": 0, "eps": 0.28, "epsdiluted": 0.28, "weightedAverageShsOut": 741052632, "weightedAverageShsOutDil": 754285714, "link": "", "finalLink": "", "calculatedOtherExpenses": -211200000, "calculatedOperatingExpenses": -211200000, "calculatedNetInterest": 0, "calculatedOtherIncome": -211200000, "calculatedIncomeNonControlling": 0, "calculatedEbitda": 211200000}, {"date": "1987-12-31", "symbol": "WFC", "reportedCurrency": "USD", "cik": "0000072971", "fillingDate": "1987-12-31", "acceptedDate": "1987-12-30 19:00:00", "calendarYear": "1987", "period": "FY", "revenue": 0, "costOfRevenue": 0, "grossProfit": 0, "grossProfitRatio": 0, "researchAndDevelopmentExpenses": 0, "generalAndAdministrativeExpenses": 0, "sellingAndMarketingExpenses": 0, "sellingGeneralAndAdministrativeExpenses": 0, "otherExpenses": -29800000, "operatingExpenses": -29800000, "costAndExpenses": -29800000, "interestIncome": 0, "interestExpense": 0, "depreciationAndAmortization": 0, "ebitda": -29800000, "ebitdaratio": 0, "operatingIncome": -29800000, "operatingIncomeRatio": 0, "totalOtherIncomeExpensesNet": 0, "incomeBeforeTax": 0, "incomeBeforeTaxRatio": 0, "incomeTaxExpense": 29800000, "netIncome": -29800000, "netIncomeRatio": 0, "eps": -0.0424, "epsdiluted": -0.0424, "weightedAverageShsOut": 703636364, "weightedAverageShsOutDil": 703636364, "link": "", "finalLink": "", "calculatedOtherExpenses": 29800000, "calculatedOperatingExpenses": 29800000, "calculatedNetInterest": 0, "calculatedOtherIncome": 29800000, "calculatedIncomeNonControlling": 0, "calculatedEbitda": -29800000}, {"date": "1986-12-31", "symbol": "WFC", "reportedCurrency": "USD", "cik": "0000072971", "fillingDate": "1986-12-31", "acceptedDate": "1986-12-30 19:00:00", "calendarYear": "1986", "period": "FY", "revenue": 0, "costOfRevenue": 0, "grossProfit": 0, "grossProfitRatio": 0, "researchAndDevelopmentExpenses": 0, "generalAndAdministrativeExpenses": 0, "sellingAndMarketingExpenses": 0, "sellingGeneralAndAdministrativeExpenses": 0, "otherExpenses": 121700000, "operatingExpenses": 121700000, "costAndExpenses": 121700000, "interestIncome": 0, "interestExpense": 0, "depreciationAndAmortization": 0, "ebitda": 121700000, "ebitdaratio": 0, "operatingIncome": 121700000, "operatingIncomeRatio": 0, "totalOtherIncomeExpensesNet": 0, "incomeBeforeTax": 0, "incomeBeforeTaxRatio": 0, "incomeTaxExpense": -121700000, "netIncome": 121700000, "netIncomeRatio": 0, "eps": 0.17, "epsdiluted": 0.16, "weightedAverageShsOut": 719354839, "weightedAverageShsOutDil": 743333333, "link": "", "finalLink": "", "calculatedOtherExpenses": -121700000, "calculatedOperatingExpenses": -121700000, "calculatedNetInterest": 0, "calculatedOtherIncome": -121700000, "calculatedIncomeNonControlling": 0, "calculatedEbitda": 121700000}, {"date": "1985-12-31", "symbol": "WFC", "reportedCurrency": "USD", "cik": "0000072971", "fillingDate": "1985-12-31", "acceptedDate": "1985-12-30 19:00:00", "calendarYear": "1985", "period": "FY", "revenue": 0, "costOfRevenue": 0, "grossProfit": 0, "grossProfitRatio": 0, "researchAndDevelopmentExpenses": 0, "generalAndAdministrativeExpenses": 0, "sellingAndMarketingExpenses": 0, "sellingGeneralAndAdministrativeExpenses": 0, "otherExpenses": 107600000, "operatingExpenses": 107600000, "costAndExpenses": 107600000, "interestIncome": 0, "interestExpense": 0, "depreciationAndAmortization": 0, "ebitda": 107600000, "ebitdaratio": 0, "operatingIncome": 107600000, "operatingIncomeRatio": 0, "totalOtherIncomeExpensesNet": 0, "incomeBeforeTax": 0, "incomeBeforeTaxRatio": 0, "incomeTaxExpense": -107600000, "netIncome": 107600000, "netIncomeRatio": 0, "eps": 0.15, "epsdiluted": 0.15, "weightedAverageShsOut": 697037037, "weightedAverageShsOutDil": 723846154, "link": "", "finalLink": "", "calculatedOtherExpenses": -107600000, "calculatedOperatingExpenses": -107600000, "calculatedNetInterest": 0, "calculatedOtherIncome": -107600000, "calculatedIncomeNonControlling": 0, "calculatedEbitda": 107600000}]}