{"originalCurrency": "USD", "convertedCurrency": "USD", "report": [{"date": "2023-12-31", "symbol": "WFRD", "reportedCurrency": "USD", "cik": "0001603923", "fillingDate": "2024-02-07", "acceptedDate": "2024-02-07 16:31:20", "calendarYear": "2023", "period": "FY", "revenue": 5135000000, "costOfRevenue": 3395000000, "grossProfit": 1740000000, "grossProfitRatio": 0.3388510224, "researchAndDevelopmentExpenses": 112000000, "generalAndAdministrativeExpenses": 0, "sellingAndMarketingExpenses": 0, "sellingGeneralAndAdministrativeExpenses": 804000000, "otherExpenses": -129000000, "operatingExpenses": 920000000, "costAndExpenses": 4315000000, "interestIncome": 59000000, "interestExpense": 182000000, "depreciationAndAmortization": 327000000, "ebitda": 1077000000, "ebitdaratio": 0.2097370983, "operatingIncome": 820000000, "operatingIncomeRatio": 0.1596884129, "totalOtherIncomeExpensesNet": -191000000, "incomeBeforeTax": 506000000, "incomeBeforeTaxRatio": 0.0985394352, "incomeTaxExpense": 57000000, "netIncome": 417000000, "netIncomeRatio": 0.0812074002, "eps": 5.79, "epsdiluted": 5.64, "weightedAverageShsOut": 72000000, "weightedAverageShsOutDil": 74000000, "link": "https://www.sec.gov/Archives/edgar/data/1603923/000160392324000043/0001603923-24-000043-index.htm", "finalLink": "https://www.sec.gov/Archives/edgar/data/1603923/000160392324000043/wfrd-20231231.htm", "calculatedOtherExpenses": 4000000, "calculatedOperatingExpenses": 920000000, "calculatedNetInterest": -123000000, "calculatedOtherIncome": -191000000, "calculatedIncomeNonControlling": 32000000, "calculatedEbitda": 1147000000}, {"date": "2022-12-31", "symbol": "WFRD", "reportedCurrency": "USD", "cik": "0001603923", "fillingDate": "2023-02-08", "acceptedDate": "2023-02-08 17:29:23", "calendarYear": "2022", "period": "FY", "revenue": 4331000000, "costOfRevenue": 3020000000, "grossProfit": 1311000000, "grossProfitRatio": 0.3027014546, "researchAndDevelopmentExpenses": 90000000, "generalAndAdministrativeExpenses": 0, "sellingAndMarketingExpenses": 0, "sellingGeneralAndAdministrativeExpenses": 778000000, "otherExpenses": 9000000, "operatingExpenses": 877000000, "costAndExpenses": 3897000000, "interestIncome": 31000000, "interestExpense": 179000000, "depreciationAndAmortization": 349000000, "ebitda": 666000000, "ebitdaratio": 0.1537751097, "operatingIncome": 317000000, "operatingIncomeRatio": 0.0731932579, "totalOtherIncomeExpensesNet": -179000000, "incomeBeforeTax": 138000000, "incomeBeforeTaxRatio": 0.031863311, "incomeTaxExpense": 87000000, "netIncome": 51000000, "netIncomeRatio": 0.0117755715, "eps": 0.72, "epsdiluted": 0.71, "weightedAverageShsOut": 71000000, "weightedAverageShsOutDil": 72000000, "link": "https://www.sec.gov/Archives/edgar/data/1603923/000160392323000068/0001603923-23-000068-index.htm", "finalLink": "https://www.sec.gov/Archives/edgar/data/1603923/000160392323000068/wfrd-20221231.htm", "calculatedOtherExpenses": 126000000, "calculatedOperatingExpenses": 994000000, "calculatedNetInterest": -148000000, "calculatedOtherIncome": -31000000, "calculatedIncomeNonControlling": 0, "calculatedEbitda": 666000000}, {"date": "2021-12-31", "symbol": "WFRD", "reportedCurrency": "USD", "cik": "0001603923", "fillingDate": "2022-02-17", "acceptedDate": "2022-02-17 17:26:33", "calendarYear": "2021", "period": "FY", "revenue": 3645000000, "costOfRevenue": 2716000000, "grossProfit": 929000000, "grossProfitRatio": 0.2548696845, "researchAndDevelopmentExpenses": 85000000, "generalAndAdministrativeExpenses": -62000000, "sellingAndMarketingExpenses": 0, "sellingGeneralAndAdministrativeExpenses": -62000000, "otherExpenses": -351000000, "operatingExpenses": -328000000, "costAndExpenses": -328000000, "interestIncome": 260000000, "interestExpense": 260000000, "depreciationAndAmortization": 440000000, "ebitda": 357000000, "ebitdaratio": 0.0979423868, "operatingIncome": -83000000, "operatingIncomeRatio": -0.0227709191, "totalOtherIncomeExpensesNet": -260000000, "incomeBeforeTax": -343000000, "incomeBeforeTaxRatio": -0.0941015089, "incomeTaxExpense": 86000000, "netIncome": -429000000, "netIncomeRatio": -0.1176954733, "eps": -6.13, "epsdiluted": -6.13, "weightedAverageShsOut": 70000000, "weightedAverageShsOutDil": 70000000, "link": "https://www.sec.gov/Archives/edgar/data/1603923/000160392322000051/0001603923-22-000051-index.htm", "finalLink": "https://www.sec.gov/Archives/edgar/data/1603923/000160392322000051/wfrd-20211231.htm", "calculatedOtherExpenses": 989000000, "calculatedOperatingExpenses": 1012000000, "calculatedNetInterest": 0, "calculatedOtherIncome": -260000000, "calculatedIncomeNonControlling": 0, "calculatedEbitda": 357000000}, {"date": "2020-12-31", "symbol": "WFRD", "reportedCurrency": "USD", "cik": "0001603923", "fillingDate": "2021-02-19", "acceptedDate": "2021-02-19 07:22:33", "calendarYear": "2020", "period": "FY", "revenue": 3685000000, "costOfRevenue": 2807000000, "grossProfit": 878000000, "grossProfitRatio": 0.2382632293, "researchAndDevelopmentExpenses": 97000000, "generalAndAdministrativeExpenses": 0, "sellingAndMarketingExpenses": 0, "sellingGeneralAndAdministrativeExpenses": 837000000, "otherExpenses": -53000000, "operatingExpenses": 934000000, "costAndExpenses": 3741000000, "interestIncome": 251000000, "interestExpense": 266000000, "depreciationAndAmortization": 503000000, "ebitda": -1045000000, "ebitdaratio": -0.2835820896, "operatingIncome": -1548000000, "operatingIncomeRatio": -0.4200814111, "totalOtherIncomeExpensesNet": -266000000, "incomeBeforeTax": -1814000000, "incomeBeforeTaxRatio": -0.492265943, "incomeTaxExpense": 85000000, "netIncome": -1899000000, "netIncomeRatio": -0.5153324288, "eps": -27.13, "epsdiluted": -27.13, "weightedAverageShsOut": 70000000, "weightedAverageShsOutDil": 70000000, "link": "https://www.sec.gov/Archives/edgar/data/1603923/000160392321000013/0001603923-21-000013-index.htm", "finalLink": "https://www.sec.gov/Archives/edgar/data/1603923/000160392321000013/wft-20201231.htm", "calculatedOtherExpenses": 1492000000, "calculatedOperatingExpenses": 2426000000, "calculatedNetInterest": -15000000, "calculatedOtherIncome": -251000000, "calculatedIncomeNonControlling": 0, "calculatedEbitda": -1045000000}, {"date": "2019-12-31", "symbol": "WFRD", "reportedCurrency": "USD", "cik": "0001603923", "fillingDate": "2020-03-16", "acceptedDate": "2020-03-16 16:13:32", "calendarYear": "2019", "period": "FY", "revenue": 4954000000, "costOfRevenue": 3853000000, "grossProfit": 1101000000, "grossProfitRatio": 0.2222446508, "researchAndDevelopmentExpenses": 136000000, "generalAndAdministrativeExpenses": 130000000, "sellingAndMarketingExpenses": 765000000, "sellingGeneralAndAdministrativeExpenses": 895000000, "otherExpenses": -116000000, "operatingExpenses": 1031000000, "costAndExpenses": 4884000000, "interestIncome": 374000000, "interestExpense": 362000000, "depreciationAndAmortization": 447000000, "ebitda": 401000000, "ebitdaratio": 0.0809446912, "operatingIncome": -46000000, "operatingIncomeRatio": -0.0092854259, "totalOtherIncomeExpensesNet": 3865000000, "incomeBeforeTax": 3819000000, "incomeBeforeTaxRatio": 0.7708922083, "incomeTaxExpense": 135000000, "netIncome": 3661000000, "netIncomeRatio": 0.7389987889, "eps": 51.93, "epsdiluted": 51.93, "weightedAverageShsOut": 70000000, "weightedAverageShsOutDil": 70000000, "link": "https://www.sec.gov/Archives/edgar/data/1603923/000160392320000017/0001603923-20-000017-index.htm", "finalLink": "https://www.sec.gov/Archives/edgar/data/1603923/000160392320000017/wft201910-k12x31x2019r.htm", "calculatedOtherExpenses": 116000000, "calculatedOperatingExpenses": 1147000000, "calculatedNetInterest": 12000000, "calculatedOtherIncome": 3853000000, "calculatedIncomeNonControlling": 23000000, "calculatedEbitda": 401000000}, {"date": "2018-12-31", "symbol": "WFRD", "reportedCurrency": "USD", "cik": "0001603923", "fillingDate": "2019-02-15", "acceptedDate": "2019-02-15 17:05:02", "calendarYear": "2018", "period": "FY", "revenue": 5744000000, "costOfRevenue": 4514000000, "grossProfit": 1230000000, "grossProfitRatio": 0.2141364903, "researchAndDevelopmentExpenses": 139000000, "generalAndAdministrativeExpenses": 130000000, "sellingAndMarketingExpenses": 764000000, "sellingGeneralAndAdministrativeExpenses": 130000000, "otherExpenses": -46000000, "operatingExpenses": 368000000, "costAndExpenses": 368000000, "interestIncome": 0, "interestExpense": 614000000, "depreciationAndAmortization": 556000000, "ebitda": -121000000, "ebitdaratio": -0.0210654596, "operatingIncome": -2084000000, "operatingIncomeRatio": -0.3628133705, "totalOtherIncomeExpensesNet": -2068000000, "incomeBeforeTax": -2757000000, "incomeBeforeTaxRatio": -0.4799791086, "incomeTaxExpense": 34000000, "netIncome": -2811000000, "netIncomeRatio": -0.4893802228, "eps": -2.82, "epsdiluted": -2.82, "weightedAverageShsOut": 997000000, "weightedAverageShsOutDil": 997000000, "link": "https://www.sec.gov/Archives/edgar/data/1603923/000160392319000025/0001603923-19-000025-index.htm", "finalLink": "https://www.sec.gov/Archives/edgar/data/1603923/000160392319000025/wft201810-k12x31x2018.htm", "calculatedOtherExpenses": 3045000000, "calculatedOperatingExpenses": 3314000000, "calculatedNetInterest": -614000000, "calculatedOtherIncome": -59000000, "calculatedIncomeNonControlling": 20000000, "calculatedEbitda": -1528000000}, {"date": "2017-12-31", "symbol": "WFRD", "reportedCurrency": "USD", "cik": "0001603923", "fillingDate": "2018-02-14", "acceptedDate": "2018-02-14 16:17:34", "calendarYear": "2017", "period": "FY", "revenue": 5699000000, "costOfRevenue": 4889000000, "grossProfit": 810000000, "grossProfitRatio": 0.1421301983, "researchAndDevelopmentExpenses": 158000000, "generalAndAdministrativeExpenses": 130000000, "sellingAndMarketingExpenses": 910000000, "sellingGeneralAndAdministrativeExpenses": 130000000, "otherExpenses": -34000000, "operatingExpenses": 2129000000, "costAndExpenses": 2129000000, "interestIncome": 0, "interestExpense": 579000000, "depreciationAndAmortization": 801000000, "ebitda": -2163000000, "ebitdaratio": -0.3795402702, "operatingIncome": -2129000000, "operatingIncomeRatio": -0.3735743113, "totalOtherIncomeExpensesNet": 52000000, "incomeBeforeTax": -2656000000, "incomeBeforeTaxRatio": -0.4660466749, "incomeTaxExpense": 137000000, "netIncome": -2813000000, "netIncomeRatio": -0.4935953676, "eps": -2.84, "epsdiluted": -2.84, "weightedAverageShsOut": 990000000, "weightedAverageShsOutDil": 990000000, "link": "https://www.sec.gov/Archives/edgar/data/1603923/000160392318000037/0001603923-18-000037-index.htm", "finalLink": "https://www.sec.gov/Archives/edgar/data/1603923/000160392318000037/wft201710-k.htm", "calculatedOtherExpenses": 2651000000, "calculatedOperatingExpenses": 2939000000, "calculatedNetInterest": -579000000, "calculatedOtherIncome": 52000000, "calculatedIncomeNonControlling": 20000000, "calculatedEbitda": -1328000000}, {"date": "2016-12-31", "symbol": "WFRD", "reportedCurrency": "USD", "cik": "0001603923", "fillingDate": "2017-02-15", "acceptedDate": "2017-02-14 17:50:51", "calendarYear": "2016", "period": "FY", "revenue": 5749000000, "costOfRevenue": 5189000000, "grossProfit": 560000000, "grossProfitRatio": 0.0974082449, "researchAndDevelopmentExpenses": 159000000, "generalAndAdministrativeExpenses": 139000000, "sellingAndMarketingExpenses": 970000000, "sellingGeneralAndAdministrativeExpenses": 139000000, "otherExpenses": -24000000, "operatingExpenses": 2251000000, "costAndExpenses": 2251000000, "interestIncome": 0, "interestExpense": 499000000, "depreciationAndAmortization": 956000000, "ebitda": -2353000000, "ebitdaratio": -0.4092885719, "operatingIncome": -2251000000, "operatingIncomeRatio": -0.3915463559, "totalOtherIncomeExpensesNet": -49000000, "incomeBeforeTax": -2877000000, "incomeBeforeTaxRatio": -0.5004348582, "incomeTaxExpense": 496000000, "netIncome": -3392000000, "netIncomeRatio": -0.5900156549, "eps": -3.82, "epsdiluted": -3.82, "weightedAverageShsOut": 887000000, "weightedAverageShsOutDil": 887000000, "link": "https://www.sec.gov/Archives/edgar/data/1603923/000160392317000050/0001603923-17-000050-index.htm", "finalLink": "https://www.sec.gov/Archives/edgar/data/1603923/000160392317000050/wft201610-k.htm", "calculatedOtherExpenses": 2513000000, "calculatedOperatingExpenses": 2811000000, "calculatedNetInterest": -499000000, "calculatedOtherIncome": -127000000, "calculatedIncomeNonControlling": 19000000, "calculatedEbitda": -1295000000}, {"date": "2015-12-31", "symbol": "WFRD", "reportedCurrency": "USD", "cik": "0001603923", "fillingDate": "2016-02-16", "acceptedDate": "2016-02-16 17:09:10", "calendarYear": "2015", "period": "FY", "revenue": 9433000000, "costOfRevenue": 8021000000, "grossProfit": 1412000000, "grossProfitRatio": 0.1496872681, "researchAndDevelopmentExpenses": 231000000, "generalAndAdministrativeExpenses": 194000000, "sellingAndMarketingExpenses": 1353000000, "sellingGeneralAndAdministrativeExpenses": 194000000, "otherExpenses": 3000000, "operatingExpenses": 1540000000, "costAndExpenses": 1540000000, "interestIncome": 0, "interestExpense": 468000000, "depreciationAndAmortization": 1200000000, "ebitda": -1537000000, "ebitdaratio": -0.1629386197, "operatingIncome": -1546000000, "operatingIncomeRatio": -0.1638927171, "totalOtherIncomeExpensesNet": -88000000, "incomeBeforeTax": -2096000000, "incomeBeforeTaxRatio": -0.2221986643, "incomeTaxExpense": -145000000, "netIncome": -1985000000, "netIncomeRatio": -0.210431464, "eps": -2.55, "epsdiluted": -2.55, "weightedAverageShsOut": 779000000, "weightedAverageShsOutDil": 779000000, "link": "https://www.sec.gov/Archives/edgar/data/1603923/000160392316000144/0001603923-16-000144-index.htm", "finalLink": "https://www.sec.gov/Archives/edgar/data/1603923/000160392316000144/wft201510-k.htm", "calculatedOtherExpenses": 2533000000, "calculatedOperatingExpenses": 2958000000, "calculatedNetInterest": -468000000, "calculatedOtherIncome": -82000000, "calculatedIncomeNonControlling": 34000000, "calculatedEbitda": -346000000}, {"date": "2014-12-31", "symbol": "WFRD", "reportedCurrency": "USD", "cik": "0001603923", "fillingDate": "2015-02-18", "acceptedDate": "2015-02-17 18:18:03", "calendarYear": "2014", "period": "FY", "revenue": 14911000000, "costOfRevenue": 11461000000, "grossProfit": 3450000000, "grossProfitRatio": 0.231372812, "researchAndDevelopmentExpenses": 290000000, "generalAndAdministrativeExpenses": 178000000, "sellingAndMarketingExpenses": 1727000000, "sellingGeneralAndAdministrativeExpenses": 178000000, "otherExpenses": -17000000, "operatingExpenses": 1915000000, "costAndExpenses": 1915000000, "interestIncome": 0, "interestExpense": 515000000, "depreciationAndAmortization": 1371000000, "ebitda": 156000000, "ebitdaratio": 0.010462075, "operatingIncome": 505000000, "operatingIncomeRatio": 0.0338676145, "totalOtherIncomeExpensesNet": 104000000, "incomeBeforeTax": -255000000, "incomeBeforeTaxRatio": -0.0171014687, "incomeTaxExpense": 284000000, "netIncome": -584000000, "netIncomeRatio": -0.0391657166, "eps": -0.75, "epsdiluted": -0.75, "weightedAverageShsOut": 777000000, "weightedAverageShsOutDil": 777000000, "link": "https://www.sec.gov/Archives/edgar/data/1603923/000160392315000025/0001603923-15-000025-index.htm", "finalLink": "https://www.sec.gov/Archives/edgar/data/1603923/000160392315000025/wft201410-k.htm", "calculatedOtherExpenses": 2477000000, "calculatedOperatingExpenses": 2945000000, "calculatedNetInterest": -515000000, "calculatedOtherIncome": -245000000, "calculatedIncomeNonControlling": 45000000, "calculatedEbitda": 1876000000}, {"date": "2013-12-31", "symbol": "WFRD", "reportedCurrency": "USD", "cik": "0001603923", "fillingDate": "2013-12-31", "acceptedDate": "2013-12-30 19:00:00", "calendarYear": "2013", "period": "FY", "revenue": 15263000000, "costOfRevenue": 12302000000, "grossProfit": 2961000000, "grossProfitRatio": 0.1939985586, "researchAndDevelopmentExpenses": 265000000, "generalAndAdministrativeExpenses": 2044000000, "sellingAndMarketingExpenses": 1728000000, "sellingGeneralAndAdministrativeExpenses": 2044000000, "otherExpenses": -77000000, "operatingExpenses": 2309000000, "costAndExpenses": 14611000000, "interestIncome": 0, "interestExpense": 516000000, "depreciationAndAmortization": 1402000000, "ebitda": 1977000000, "ebitdaratio": 0.1295289262, "operatingIncome": 523000000, "operatingIncomeRatio": 0.0342658717, "totalOtherIncomeExpensesNet": -306000000, "incomeBeforeTax": -170000000, "incomeBeforeTaxRatio": -0.0111380463, "incomeTaxExpense": 144000000, "netIncome": -345000000, "netIncomeRatio": -0.0226036821, "eps": -0.45, "epsdiluted": -0.45, "weightedAverageShsOut": 772000000, "weightedAverageShsOutDil": 772000000, "link": "", "finalLink": "", "calculatedOtherExpenses": 129000000, "calculatedOperatingExpenses": 2438000000, "calculatedNetInterest": -516000000, "calculatedOtherIncome": -177000000, "calculatedIncomeNonControlling": 31000000, "calculatedEbitda": 1925000000}, {"date": "2012-12-31", "symbol": "WFRD", "reportedCurrency": "USD", "cik": "0001603923", "fillingDate": "2012-12-31", "acceptedDate": "2012-12-30 19:00:00", "calendarYear": "2012", "period": "FY", "revenue": 15215000000, "costOfRevenue": 11855000000, "grossProfit": 3360000000, "grossProfitRatio": 0.2208347026, "researchAndDevelopmentExpenses": 257000000, "generalAndAdministrativeExpenses": 196000000, "sellingAndMarketingExpenses": 1585000000, "sellingGeneralAndAdministrativeExpenses": 196000000, "otherExpenses": -100000000, "operatingExpenses": -1191000000, "costAndExpenses": -1191000000, "interestIncome": 0, "interestExpense": 486000000, "depreciationAndAmortization": 1282000000, "ebitda": 1091000000, "ebitdaratio": 0.0717055537, "operatingIncome": 298000000, "operatingIncomeRatio": 0.0195859349, "totalOtherIncomeExpensesNet": -993000000, "incomeBeforeTax": -288000000, "incomeBeforeTaxRatio": -0.0189286888, "incomeTaxExpense": 462000000, "netIncome": -778000000, "netIncomeRatio": -0.0511337496, "eps": -1.02, "epsdiluted": -1.02, "weightedAverageShsOut": 765000000, "weightedAverageShsOutDil": 765000000, "link": "", "finalLink": "", "calculatedOtherExpenses": 2609000000, "calculatedOperatingExpenses": 3062000000, "calculatedNetInterest": -486000000, "calculatedOtherIncome": -100000000, "calculatedIncomeNonControlling": 28000000, "calculatedEbitda": 1580000000}, {"date": "2011-12-31", "symbol": "WFRD", "reportedCurrency": "USD", "cik": "0001603923", "fillingDate": "2011-12-31", "acceptedDate": "2011-12-30 19:00:00", "calendarYear": "2011", "period": "FY", "revenue": 12990422000, "costOfRevenue": 1914418000, "grossProfit": 11076004000, "grossProfitRatio": 0.8526284981, "researchAndDevelopmentExpenses": 244704000, "generalAndAdministrativeExpenses": 0, "sellingAndMarketingExpenses": 0, "sellingGeneralAndAdministrativeExpenses": 197683000, "otherExpenses": 0, "operatingExpenses": 582776000, "costAndExpenses": 2497194000, "interestIncome": 0, "interestExpense": 453289000, "depreciationAndAmortization": 1135000000, "ebitda": 10599843000, "ebitdaratio": 0.8159737228, "operatingIncome": 1324000000, "operatingIncomeRatio": 0.1019212463, "totalOtherIncomeExpensesNet": -106615000, "incomeBeforeTax": 764000000, "incomeBeforeTaxRatio": 0.0588125621, "incomeTaxExpense": 486000000, "netIncome": 771738000, "netIncomeRatio": 0.0594082317, "eps": 1.03, "epsdiluted": 1.02, "weightedAverageShsOut": 752527000, "weightedAverageShsOutDil": 759565000, "link": "", "finalLink": "", "calculatedOtherExpenses": 9309617000, "calculatedOperatingExpenses": 9752004000, "calculatedNetInterest": -453289000, "calculatedOtherIncome": -106711000, "calculatedIncomeNonControlling": -493738000, "calculatedEbitda": 2459000000}, {"date": "2010-12-31", "symbol": "WFRD", "reportedCurrency": "USD", "cik": "0001603923", "fillingDate": "2010-12-31", "acceptedDate": "2010-12-30 19:00:00", "calendarYear": "2010", "period": "FY", "revenue": 10211449000, "costOfRevenue": 8845712000, "grossProfit": 1365737000, "grossProfitRatio": 0.1337456614, "researchAndDevelopmentExpenses": 214481000, "generalAndAdministrativeExpenses": 175166000, "sellingAndMarketingExpenses": 0, "sellingGeneralAndAdministrativeExpenses": 175166000, "otherExpenses": 0, "operatingExpenses": 581086000, "costAndExpenses": 9426798000, "interestIncome": 0, "interestExpense": 405785000, "depreciationAndAmortization": 1047334000, "ebitda": 784651000, "ebitdaratio": 0.0768403191, "operatingIncome": 781453000, "operatingIncomeRatio": 0.0765271413, "totalOtherIncomeExpensesNet": -167479000, "incomeBeforeTax": 211387000, "incomeBeforeTaxRatio": 0.0207009799, "incomeTaxExpense": 172080000, "netIncome": 24514000, "netIncomeRatio": 0.0024006387, "eps": 0.03, "epsdiluted": 0.03, "weightedAverageShsOut": 743125000, "weightedAverageShsOutDil": 750128000, "link": "", "finalLink": "", "calculatedOtherExpenses": 194637000, "calculatedOperatingExpenses": 584284000, "calculatedNetInterest": -405785000, "calculatedOtherIncome": -164281000, "calculatedIncomeNonControlling": 14793000, "calculatedEbitda": 1828787000}, {"date": "2009-12-31", "symbol": "WFRD", "reportedCurrency": "USD", "cik": "0001603923", "fillingDate": "2009-12-31", "acceptedDate": "2009-12-30 19:00:00", "calendarYear": "2009", "period": "FY", "revenue": 8826933000, "costOfRevenue": 6463336000, "grossProfit": 2363597000, "grossProfitRatio": 0.2677710367, "researchAndDevelopmentExpenses": 194650000, "generalAndAdministrativeExpenses": 223172000, "sellingAndMarketingExpenses": 1241920000, "sellingGeneralAndAdministrativeExpenses": 1465092000, "otherExpenses": 0, "operatingExpenses": 1659742000, "costAndExpenses": 8123078000, "interestIncome": 0, "interestExpense": 366748000, "depreciationAndAmortization": 906697000, "ebitda": 1610552000, "ebitdaratio": 0.182458845, "operatingIncome": 703855000, "operatingIncomeRatio": 0.0797394746, "totalOtherIncomeExpensesNet": -37633000, "incomeBeforeTax": 299474000, "incomeBeforeTaxRatio": 0.0339272996, "incomeTaxExpense": 19549000, "netIncome": 253766000, "netIncomeRatio": 0.028749057, "eps": 0.12, "epsdiluted": 0.12, "weightedAverageShsOut": 715000000, "weightedAverageShsOutDil": 723000000, "link": "", "finalLink": "", "calculatedOtherExpenses": 0, "calculatedOperatingExpenses": 1659742000, "calculatedNetInterest": -366748000, "calculatedOtherIncome": -37633000, "calculatedIncomeNonControlling": 26159000, "calculatedEbitda": 1610552000}, {"date": "2008-12-31", "symbol": "WFRD", "reportedCurrency": "USD", "cik": "0001603923", "fillingDate": "2008-12-31", "acceptedDate": "2008-12-30 19:00:00", "calendarYear": "2008", "period": "FY", "revenue": 9600564000, "costOfRevenue": 6242460000, "grossProfit": 3358104000, "grossProfitRatio": 0.3497819503, "researchAndDevelopmentExpenses": 192659000, "generalAndAdministrativeExpenses": 187075000, "sellingAndMarketingExpenses": 1081165000, "sellingGeneralAndAdministrativeExpenses": 1268240000, "otherExpenses": -81344000, "operatingExpenses": 1379555000, "costAndExpenses": 7622015000, "interestIncome": 0, "interestExpense": 243679000, "depreciationAndAmortization": 731808000, "ebitda": 2710357000, "ebitdaratio": 0.2823122683, "operatingIncome": 1978549000, "operatingIncomeRatio": 0.2060867466, "totalOtherIncomeExpensesNet": -44956000, "incomeBeforeTax": 1689914000, "incomeBeforeTaxRatio": 0.176022367, "incomeTaxExpense": 288811000, "netIncome": 1353903000, "netIncomeRatio": 0.1410232774, "eps": 2.04, "epsdiluted": 1.99, "weightedAverageShsOut": 682704000, "weightedAverageShsOutDil": 698178000, "link": "", "finalLink": "", "calculatedOtherExpenses": -81344000, "calculatedOperatingExpenses": 1379555000, "calculatedNetInterest": -243679000, "calculatedOtherIncome": -44956000, "calculatedIncomeNonControlling": 47200000, "calculatedEbitda": 2710357000}, {"date": "2007-12-31", "symbol": "WFRD", "reportedCurrency": "USD", "cik": "0001603923", "fillingDate": "2007-12-31", "acceptedDate": "2007-12-30 19:00:00", "calendarYear": "2007", "period": "FY", "revenue": 7832062000, "costOfRevenue": 5057610000, "grossProfit": 2774452000, "grossProfitRatio": 0.3542428546, "researchAndDevelopmentExpenses": 169317000, "generalAndAdministrativeExpenses": 0, "sellingAndMarketingExpenses": 0, "sellingGeneralAndAdministrativeExpenses": 980799000, "otherExpenses": 0, "operatingExpenses": 1150116000, "costAndExpenses": 6207726000, "interestIncome": 11847000, "interestExpense": 183128000, "depreciationAndAmortization": 606226000, "ebitda": 2239131000, "ebitdaratio": 0.2858929104, "operatingIncome": 1624336000, "operatingIncomeRatio": 0.2073957024, "totalOtherIncomeExpensesNet": -8569000, "incomeBeforeTax": 1444486000, "incomeBeforeTaxRatio": 0.1844324011, "incomeTaxExpense": 332760000, "netIncome": 1070606000, "netIncomeRatio": 0.1366952917, "eps": 3.16, "epsdiluted": 3.08, "weightedAverageShsOut": 338516000, "weightedAverageShsOutDil": 347758000, "link": "", "finalLink": "", "calculatedOtherExpenses": 0, "calculatedOperatingExpenses": 1150116000, "calculatedNetInterest": -171281000, "calculatedOtherIncome": -8569000, "calculatedIncomeNonControlling": 41120000, "calculatedEbitda": 2230562000}, {"date": "2006-12-31", "symbol": "WFRD", "reportedCurrency": "USD", "cik": "0001603923", "fillingDate": "2006-12-31", "acceptedDate": "2006-12-30 19:00:00", "calendarYear": "2006", "period": "FY", "revenue": 6578928000, "costOfRevenue": 4217806000, "grossProfit": 2361122000, "grossProfitRatio": 0.3588916006, "researchAndDevelopmentExpenses": 149429000, "generalAndAdministrativeExpenses": 0, "sellingAndMarketingExpenses": 0, "sellingGeneralAndAdministrativeExpenses": 877314000, "otherExpenses": -5830000, "operatingExpenses": 1020913000, "costAndExpenses": 5238719000, "interestIncome": 6656000, "interestExpense": 109577000, "depreciationAndAmortization": 483061000, "ebitda": 1836335000, "ebitdaratio": 0.2791237417, "operatingIncome": 1340209000, "operatingIncomeRatio": 0.2037123677, "totalOtherIncomeExpensesNet": -7235000, "incomeBeforeTax": 1224223000, "incomeBeforeTaxRatio": 0.1860824438, "incomeTaxExpense": 316524000, "netIncome": 896369000, "netIncomeRatio": 0.1362484891, "eps": 2.59, "epsdiluted": 2.53, "weightedAverageShsOut": 346123000, "weightedAverageShsOutDil": 354832000, "link": "", "finalLink": "", "calculatedOtherExpenses": -5830000, "calculatedOperatingExpenses": 1020913000, "calculatedNetInterest": -102921000, "calculatedOtherIncome": -13065000, "calculatedIncomeNonControlling": 11330000, "calculatedEbitda": 1823270000}, {"date": "2005-12-31", "symbol": "WFRD", "reportedCurrency": "USD", "cik": "0001603923", "fillingDate": "2005-12-31", "acceptedDate": "2005-12-30 19:00:00", "calendarYear": "2005", "period": "FY", "revenue": 4333227000, "costOfRevenue": 2950622000, "grossProfit": 1382605000, "grossProfitRatio": 0.3190705218, "researchAndDevelopmentExpenses": 107362000, "generalAndAdministrativeExpenses": 0, "sellingAndMarketingExpenses": 0, "sellingGeneralAndAdministrativeExpenses": 632156000, "otherExpenses": 73658000, "operatingExpenses": 813176000, "costAndExpenses": 3763798000, "interestIncome": 11208000, "interestExpense": 80343000, "depreciationAndAmortization": 345770000, "ebitda": 882882000, "ebitdaratio": 0.2037469996, "operatingIncome": 569429000, "operatingIncomeRatio": 0.1314099169, "totalOtherIncomeExpensesNet": 52240000, "incomeBeforeTax": 624935000, "incomeBeforeTaxRatio": 0.1442193082, "incomeTaxExpense": 159166000, "netIncome": 467420000, "netIncomeRatio": 0.1078688008, "eps": 1.56, "epsdiluted": 1.47, "weightedAverageShsOut": 300336000, "weightedAverageShsOutDil": 322286000, "link": "", "finalLink": "", "calculatedOtherExpenses": 73658000, "calculatedOperatingExpenses": 813176000, "calculatedNetInterest": -69135000, "calculatedOtherIncome": 124641000, "calculatedIncomeNonControlling": -1651000, "calculatedEbitda": 915199000}, {"date": "2004-12-31", "symbol": "WFRD", "reportedCurrency": "USD", "cik": "0001603923", "fillingDate": "2004-12-31", "acceptedDate": "2004-12-30 19:00:00", "calendarYear": "2004", "period": "FY", "revenue": 3131774000, "costOfRevenue": 2158752000, "grossProfit": 973022000, "grossProfitRatio": 0.3106935558, "researchAndDevelopmentExpenses": 83552000, "generalAndAdministrativeExpenses": 0, "sellingAndMarketingExpenses": 0, "sellingGeneralAndAdministrativeExpenses": 496128000, "otherExpenses": -22405000, "operatingExpenses": 557275000, "costAndExpenses": 2716027000, "interestIncome": 3846000, "interestExpense": 63562000, "depreciationAndAmortization": 272712000, "ebitda": 613743000, "ebitdaratio": 0.1959729533, "operatingIncome": 415747000, "operatingIncomeRatio": 0.1327512777, "totalOtherIncomeExpensesNet": 97121000, "incomeBeforeTax": 430747000, "incomeBeforeTaxRatio": 0.1375408954, "incomeTaxExpense": 92672000, "netIncome": 330146000, "netIncomeRatio": 0.1054182071, "eps": 1.23, "epsdiluted": 1.15, "weightedAverageShsOut": 268000000, "weightedAverageShsOutDil": 297368000, "link": "", "finalLink": "", "calculatedOtherExpenses": -22405000, "calculatedOperatingExpenses": 557275000, "calculatedNetInterest": -59716000, "calculatedOtherIncome": 74716000, "calculatedIncomeNonControlling": 7929000, "calculatedEbitda": 688459000}, {"date": "2003-12-31", "symbol": "WFRD", "reportedCurrency": "USD", "cik": "0001603923", "fillingDate": "2003-12-31", "acceptedDate": "2003-12-30 19:00:00", "calendarYear": "2003", "period": "FY", "revenue": 2591408000, "costOfRevenue": 1830630000, "grossProfit": 760778000, "grossProfitRatio": 0.2935770824, "researchAndDevelopmentExpenses": 82929000, "generalAndAdministrativeExpenses": 0, "sellingAndMarketingExpenses": 0, "sellingGeneralAndAdministrativeExpenses": 411142000, "otherExpenses": -14947000, "operatingExpenses": 479124000, "costAndExpenses": 2309754000, "interestIncome": 1909000, "interestExpense": 76731000, "depreciationAndAmortization": 249013000, "ebitda": 542882000, "ebitdaratio": 0.2094930632, "operatingIncome": 281654000, "operatingIncomeRatio": 0.1086876324, "totalOtherIncomeExpensesNet": 2732000, "incomeBeforeTax": 194617000, "incomeBeforeTaxRatio": 0.0751008718, "incomeTaxExpense": 50601000, "netIncome": 143352000, "netIncomeRatio": 0.05531819, "eps": 1.13, "epsdiluted": 1.09, "weightedAverageShsOut": 126524000, "weightedAverageShsOutDil": 131761000, "link": "", "finalLink": "", "calculatedOtherExpenses": -14947000, "calculatedOperatingExpenses": 479124000, "calculatedNetInterest": -74822000, "calculatedOtherIncome": -12215000, "calculatedIncomeNonControlling": 664000, "calculatedEbitda": 530667000}, {"date": "2002-12-31", "symbol": "WFRD", "reportedCurrency": "USD", "cik": "0001603923", "fillingDate": "2002-12-31", "acceptedDate": "2002-12-30 19:00:00", "calendarYear": "2002", "period": "FY", "revenue": 2328930000, "costOfRevenue": 1582142000, "grossProfit": 746788000, "grossProfitRatio": 0.3206571258, "researchAndDevelopmentExpenses": 79586000, "generalAndAdministrativeExpenses": 0, "sellingAndMarketingExpenses": 0, "sellingGeneralAndAdministrativeExpenses": 393625000, "otherExpenses": 208190000, "operatingExpenses": 681401000, "costAndExpenses": 2263543000, "interestIncome": 2641000, "interestExpense": 85523000, "depreciationAndAmortization": 230773000, "ebitda": 303937000, "ebitdaratio": 0.1305049959, "operatingIncome": 65387000, "operatingIncomeRatio": 0.0280759834, "totalOtherIncomeExpensesNet": -200530000, "incomeBeforeTax": -10386000, "incomeBeforeTaxRatio": -0.0044595587, "incomeTaxExpense": -4356000, "netIncome": -6030000, "netIncomeRatio": -0.0025891719, "eps": -0.0502, "epsdiluted": -0.0502, "weightedAverageShsOut": 120058000, "weightedAverageShsOutDil": 120058000, "link": "", "finalLink": "", "calculatedOtherExpenses": 208190000, "calculatedOperatingExpenses": 681401000, "calculatedNetInterest": -82882000, "calculatedOtherIncome": 7109000, "calculatedIncomeNonControlling": 0, "calculatedEbitda": 296160000}, {"date": "2001-12-31", "symbol": "WFRD", "reportedCurrency": "USD", "cik": "0001603923", "fillingDate": "2001-12-31", "acceptedDate": "2001-12-30 19:00:00", "calendarYear": "2001", "period": "FY", "revenue": 2328715000, "costOfRevenue": 1528712000, "grossProfit": 800003000, "grossProfitRatio": 0.3435383892, "researchAndDevelopmentExpenses": 0, "generalAndAdministrativeExpenses": 0, "sellingAndMarketingExpenses": 0, "sellingGeneralAndAdministrativeExpenses": 412057000, "otherExpenses": -21528000, "operatingExpenses": 390529000, "costAndExpenses": 1919241000, "interestIncome": 2617000, "interestExpense": 74006000, "depreciationAndAmortization": 223519000, "ebitda": 632491000, "ebitdaratio": 0.2716051556, "operatingIncome": 409474000, "operatingIncomeRatio": 0.1758368886, "totalOtherIncomeExpensesNet": 22030000, "incomeBeforeTax": 337699000, "incomeBeforeTaxRatio": 0.1450151693, "incomeTaxExpense": 123048000, "netIncome": 214651000, "netIncomeRatio": 0.0921757278, "eps": 0.47, "epsdiluted": 0.44, "weightedAverageShsOut": 456072000, "weightedAverageShsOutDil": 533020000, "link": "", "finalLink": "", "calculatedOtherExpenses": -21528000, "calculatedOperatingExpenses": 390529000, "calculatedNetInterest": -71389000, "calculatedOtherIncome": -386000, "calculatedIncomeNonControlling": 0, "calculatedEbitda": 632993000}, {"date": "2000-12-31", "symbol": "WFRD", "reportedCurrency": "USD", "cik": "0001603923", "fillingDate": "2000-12-31", "acceptedDate": "2000-12-30 19:00:00", "calendarYear": "2000", "period": "FY", "revenue": 1814261000, "costOfRevenue": 1054313000, "grossProfit": 759948000, "grossProfitRatio": 0.4188746823, "researchAndDevelopmentExpenses": 0, "generalAndAdministrativeExpenses": 0, "sellingAndMarketingExpenses": 0, "sellingGeneralAndAdministrativeExpenses": 380070000, "otherExpenses": 206634000, "operatingExpenses": 586704000, "costAndExpenses": 1641017000, "interestIncome": 11265000, "interestExpense": 59262000, "depreciationAndAmortization": 206634000, "ebitda": 433850000, "ebitdaratio": 0.2391331787, "operatingIncome": 173244000, "operatingIncomeRatio": 0.0954901197, "totalOtherIncomeExpensesNet": -53972000, "incomeBeforeTax": 70558000, "incomeBeforeTaxRatio": 0.038890766, "incomeTaxExpense": 109450000, "netIncome": -42350000, "netIncomeRatio": -0.0233428377, "eps": -0.0967, "epsdiluted": -0.0967, "weightedAverageShsOut": 437828000, "weightedAverageShsOutDil": 437828000, "link": "", "finalLink": "", "calculatedOtherExpenses": 206634000, "calculatedOperatingExpenses": 586704000, "calculatedNetInterest": -47997000, "calculatedOtherIncome": -54689000, "calculatedIncomeNonControlling": 3458000, "calculatedEbitda": 379878000}, {"date": "1999-12-31", "symbol": "WFRD", "reportedCurrency": "USD", "cik": "0001603923", "fillingDate": "1999-12-31", "acceptedDate": "1999-12-30 19:00:00", "calendarYear": "1999", "period": "FY", "revenue": 1240200000, "costOfRevenue": 727200000, "grossProfit": 513000000, "grossProfitRatio": 0.4136429608, "researchAndDevelopmentExpenses": 0, "generalAndAdministrativeExpenses": 0, "sellingAndMarketingExpenses": 0, "sellingGeneralAndAdministrativeExpenses": 282100000, "otherExpenses": 166700000, "operatingExpenses": 448800000, "costAndExpenses": 1176000000, "interestIncome": 0, "interestExpense": 0, "depreciationAndAmortization": 166700000, "ebitda": 225000000, "ebitdaratio": 0.1814223512, "operatingIncome": 64200000, "operatingIncomeRatio": 0.0517658442, "totalOtherIncomeExpensesNet": 5900000, "incomeBeforeTax": 24700000, "incomeBeforeTaxRatio": 0.0199161426, "incomeTaxExpense": 8500000, "netIncome": -20900000, "netIncomeRatio": -0.0168521206, "eps": -0.0525, "epsdiluted": -0.05, "weightedAverageShsOut": 398095238, "weightedAverageShsOutDil": 418000000, "link": "", "finalLink": "", "calculatedOtherExpenses": 166700000, "calculatedOperatingExpenses": 448800000, "calculatedNetInterest": 0, "calculatedOtherIncome": -39500000, "calculatedIncomeNonControlling": 37100000, "calculatedEbitda": 230900000}, {"date": "1998-12-31", "symbol": "WFRD", "reportedCurrency": "USD", "cik": "0001603923", "fillingDate": "1998-12-31", "acceptedDate": "1998-12-30 19:00:00", "calendarYear": "1998", "period": "FY", "revenue": 2010700000, "costOfRevenue": 1256100000, "grossProfit": 754600000, "grossProfitRatio": 0.3752921868, "researchAndDevelopmentExpenses": 0, "generalAndAdministrativeExpenses": 0, "sellingAndMarketingExpenses": 0, "sellingGeneralAndAdministrativeExpenses": 293400000, "otherExpenses": 170700000, "operatingExpenses": 464100000, "costAndExpenses": 1720200000, "interestIncome": 0, "interestExpense": 54500000, "depreciationAndAmortization": 170700000, "ebitda": 597700000, "ebitdaratio": 0.2972596608, "operatingIncome": 290500000, "operatingIncomeRatio": 0.1444770478, "totalOtherIncomeExpensesNet": -136500000, "incomeBeforeTax": 99400000, "incomeBeforeTaxRatio": 0.04943552, "incomeTaxExpense": 34600000, "netIncome": 64800000, "netIncomeRatio": 0.0322275824, "eps": 0.17, "epsdiluted": 0.17, "weightedAverageShsOut": 386865672, "weightedAverageShsOutDil": 386865672, "link": "", "finalLink": "", "calculatedOtherExpenses": 170700000, "calculatedOperatingExpenses": 464100000, "calculatedNetInterest": -54500000, "calculatedOtherIncome": -136600000, "calculatedIncomeNonControlling": 0, "calculatedEbitda": 461200000}, {"date": "1997-12-31", "symbol": "WFRD", "reportedCurrency": "USD", "cik": "0001603923", "fillingDate": "1997-12-31", "acceptedDate": "1997-12-30 19:00:00", "calendarYear": "1997", "period": "FY", "revenue": 892300000, "costOfRevenue": 606100000, "grossProfit": 286200000, "grossProfitRatio": 0.3207441443, "researchAndDevelopmentExpenses": 0, "generalAndAdministrativeExpenses": 0, "sellingAndMarketingExpenses": 0, "sellingGeneralAndAdministrativeExpenses": 110500000, "otherExpenses": 33700000, "operatingExpenses": 144200000, "costAndExpenses": 750300000, "interestIncome": 0, "interestExpense": 0, "depreciationAndAmortization": 33700000, "ebitda": 165900000, "ebitdaratio": 0.1859240166, "operatingIncome": 142000000, "operatingIncomeRatio": 0.1591393029, "totalOtherIncomeExpensesNet": 9800000, "incomeBeforeTax": 128700000, "incomeBeforeTaxRatio": 0.144234002, "incomeTaxExpense": 45000000, "netIncome": 74700000, "netIncomeRatio": 0.0837162389, "eps": 0.49, "epsdiluted": 0.48, "weightedAverageShsOut": 183739837, "weightedAverageShsOutDil": 186776860, "link": "", "finalLink": "", "calculatedOtherExpenses": 33700000, "calculatedOperatingExpenses": 144200000, "calculatedNetInterest": 0, "calculatedOtherIncome": -13300000, "calculatedIncomeNonControlling": 9000000, "calculatedEbitda": 175700000}, {"date": "1996-12-31", "symbol": "WFRD", "reportedCurrency": "USD", "cik": "0001603923", "fillingDate": "1996-12-31", "acceptedDate": "1996-12-30 19:00:00", "calendarYear": "1996", "period": "FY", "revenue": 478000000, "costOfRevenue": 356700000, "grossProfit": 121300000, "grossProfitRatio": 0.2537656904, "researchAndDevelopmentExpenses": 0, "generalAndAdministrativeExpenses": 0, "sellingAndMarketingExpenses": 0, "sellingGeneralAndAdministrativeExpenses": 58200000, "otherExpenses": 16800000, "operatingExpenses": 75000000, "costAndExpenses": 431700000, "interestIncome": 0, "interestExpense": 16500000, "depreciationAndAmortization": 16800000, "ebitda": 61400000, "ebitdaratio": 0.1284518828, "operatingIncome": 46300000, "operatingIncomeRatio": 0.0968619247, "totalOtherIncomeExpensesNet": 1700000, "incomeBeforeTax": 31500000, "incomeBeforeTaxRatio": 0.0658995816, "incomeTaxExpense": 7000000, "netIncome": 98200000, "netIncomeRatio": 0.2054393305, "eps": 0.46, "epsdiluted": 0.46, "weightedAverageShsOut": 156734694, "weightedAverageShsOutDil": 163404255, "link": "", "finalLink": "", "calculatedOtherExpenses": 16800000, "calculatedOperatingExpenses": 75000000, "calculatedNetInterest": -16500000, "calculatedOtherIncome": 1700000, "calculatedIncomeNonControlling": -73700000, "calculatedEbitda": 63100000}, {"date": "1995-12-31", "symbol": "WFRD", "reportedCurrency": "USD", "cik": "0001603923", "fillingDate": "1995-12-31", "acceptedDate": "1995-12-30 19:00:00", "calendarYear": "1995", "period": "FY", "revenue": 351600000, "costOfRevenue": 241500000, "grossProfit": 110100000, "grossProfitRatio": 0.3131399317, "researchAndDevelopmentExpenses": 0, "generalAndAdministrativeExpenses": 0, "sellingAndMarketingExpenses": 0, "sellingGeneralAndAdministrativeExpenses": 56900000, "otherExpenses": 20800000, "operatingExpenses": 77700000, "costAndExpenses": 319200000, "interestIncome": 0, "interestExpense": 16700000, "depreciationAndAmortization": 20800000, "ebitda": 52500000, "ebitdaratio": 0.1493174061, "operatingIncome": 32400000, "operatingIncomeRatio": 0.0921501706, "totalOtherIncomeExpensesNet": 700000, "incomeBeforeTax": 16400000, "incomeBeforeTaxRatio": 0.0466439135, "incomeTaxExpense": 5100000, "netIncome": 11300000, "netIncomeRatio": 0.0321387941, "eps": 0.095, "epsdiluted": 0.095, "weightedAverageShsOut": 118947368, "weightedAverageShsOutDil": 118947368, "link": "", "finalLink": "", "calculatedOtherExpenses": 20800000, "calculatedOperatingExpenses": 77700000, "calculatedNetInterest": -16700000, "calculatedOtherIncome": 700000, "calculatedIncomeNonControlling": 0, "calculatedEbitda": 53200000}, {"date": "1994-12-31", "symbol": "WFRD", "reportedCurrency": "USD", "cik": "0001603923", "fillingDate": "1994-12-31", "acceptedDate": "1994-12-30 19:00:00", "calendarYear": "1994", "period": "FY", "revenue": 248500000, "costOfRevenue": 166800000, "grossProfit": 81700000, "grossProfitRatio": 0.3287726358, "researchAndDevelopmentExpenses": 0, "generalAndAdministrativeExpenses": 0, "sellingAndMarketingExpenses": 0, "sellingGeneralAndAdministrativeExpenses": 47900000, "otherExpenses": 14300000, "operatingExpenses": 62200000, "costAndExpenses": 229000000, "interestIncome": 0, "interestExpense": 13700000, "depreciationAndAmortization": 14300000, "ebitda": 33100000, "ebitdaratio": 0.1331991952, "operatingIncome": 19500000, "operatingIncomeRatio": 0.0784708249, "totalOtherIncomeExpensesNet": 700000, "incomeBeforeTax": 6400000, "incomeBeforeTaxRatio": 0.0257545272, "incomeTaxExpense": 1800000, "netIncome": 800000, "netIncomeRatio": 0.0032193159, "eps": 0.0175, "epsdiluted": 0.0175, "weightedAverageShsOut": 50516000, "weightedAverageShsOutDil": 50516000, "link": "", "finalLink": "", "calculatedOtherExpenses": 14300000, "calculatedOperatingExpenses": 62200000, "calculatedNetInterest": -13700000, "calculatedOtherIncome": 600000, "calculatedIncomeNonControlling": 3800000, "calculatedEbitda": 33800000}, {"date": "1993-12-31", "symbol": "WFRD", "reportedCurrency": "USD", "cik": "0001603923", "fillingDate": "1993-12-31", "acceptedDate": "1993-12-30 19:00:00", "calendarYear": "1993", "period": "FY", "revenue": 246000000, "costOfRevenue": 169400000, "grossProfit": 76600000, "grossProfitRatio": 0.3113821138, "researchAndDevelopmentExpenses": 0, "generalAndAdministrativeExpenses": 0, "sellingAndMarketingExpenses": 0, "sellingGeneralAndAdministrativeExpenses": 45700000, "otherExpenses": 12300000, "operatingExpenses": 58000000, "costAndExpenses": 227400000, "interestIncome": 0, "interestExpense": 7600000, "depreciationAndAmortization": 12300000, "ebitda": 29100000, "ebitdaratio": 0.1182926829, "operatingIncome": 18600000, "operatingIncomeRatio": 0.0756097561, "totalOtherIncomeExpensesNet": 1800000, "incomeBeforeTax": 12800000, "incomeBeforeTaxRatio": 0.0520325203, "incomeTaxExpense": 4900000, "netIncome": 5800000, "netIncomeRatio": 0.0235772358, "eps": -0.0225, "epsdiluted": -0.0225, "weightedAverageShsOut": 94117647, "weightedAverageShsOutDil": 94117647, "link": "", "finalLink": "", "calculatedOtherExpenses": 12300000, "calculatedOperatingExpenses": 58000000, "calculatedNetInterest": -7600000, "calculatedOtherIncome": 1800000, "calculatedIncomeNonControlling": 2100000, "calculatedEbitda": 30900000}, {"date": "1992-12-31", "symbol": "WFRD", "reportedCurrency": "USD", "cik": "0001603923", "fillingDate": "1992-12-31", "acceptedDate": "1992-12-30 19:00:00", "calendarYear": "1992", "period": "FY", "revenue": 192300000, "costOfRevenue": 140200000, "grossProfit": 52100000, "grossProfitRatio": 0.2709308372, "researchAndDevelopmentExpenses": 0, "generalAndAdministrativeExpenses": 0, "sellingAndMarketingExpenses": 0, "sellingGeneralAndAdministrativeExpenses": 37300000, "otherExpenses": 10500000, "operatingExpenses": 47800000, "costAndExpenses": 188000000, "interestIncome": 0, "interestExpense": 5400000, "depreciationAndAmortization": 10500000, "ebitda": 13700000, "ebitdaratio": 0.0712428497, "operatingIncome": 4300000, "operatingIncomeRatio": 0.0223608944, "totalOtherIncomeExpensesNet": 1100000, "incomeBeforeTax": 5400000, "incomeBeforeTaxRatio": 0.0280811232, "incomeTaxExpense": 4200000, "netIncome": 100000, "netIncomeRatio": 0.0005200208, "eps": 0.0025, "epsdiluted": 0.0025, "weightedAverageShsOut": 80000000, "weightedAverageShsOutDil": 80000000, "link": "", "finalLink": "", "calculatedOtherExpenses": 10500000, "calculatedOperatingExpenses": 47800000, "calculatedNetInterest": -5400000, "calculatedOtherIncome": 6500000, "calculatedIncomeNonControlling": 1100000, "calculatedEbitda": 14800000}, {"date": "1991-12-31", "symbol": "WFRD", "reportedCurrency": "USD", "cik": "0001603923", "fillingDate": "1991-12-31", "acceptedDate": "1991-12-30 19:00:00", "calendarYear": "1991", "period": "FY", "revenue": 178000000, "costOfRevenue": 125100000, "grossProfit": 52900000, "grossProfitRatio": 0.2971910112, "researchAndDevelopmentExpenses": 0, "generalAndAdministrativeExpenses": 0, "sellingAndMarketingExpenses": 0, "sellingGeneralAndAdministrativeExpenses": 35000000, "otherExpenses": 8000000, "operatingExpenses": 43000000, "costAndExpenses": 168100000, "interestIncome": 0, "interestExpense": 3300000, "depreciationAndAmortization": 8000000, "ebitda": 15900000, "ebitdaratio": 0.0893258427, "operatingIncome": 9900000, "operatingIncomeRatio": 0.0556179775, "totalOtherIncomeExpensesNet": 2000000, "incomeBeforeTax": 8700000, "incomeBeforeTaxRatio": 0.0488764045, "incomeTaxExpense": 2800000, "netIncome": 5900000, "netIncomeRatio": 0.0331460674, "eps": 0.065, "epsdiluted": 0.065, "weightedAverageShsOut": 90769231, "weightedAverageShsOutDil": 90769231, "link": "", "finalLink": "", "calculatedOtherExpenses": 8000000, "calculatedOperatingExpenses": 43000000, "calculatedNetInterest": -3300000, "calculatedOtherIncome": 2100000, "calculatedIncomeNonControlling": 0, "calculatedEbitda": 17900000}, {"date": "1990-12-31", "symbol": "WFRD", "reportedCurrency": "USD", "cik": "0001603923", "fillingDate": "1990-12-31", "acceptedDate": "1990-12-30 19:00:00", "calendarYear": "1990", "period": "FY", "revenue": 153100000, "costOfRevenue": 107200000, "grossProfit": 45900000, "grossProfitRatio": 0.2998040496, "researchAndDevelopmentExpenses": 0, "generalAndAdministrativeExpenses": 0, "sellingAndMarketingExpenses": 0, "sellingGeneralAndAdministrativeExpenses": 32100000, "otherExpenses": 5700000, "operatingExpenses": 37800000, "costAndExpenses": 145000000, "interestIncome": 0, "interestExpense": 3100000, "depreciationAndAmortization": 5700000, "ebitda": -38000000, "ebitdaratio": -0.2482037884, "operatingIncome": 8100000, "operatingIncomeRatio": 0.052906597, "totalOtherIncomeExpensesNet": 51800000, "incomeBeforeTax": 52000000, "incomeBeforeTaxRatio": 0.3396472894, "incomeTaxExpense": 20400000, "netIncome": 31600000, "netIncomeRatio": 0.2064010451, "eps": 0.39, "epsdiluted": 0.39, "weightedAverageShsOut": 81025641, "weightedAverageShsOutDil": 81025641, "link": "", "finalLink": "", "calculatedOtherExpenses": 5700000, "calculatedOperatingExpenses": 37800000, "calculatedNetInterest": -3100000, "calculatedOtherIncome": 47000000, "calculatedIncomeNonControlling": 0, "calculatedEbitda": 13800000}, {"date": "1989-12-31", "symbol": "WFRD", "reportedCurrency": "USD", "cik": "0001603923", "fillingDate": "1989-12-31", "acceptedDate": "1989-12-30 19:00:00", "calendarYear": "1989", "period": "FY", "revenue": 107900000, "costOfRevenue": 72900000, "grossProfit": 35000000, "grossProfitRatio": 0.3243744208, "researchAndDevelopmentExpenses": 0, "generalAndAdministrativeExpenses": 0, "sellingAndMarketingExpenses": 0, "sellingGeneralAndAdministrativeExpenses": 26000000, "otherExpenses": 4000000, "operatingExpenses": 30000000, "costAndExpenses": 102900000, "interestIncome": 0, "interestExpense": 2100000, "depreciationAndAmortization": 4000000, "ebitda": 6400000, "ebitdaratio": 0.0593141798, "operatingIncome": 5000000, "operatingIncomeRatio": 0.046339203, "totalOtherIncomeExpensesNet": 2600000, "incomeBeforeTax": 5100000, "incomeBeforeTaxRatio": 0.047265987, "incomeTaxExpense": 2200000, "netIncome": 2900000, "netIncomeRatio": 0.0268767377, "eps": 0.04, "epsdiluted": 0.04, "weightedAverageShsOut": 72500000, "weightedAverageShsOutDil": 72500000, "link": "", "finalLink": "", "calculatedOtherExpenses": 4000000, "calculatedOperatingExpenses": 30000000, "calculatedNetInterest": -2100000, "calculatedOtherIncome": 2200000, "calculatedIncomeNonControlling": 0, "calculatedEbitda": 9000000}, {"date": "1988-12-31", "symbol": "WFRD", "reportedCurrency": "USD", "cik": "0001603923", "fillingDate": "1988-12-31", "acceptedDate": "1988-12-30 19:00:00", "calendarYear": "1988", "period": "FY", "revenue": 54200000, "costOfRevenue": 34200000, "grossProfit": 20000000, "grossProfitRatio": 0.36900369, "researchAndDevelopmentExpenses": 0, "generalAndAdministrativeExpenses": 0, "sellingAndMarketingExpenses": 0, "sellingGeneralAndAdministrativeExpenses": 17800000, "otherExpenses": 1600000, "operatingExpenses": 19400000, "costAndExpenses": 53600000, "interestIncome": 0, "interestExpense": 800000, "depreciationAndAmortization": 1600000, "ebitda": 600000, "ebitdaratio": 0.0110701107, "operatingIncome": 600000, "operatingIncomeRatio": 0.0110701107, "totalOtherIncomeExpensesNet": 1600000, "incomeBeforeTax": 1400000, "incomeBeforeTaxRatio": 0.0258302583, "incomeTaxExpense": 500000, "netIncome": 900000, "netIncomeRatio": 0.0166051661, "eps": 0.0125, "epsdiluted": 0.0125, "weightedAverageShsOut": 72000000, "weightedAverageShsOutDil": 72000000, "link": "", "finalLink": "", "calculatedOtherExpenses": 1600000, "calculatedOperatingExpenses": 19400000, "calculatedNetInterest": -800000, "calculatedOtherIncome": 1600000, "calculatedIncomeNonControlling": 0, "calculatedEbitda": 2200000}, {"date": "1987-12-31", "symbol": "WFRD", "reportedCurrency": "USD", "cik": "0001603923", "fillingDate": "1987-12-31", "acceptedDate": "1987-12-30 19:00:00", "calendarYear": "1987", "period": "FY", "revenue": 15300000, "costOfRevenue": 10000000, "grossProfit": 5300000, "grossProfitRatio": 0.3464052288, "researchAndDevelopmentExpenses": 0, "generalAndAdministrativeExpenses": 0, "sellingAndMarketingExpenses": 0, "sellingGeneralAndAdministrativeExpenses": 4900000, "otherExpenses": 400000, "operatingExpenses": 5300000, "costAndExpenses": 15300000, "interestIncome": 0, "interestExpense": 0, "depreciationAndAmortization": 400000, "ebitda": -1000000, "ebitdaratio": -0.0653594771, "operatingIncome": -1400000, "operatingIncomeRatio": -0.091503268, "totalOtherIncomeExpensesNet": 1400000, "incomeBeforeTax": 1000000, "incomeBeforeTaxRatio": 0.0653594771, "incomeTaxExpense": 300000, "netIncome": 700000, "netIncomeRatio": 0.045751634, "eps": 0.01, "epsdiluted": 0.01, "weightedAverageShsOut": 70000000, "weightedAverageShsOutDil": 70000000, "link": "", "finalLink": "", "calculatedOtherExpenses": 1800000, "calculatedOperatingExpenses": 6700000, "calculatedNetInterest": 0, "calculatedOtherIncome": 2400000, "calculatedIncomeNonControlling": 0, "calculatedEbitda": -1000000}, {"date": "1986-12-31", "symbol": "WFRD", "reportedCurrency": "USD", "cik": "0001603923", "fillingDate": "1986-12-31", "acceptedDate": "1986-12-30 19:00:00", "calendarYear": "1986", "period": "FY", "revenue": 2500000, "costOfRevenue": 800000, "grossProfit": 1700000, "grossProfitRatio": 0.68, "researchAndDevelopmentExpenses": 0, "generalAndAdministrativeExpenses": 0, "sellingAndMarketingExpenses": 0, "sellingGeneralAndAdministrativeExpenses": 1300000, "otherExpenses": 1700000, "operatingExpenses": 3000000, "costAndExpenses": 3800000, "interestIncome": 0, "interestExpense": 0, "depreciationAndAmortization": 1700000, "ebitda": -1800000, "ebitdaratio": -0.72, "operatingIncome": -1300000, "operatingIncomeRatio": -0.52, "totalOtherIncomeExpensesNet": 2200000, "incomeBeforeTax": 900000, "incomeBeforeTaxRatio": 0.36, "incomeTaxExpense": 400000, "netIncome": 500000, "netIncomeRatio": 0.2, "eps": 0.0075, "epsdiluted": 0.0075, "weightedAverageShsOut": 66666667, "weightedAverageShsOutDil": 66666667, "link": "", "finalLink": "", "calculatedOtherExpenses": 1700000, "calculatedOperatingExpenses": 3000000, "calculatedNetInterest": 0, "calculatedOtherIncome": 2200000, "calculatedIncomeNonControlling": 0, "calculatedEbitda": 400000}, {"date": "1985-12-31", "symbol": "WFRD", "reportedCurrency": "USD", "cik": "0001603923", "fillingDate": "1985-12-31", "acceptedDate": "1985-12-30 19:00:00", "calendarYear": "1985", "period": "FY", "revenue": 12600000, "costOfRevenue": 1900000, "grossProfit": 10700000, "grossProfitRatio": 0.8492063492, "researchAndDevelopmentExpenses": 0, "generalAndAdministrativeExpenses": 0, "sellingAndMarketingExpenses": 0, "sellingGeneralAndAdministrativeExpenses": 1500000, "otherExpenses": 18500000, "operatingExpenses": 20000000, "costAndExpenses": 21900000, "interestIncome": 0, "interestExpense": 0, "depreciationAndAmortization": 17600000, "ebitda": 6900000, "ebitdaratio": 0.5476190476, "operatingIncome": -9300000, "operatingIncomeRatio": -0.7380952381, "totalOtherIncomeExpensesNet": 1400000, "incomeBeforeTax": -7700000, "incomeBeforeTaxRatio": -0.6111111111, "incomeTaxExpense": -3600000, "netIncome": -4100000, "netIncomeRatio": -0.3253968254, "eps": -0.0475, "epsdiluted": -0.0475, "weightedAverageShsOut": 86315789, "weightedAverageShsOutDil": 86315789, "link": "", "finalLink": "", "calculatedOtherExpenses": 18500000, "calculatedOperatingExpenses": 20000000, "calculatedNetInterest": 0, "calculatedOtherIncome": 1600000, "calculatedIncomeNonControlling": 0, "calculatedEbitda": 8300000}]}