{"originalCurrency": "USD", "convertedCurrency": "USD", "report": [{"date": "2023-12-31", "symbol": "WH", "reportedCurrency": "USD", "cik": "0001722684", "fillingDate": "2024-02-15", "acceptedDate": "2024-02-15 13:44:04", "calendarYear": "2023", "period": "FY", "revenue": 1397000000, "costOfRevenue": 749000000, "grossProfit": 648000000, "grossProfitRatio": 0.4638511095, "researchAndDevelopmentExpenses": 0, "generalAndAdministrativeExpenses": 130000000, "sellingAndMarketingExpenses": 578000000, "sellingGeneralAndAdministrativeExpenses": 130000000, "otherExpenses": -169000000, "operatingExpenses": 169000000, "costAndExpenses": 918000000, "interestIncome": 6000000, "interestExpense": 72000000, "depreciationAndAmortization": 76000000, "ebitda": 555000000, "ebitdaratio": 0.3972798855, "operatingIncome": 479000000, "operatingIncomeRatio": 0.3428775948, "totalOtherIncomeExpensesNet": -81000000, "incomeBeforeTax": 398000000, "incomeBeforeTaxRatio": 0.2848962062, "incomeTaxExpense": 109000000, "netIncome": 289000000, "netIncomeRatio": 0.2068718683, "eps": 3.42, "epsdiluted": 3.4, "weightedAverageShsOut": 84400000, "weightedAverageShsOutDil": 84900000, "link": "https://www.sec.gov/Archives/edgar/data/1722684/000172268424000006/0001722684-24-000006-index.htm", "finalLink": "https://www.sec.gov/Archives/edgar/data/1722684/000172268424000006/wh-20231231.htm", "calculatedOtherExpenses": 39000000, "calculatedOperatingExpenses": 169000000, "calculatedNetInterest": -66000000, "calculatedOtherIncome": -15000000, "calculatedIncomeNonControlling": 0, "calculatedEbitda": 555000000}, {"date": "2022-12-31", "symbol": "WH", "reportedCurrency": "USD", "cik": "0001722684", "fillingDate": "2023-02-16", "acceptedDate": "2023-02-16 12:38:08", "calendarYear": "2022", "period": "FY", "revenue": 1498000000, "costOfRevenue": 668000000, "grossProfit": 830000000, "grossProfitRatio": 0.5540720961, "researchAndDevelopmentExpenses": 0, "generalAndAdministrativeExpenses": 123000000, "sellingAndMarketingExpenses": 128000000, "sellingGeneralAndAdministrativeExpenses": 123000000, "otherExpenses": 183000000, "operatingExpenses": 306000000, "costAndExpenses": 974000000, "interestIncome": 5000000, "interestExpense": 80000000, "depreciationAndAmortization": 43000000, "ebitda": 601000000, "ebitdaratio": 0.4012016021, "operatingIncome": 558000000, "operatingIncomeRatio": 0.3724966622, "totalOtherIncomeExpensesNet": -82000000, "incomeBeforeTax": 476000000, "incomeBeforeTaxRatio": 0.3177570093, "incomeTaxExpense": 121000000, "netIncome": 355000000, "netIncomeRatio": 0.2369826435, "eps": 3.93, "epsdiluted": 3.91, "weightedAverageShsOut": 90300000, "weightedAverageShsOutDil": 90800000, "link": "https://www.sec.gov/Archives/edgar/data/1722684/000172268423000005/0001722684-23-000005-index.htm", "finalLink": "https://www.sec.gov/Archives/edgar/data/1722684/000172268423000005/wh-20221231.htm", "calculatedOtherExpenses": 149000000, "calculatedOperatingExpenses": 272000000, "calculatedNetInterest": -75000000, "calculatedOtherIncome": -7000000, "calculatedIncomeNonControlling": 0, "calculatedEbitda": 601000000}, {"date": "2021-12-31", "symbol": "WH", "reportedCurrency": "USD", "cik": "0001722684", "fillingDate": "2022-02-16", "acceptedDate": "2022-02-16 12:07:00", "calendarYear": "2021", "period": "FY", "revenue": 1565000000, "costOfRevenue": 770000000, "grossProfit": 795000000, "grossProfitRatio": 0.5079872204, "researchAndDevelopmentExpenses": 0, "generalAndAdministrativeExpenses": 113000000, "sellingAndMarketingExpenses": 468000000, "sellingGeneralAndAdministrativeExpenses": 113000000, "otherExpenses": 227000000, "operatingExpenses": 340000000, "costAndExpenses": 1110000000, "interestIncome": 1000000, "interestExpense": 93000000, "depreciationAndAmortization": 104000000, "ebitda": 550000000, "ebitdaratio": 0.3514376997, "operatingIncome": 446000000, "operatingIncomeRatio": 0.2849840256, "totalOtherIncomeExpensesNet": -111000000, "incomeBeforeTax": 335000000, "incomeBeforeTaxRatio": 0.214057508, "incomeTaxExpense": 91000000, "netIncome": 244000000, "netIncomeRatio": 0.1559105431, "eps": 2.61, "epsdiluted": 2.6, "weightedAverageShsOut": 93400000, "weightedAverageShsOutDil": 93900000, "link": "https://www.sec.gov/Archives/edgar/data/1722684/000172268422000005/0001722684-22-000005-index.htm", "finalLink": "https://www.sec.gov/Archives/edgar/data/1722684/000172268422000005/wh-20211231.htm", "calculatedOtherExpenses": 236000000, "calculatedOperatingExpenses": 349000000, "calculatedNetInterest": -92000000, "calculatedOtherIncome": -19000000, "calculatedIncomeNonControlling": 0, "calculatedEbitda": 550000000}, {"date": "2020-12-31", "symbol": "WH", "reportedCurrency": "USD", "cik": "0001722684", "fillingDate": "2021-02-12", "acceptedDate": "2021-02-12 13:06:25", "calendarYear": "2020", "period": "FY", "revenue": 1300000000, "costOfRevenue": 769000000, "grossProfit": 531000000, "grossProfitRatio": 0.4084615385, "researchAndDevelopmentExpenses": 0, "generalAndAdministrativeExpenses": 116000000, "sellingAndMarketingExpenses": 370000000, "sellingGeneralAndAdministrativeExpenses": 116000000, "otherExpenses": 207000000, "operatingExpenses": 323000000, "costAndExpenses": 1092000000, "interestIncome": 2000000, "interestExpense": 112000000, "depreciationAndAmortization": 98000000, "ebitda": 306000000, "ebitdaratio": 0.2353846154, "operatingIncome": 208000000, "operatingIncomeRatio": 0.16, "totalOtherIncomeExpensesNet": -366000000, "incomeBeforeTax": -158000000, "incomeBeforeTaxRatio": -0.1215384615, "incomeTaxExpense": -26000000, "netIncome": -132000000, "netIncomeRatio": -0.1015384615, "eps": -1.41, "epsdiluted": -1.41, "weightedAverageShsOut": 93400000, "weightedAverageShsOutDil": 93400000, "link": "https://www.sec.gov/Archives/edgar/data/1722684/000172268421000008/0001722684-21-000008-index.htm", "finalLink": "https://www.sec.gov/Archives/edgar/data/1722684/000172268421000008/wh-20201231.htm", "calculatedOtherExpenses": 207000000, "calculatedOperatingExpenses": 323000000, "calculatedNetInterest": -110000000, "calculatedOtherIncome": -256000000, "calculatedIncomeNonControlling": 0, "calculatedEbitda": 306000000}, {"date": "2019-12-31", "symbol": "WH", "reportedCurrency": "USD", "cik": "0001722684", "fillingDate": "2020-02-13", "acceptedDate": "2020-02-13 16:30:54", "calendarYear": "2019", "period": "FY", "revenue": 2053000000, "costOfRevenue": 1186000000, "grossProfit": 867000000, "grossProfitRatio": 0.4223088164, "researchAndDevelopmentExpenses": 0, "generalAndAdministrativeExpenses": 130000000, "sellingAndMarketingExpenses": 562000000, "sellingGeneralAndAdministrativeExpenses": 130000000, "otherExpenses": 273000000, "operatingExpenses": 403000000, "costAndExpenses": 1589000000, "interestIncome": 4000000, "interestExpense": 100000000, "depreciationAndAmortization": 109000000, "ebitda": 573000000, "ebitdaratio": 0.2791037506, "operatingIncome": 464000000, "operatingIncomeRatio": 0.226010716, "totalOtherIncomeExpensesNet": -257000000, "incomeBeforeTax": 207000000, "incomeBeforeTaxRatio": 0.1008280565, "incomeTaxExpense": 50000000, "netIncome": 157000000, "netIncomeRatio": 0.0764734535, "eps": 1.63, "epsdiluted": 1.63, "weightedAverageShsOut": 96500000, "weightedAverageShsOutDil": 96600000, "link": "https://www.sec.gov/Archives/edgar/data/1722684/000172268420000007/0001722684-20-000007-index.htm", "finalLink": "https://www.sec.gov/Archives/edgar/data/1722684/000172268420000007/wh-20191231x10k.htm", "calculatedOtherExpenses": 273000000, "calculatedOperatingExpenses": 403000000, "calculatedNetInterest": -96000000, "calculatedOtherIncome": -161000000, "calculatedIncomeNonControlling": 0, "calculatedEbitda": 573000000}, {"date": "2018-12-31", "symbol": "WH", "reportedCurrency": "USD", "cik": "0001722684", "fillingDate": "2019-02-14", "acceptedDate": "2019-02-14 14:17:45", "calendarYear": "2018", "period": "FY", "revenue": 1868000000, "costOfRevenue": 1072000000, "grossProfit": 796000000, "grossProfitRatio": 0.426124197, "researchAndDevelopmentExpenses": 0, "generalAndAdministrativeExpenses": 119000000, "sellingAndMarketingExpenses": 491000000, "sellingGeneralAndAdministrativeExpenses": 119000000, "otherExpenses": 281000000, "operatingExpenses": 400000000, "costAndExpenses": 1472000000, "interestIncome": 0, "interestExpense": 60000000, "depreciationAndAmortization": 99000000, "ebitda": 495000000, "ebitdaratio": 0.2649892934, "operatingIncome": 336000000, "operatingIncomeRatio": 0.1798715203, "totalOtherIncomeExpensesNet": -173000000, "incomeBeforeTax": 223000000, "incomeBeforeTaxRatio": 0.119379015, "incomeTaxExpense": 61000000, "netIncome": 162000000, "netIncomeRatio": 0.0867237687, "eps": 1.63, "epsdiluted": 1.62, "weightedAverageShsOut": 99500000, "weightedAverageShsOutDil": 99800000, "link": "https://www.sec.gov/Archives/edgar/data/1722684/000172268419000008/0001722684-19-000008-index.htm", "finalLink": "https://www.sec.gov/Archives/edgar/data/1722684/000172268419000008/wh-20181231x10k.htm", "calculatedOtherExpenses": 341000000, "calculatedOperatingExpenses": 460000000, "calculatedNetInterest": -60000000, "calculatedOtherIncome": -53000000, "calculatedIncomeNonControlling": 0, "calculatedEbitda": 435000000}, {"date": "2017-12-31", "symbol": "WH", "reportedCurrency": "USD", "cik": "0001722684", "fillingDate": "2017-12-31", "acceptedDate": "2017-12-30 19:00:00", "calendarYear": "2017", "period": "FY", "revenue": 1347000000, "costOfRevenue": 670000000, "grossProfit": 677000000, "grossProfitRatio": 0.5025983667, "researchAndDevelopmentExpenses": 0, "generalAndAdministrativeExpenses": 88000000, "sellingAndMarketingExpenses": 0, "sellingGeneralAndAdministrativeExpenses": 88000000, "otherExpenses": 280000000, "operatingExpenses": 368000000, "costAndExpenses": 1038000000, "interestIncome": 0, "interestExpense": 6000000, "depreciationAndAmortization": 75000000, "ebitda": 384000000, "ebitdaratio": 0.285077951, "operatingIncome": 261000000, "operatingIncomeRatio": 0.1937639198, "totalOtherIncomeExpensesNet": -48000000, "incomeBeforeTax": 255000000, "incomeBeforeTaxRatio": 0.1893095768, "incomeTaxExpense": 12000000, "netIncome": 243000000, "netIncomeRatio": 0.1804008909, "eps": 2.31, "epsdiluted": 2.31, "weightedAverageShsOut": 99782991, "weightedAverageShsOutDil": 99782991, "link": "", "finalLink": "", "calculatedOtherExpenses": 328000000, "calculatedOperatingExpenses": 416000000, "calculatedNetInterest": -6000000, "calculatedOtherIncome": 0, "calculatedIncomeNonControlling": 0, "calculatedEbitda": 336000000}, {"date": "2016-12-31", "symbol": "WH", "reportedCurrency": "USD", "cik": "0001722684", "fillingDate": "2016-12-31", "acceptedDate": "2016-12-30 19:00:00", "calendarYear": "2016", "period": "FY", "revenue": 1269000000, "costOfRevenue": 647000000, "grossProfit": 622000000, "grossProfitRatio": 0.4901497242, "researchAndDevelopmentExpenses": 0, "generalAndAdministrativeExpenses": 83000000, "sellingAndMarketingExpenses": 0, "sellingGeneralAndAdministrativeExpenses": 83000000, "otherExpenses": 241000000, "operatingExpenses": 324000000, "costAndExpenses": 971000000, "interestIncome": 0, "interestExpense": 1000000, "depreciationAndAmortization": 73000000, "ebitda": 371000000, "ebitdaratio": 0.292356186, "operatingIncome": 295000000, "operatingIncomeRatio": 0.2324665091, "totalOtherIncomeExpensesNet": -3000000, "incomeBeforeTax": 294000000, "incomeBeforeTaxRatio": 0.231678487, "incomeTaxExpense": 118000000, "netIncome": 176000000, "netIncomeRatio": 0.1386918834, "eps": 1.76, "epsdiluted": 1.76, "weightedAverageShsOut": 99501593, "weightedAverageShsOutDil": 99900000, "link": "", "finalLink": "", "calculatedOtherExpenses": 244000000, "calculatedOperatingExpenses": 327000000, "calculatedNetInterest": -1000000, "calculatedOtherIncome": 0, "calculatedIncomeNonControlling": 0, "calculatedEbitda": 368000000}, {"date": "2015-12-31", "symbol": "WH", "reportedCurrency": "USD", "cik": "0001722684", "fillingDate": "2015-12-31", "acceptedDate": "2015-12-30 19:00:00", "calendarYear": "2015", "period": "FY", "revenue": 1301000000, "costOfRevenue": 690000000, "grossProfit": 611000000, "grossProfitRatio": 0.4696387394, "researchAndDevelopmentExpenses": 0, "generalAndAdministrativeExpenses": 90000000, "sellingAndMarketingExpenses": 0, "sellingGeneralAndAdministrativeExpenses": 90000000, "otherExpenses": 258000000, "operatingExpenses": 348000000, "costAndExpenses": 1038000000, "interestIncome": 0, "interestExpense": 1000000, "depreciationAndAmortization": 67000000, "ebitda": 330000000, "ebitdaratio": 0.2536510377, "operatingIncome": 250000000, "operatingIncomeRatio": 0.192159877, "totalOtherIncomeExpensesNet": -13000000, "incomeBeforeTax": 249000000, "incomeBeforeTaxRatio": 0.1913912375, "incomeTaxExpense": 100000000, "netIncome": 149000000, "netIncomeRatio": 0.1145272867, "eps": 1.49, "epsdiluted": 1.49, "weightedAverageShsOut": 99900000, "weightedAverageShsOutDil": 99900000, "link": "", "finalLink": "", "calculatedOtherExpenses": 271000000, "calculatedOperatingExpenses": 361000000, "calculatedNetInterest": -1000000, "calculatedOtherIncome": 0, "calculatedIncomeNonControlling": 0, "calculatedEbitda": 317000000}]}