{"originalCurrency": "USD", "convertedCurrency": "USD", "report": [{"date": "2023-12-31", "symbol": "WHD", "reportedCurrency": "USD", "cik": "0001699136", "fillingDate": "2024-02-29", "acceptedDate": "2024-02-29 16:36:00", "calendarYear": "2023", "period": "FY", "revenue": 1096960000, "costOfRevenue": 711974000, "grossProfit": 384986000, "grossProfitRatio": 0.3509571908, "researchAndDevelopmentExpenses": 0, "generalAndAdministrativeExpenses": 0, "sellingAndMarketingExpenses": 0, "sellingGeneralAndAdministrativeExpenses": 105770000, "otherExpenses": 4490000, "operatingExpenses": 105770000, "costAndExpenses": 817744000, "interestIncome": 3756000, "interestExpense": 10236000, "depreciationAndAmortization": 65045000, "ebitda": 344261000, "ebitdaratio": 0.3138318626, "operatingIncome": 279216000, "operatingIncomeRatio": 0.2545361727, "totalOtherIncomeExpensesNet": -16840000, "incomeBeforeTax": 262375999, "incomeBeforeTaxRatio": 0.2391846549, "incomeTaxExpense": 47536000, "netIncome": 169171000, "netIncomeRatio": 0.1542180207, "eps": 2.62, "epsdiluted": 2.57, "weightedAverageShsOut": 64641000, "weightedAverageShsOutDil": 79460000, "link": "https://www.sec.gov/Archives/edgar/data/1699136/000169913624000007/0001699136-24-000007-index.htm", "finalLink": "https://www.sec.gov/Archives/edgar/data/1699136/000169913624000007/whd-20231231.htm", "calculatedOtherExpenses": 0, "calculatedOperatingExpenses": 105770000, "calculatedNetInterest": -6480000, "calculatedOtherIncome": -10360001, "calculatedIncomeNonControlling": 45668999, "calculatedEbitda": 344261000}, {"date": "2022-12-31", "symbol": "WHD", "reportedCurrency": "USD", "cik": "0001699136", "fillingDate": "2023-03-01", "acceptedDate": "2023-03-01 17:23:47", "calendarYear": "2022", "period": "FY", "revenue": 688369000, "costOfRevenue": 445921000, "grossProfit": 242448000, "grossProfitRatio": 0.3522064474, "researchAndDevelopmentExpenses": 0, "generalAndAdministrativeExpenses": 0, "sellingAndMarketingExpenses": 0, "sellingGeneralAndAdministrativeExpenses": 67700000, "otherExpenses": -1910000, "operatingExpenses": 67700000, "costAndExpenses": 513621000, "interestIncome": 4942000, "interestExpense": 1063000, "depreciationAndAmortization": 34124000, "ebitda": 208872000, "ebitdaratio": 0.3034302823, "operatingIncome": 174748000, "operatingIncomeRatio": 0.2538580325, "totalOtherIncomeExpensesNet": 1804000, "incomeBeforeTax": 176552000, "incomeBeforeTaxRatio": 0.25647872, "incomeTaxExpense": 31430000, "netIncome": 110174000, "netIncomeRatio": 0.1600507867, "eps": 1.83, "epsdiluted": 1.8, "weightedAverageShsOut": 60323000, "weightedAverageShsOutDil": 76337000, "link": "https://www.sec.gov/Archives/edgar/data/1699136/000169913623000017/0001699136-23-000017-index.htm", "finalLink": "https://www.sec.gov/Archives/edgar/data/1699136/000169913623000017/whd-20221231.htm", "calculatedOtherExpenses": 0, "calculatedOperatingExpenses": 67700000, "calculatedNetInterest": 3879000, "calculatedOtherIncome": -2075000, "calculatedIncomeNonControlling": 34948000, "calculatedEbitda": 208872000}, {"date": "2021-12-31", "symbol": "WHD", "reportedCurrency": "USD", "cik": "0001699136", "fillingDate": "2022-02-28", "acceptedDate": "2022-02-28 15:42:49", "calendarYear": "2021", "period": "FY", "revenue": 438589000, "costOfRevenue": 317141000, "grossProfit": 121448000, "grossProfitRatio": 0.2769061696, "researchAndDevelopmentExpenses": 0, "generalAndAdministrativeExpenses": 0, "sellingAndMarketingExpenses": 0, "sellingGeneralAndAdministrativeExpenses": 46021000, "otherExpenses": 492000, "operatingExpenses": 46021000, "costAndExpenses": 363162000, "interestIncome": 353000, "interestExpense": 959000, "depreciationAndAmortization": 36308000, "ebitda": 111735000, "ebitdaratio": 0.2547601513, "operatingIncome": 75427000, "operatingIncomeRatio": 0.1719764974, "totalOtherIncomeExpensesNet": -282000, "incomeBeforeTax": 75145000, "incomeBeforeTaxRatio": 0.1713335264, "incomeTaxExpense": 7675000, "netIncome": 67470000, "netIncomeRatio": 0.1538342275, "eps": 1.22, "epsdiluted": 0.89, "weightedAverageShsOut": 55398000, "weightedAverageShsOutDil": 76107000, "link": "https://www.sec.gov/Archives/edgar/data/1699136/000169913622000011/0001699136-22-000011-index.htm", "finalLink": "https://www.sec.gov/Archives/edgar/data/1699136/000169913622000011/whd-20211231.htm", "calculatedOtherExpenses": 0, "calculatedOperatingExpenses": 46021000, "calculatedNetInterest": -606000, "calculatedOtherIncome": 324000, "calculatedIncomeNonControlling": 0, "calculatedEbitda": 111735000}, {"date": "2020-12-31", "symbol": "WHD", "reportedCurrency": "USD", "cik": "0001699136", "fillingDate": "2021-03-01", "acceptedDate": "2021-02-26 18:07:39", "calendarYear": "2020", "period": "FY", "revenue": 348566000, "costOfRevenue": 236948000, "grossProfit": 111618000, "grossProfitRatio": 0.3202205608, "researchAndDevelopmentExpenses": 0, "generalAndAdministrativeExpenses": 0, "sellingAndMarketingExpenses": 0, "sellingGeneralAndAdministrativeExpenses": 39715000, "otherExpenses": -555000, "operatingExpenses": 39715000, "costAndExpenses": 276663000, "interestIncome": 701000, "interestExpense": 1127000, "depreciationAndAmortization": 44248000, "ebitda": 114287000, "ebitdaratio": 0.3278776473, "operatingIncome": 70039000, "operatingIncomeRatio": 0.2009346867, "totalOtherIncomeExpensesNet": 146000, "incomeBeforeTax": 70185000, "incomeBeforeTaxRatio": 0.2013535457, "incomeTaxExpense": 10970000, "netIncome": 59215000, "netIncomeRatio": 0.1698817441, "eps": 1.25, "epsdiluted": 0.78, "weightedAverageShsOut": 47457000, "weightedAverageShsOutDil": 75495000, "link": "https://www.sec.gov/Archives/edgar/data/1699136/000169913621000033/0001699136-21-000033-index.htm", "finalLink": "https://www.sec.gov/Archives/edgar/data/1699136/000169913621000033/whd-20201231.htm", "calculatedOtherExpenses": 1864000, "calculatedOperatingExpenses": 41579000, "calculatedNetInterest": -426000, "calculatedOtherIncome": 572000, "calculatedIncomeNonControlling": 0, "calculatedEbitda": 114287000}, {"date": "2019-12-31", "symbol": "WHD", "reportedCurrency": "USD", "cik": "0001699136", "fillingDate": "2020-02-28", "acceptedDate": "2020-02-28 17:30:00", "calendarYear": "2019", "period": "FY", "revenue": 628414000, "costOfRevenue": 393607000, "grossProfit": 234807000, "grossProfitRatio": 0.3736501733, "researchAndDevelopmentExpenses": 0, "generalAndAdministrativeExpenses": 0, "sellingAndMarketingExpenses": 0, "sellingGeneralAndAdministrativeExpenses": 51657000, "otherExpenses": 4294000, "operatingExpenses": 51657000, "costAndExpenses": 445264000, "interestIncome": 2403000, "interestExpense": -879000, "depreciationAndAmortization": 43148000, "ebitda": 226298000, "ebitdaratio": 0.3601097366, "operatingIncome": 183150000, "operatingIncomeRatio": 0.2914479945, "totalOtherIncomeExpensesNet": 5173000, "incomeBeforeTax": 188323000, "incomeBeforeTaxRatio": 0.2996798289, "incomeTaxExpense": 32020000, "netIncome": 156303000, "netIncomeRatio": 0.2487261582, "eps": 3.47, "epsdiluted": 2.07, "weightedAverageShsOut": 44983000, "weightedAverageShsOutDil": 75353000, "link": "https://www.sec.gov/Archives/edgar/data/1699136/000155837020001806/0001558370-20-001806-index.htm", "finalLink": "https://www.sec.gov/Archives/edgar/data/1699136/000155837020001806/whd-20191231x10k.htm", "calculatedOtherExpenses": 0, "calculatedOperatingExpenses": 51657000, "calculatedNetInterest": 3282000, "calculatedOtherIncome": 1891000, "calculatedIncomeNonControlling": 0, "calculatedEbitda": 226298000}, {"date": "2018-12-31", "symbol": "WHD", "reportedCurrency": "USD", "cik": "0001699136", "fillingDate": "2019-03-15", "acceptedDate": "2019-03-14 20:40:23", "calendarYear": "2018", "period": "FY", "revenue": 544135000, "costOfRevenue": 325905000, "grossProfit": 218230000, "grossProfitRatio": 0.4010585608, "researchAndDevelopmentExpenses": 0, "generalAndAdministrativeExpenses": 0, "sellingAndMarketingExpenses": 0, "sellingGeneralAndAdministrativeExpenses": 40529000, "otherExpenses": -4305000, "operatingExpenses": 40529000, "costAndExpenses": 366434000, "interestIncome": 128000, "interestExpense": 3595000, "depreciationAndAmortization": 30153000, "ebitda": 203549000, "ebitdaratio": 0.374078124, "operatingIncome": 177701000, "operatingIncomeRatio": 0.3265752065, "totalOtherIncomeExpensesNet": -4305000, "incomeBeforeTax": 169801000, "incomeBeforeTaxRatio": 0.3120567506, "incomeTaxExpense": 19520000, "netIncome": 65331000, "netIncomeRatio": 0.1200639547, "eps": 2.02, "epsdiluted": 2, "weightedAverageShsOut": 32329000, "weightedAverageShsOutDil": 32695000, "link": "https://www.sec.gov/Archives/edgar/data/1699136/000155837019002063/0001558370-19-002063-index.htm", "finalLink": "https://www.sec.gov/Archives/edgar/data/1699136/000155837019002063/whd-20181231x10k.htm", "calculatedOtherExpenses": 0, "calculatedOperatingExpenses": 40529000, "calculatedNetInterest": -3467000, "calculatedOtherIncome": -4433000, "calculatedIncomeNonControlling": 84950000, "calculatedEbitda": 207854000}, {"date": "2017-12-31", "symbol": "WHD", "reportedCurrency": "USD", "cik": "0001699136", "fillingDate": "2018-03-19", "acceptedDate": "2018-03-19 06:08:39", "calendarYear": "2017", "period": "FY", "revenue": 341191000, "costOfRevenue": 225151000, "grossProfit": 116040000, "grossProfitRatio": 0.3401027577, "researchAndDevelopmentExpenses": 0, "generalAndAdministrativeExpenses": 0, "sellingAndMarketingExpenses": 0, "sellingGeneralAndAdministrativeExpenses": 27177000, "otherExpenses": 101121000, "operatingExpenses": 27177000, "costAndExpenses": 252328000, "interestIncome": 5000, "interestExpense": 20767000, "depreciationAndAmortization": 23271000, "ebitda": 112134000, "ebitdaratio": 0.3286546245, "operatingIncome": 88863000, "operatingIncomeRatio": 0.2604494257, "totalOtherIncomeExpensesNet": -20767000, "incomeBeforeTax": 68096000, "incomeBeforeTaxRatio": 0.1995832246, "incomeTaxExpense": 1549000, "netIncome": 66547000, "netIncomeRatio": 0.1950432456, "eps": 3.11, "epsdiluted": 3.11, "weightedAverageShsOut": 21428571, "weightedAverageShsOutDil": 21428571, "link": "https://www.sec.gov/Archives/edgar/data/1699136/000155837018002233/0001558370-18-002233-index.htm", "finalLink": "https://www.sec.gov/Archives/edgar/data/1699136/000155837018002233/whd-20171231x10k.htm", "calculatedOtherExpenses": 0, "calculatedOperatingExpenses": 27177000, "calculatedNetInterest": -20762000, "calculatedOtherIncome": -5000, "calculatedIncomeNonControlling": 0, "calculatedEbitda": 112134000}, {"date": "2016-12-31", "symbol": "WHD", "reportedCurrency": "USD", "cik": "0001699136", "fillingDate": "2016-12-31", "acceptedDate": "2016-12-30 19:00:00", "calendarYear": "2016", "period": "FY", "revenue": 155048000, "costOfRevenue": 125226000, "grossProfit": 29822000, "grossProfitRatio": 0.1923404365, "researchAndDevelopmentExpenses": 0, "generalAndAdministrativeExpenses": 0, "sellingAndMarketingExpenses": 0, "sellingGeneralAndAdministrativeExpenses": 19207000, "otherExpenses": 2251000, "operatingExpenses": 19207000, "costAndExpenses": 144433000, "interestIncome": 2000, "interestExpense": 20235000, "depreciationAndAmortization": 21241000, "ebitda": 34109000, "ebitdaratio": 0.2199899386, "operatingIncome": 10615000, "operatingIncomeRatio": 0.0684626696, "totalOtherIncomeExpensesNet": 2251000, "incomeBeforeTax": -7367000, "incomeBeforeTaxRatio": -0.0475143181, "incomeTaxExpense": 809000, "netIncome": -8176000, "netIncomeRatio": -0.0527320572, "eps": -0.11, "epsdiluted": -0.11, "weightedAverageShsOut": 74889772, "weightedAverageShsOutDil": 74889772, "link": "", "finalLink": "", "calculatedOtherExpenses": 0, "calculatedOperatingExpenses": 19207000, "calculatedNetInterest": -20233000, "calculatedOtherIncome": 2251000, "calculatedIncomeNonControlling": 0, "calculatedEbitda": 31856000}, {"date": "2015-12-31", "symbol": "WHD", "reportedCurrency": "USD", "cik": "0001699136", "fillingDate": "2015-12-31", "acceptedDate": "2015-12-30 19:00:00", "calendarYear": "2015", "period": "FY", "revenue": 221395000, "costOfRevenue": 157055000, "grossProfit": 64340000, "grossProfitRatio": 0.2906118024, "researchAndDevelopmentExpenses": 0, "generalAndAdministrativeExpenses": 0, "sellingAndMarketingExpenses": 0, "sellingGeneralAndAdministrativeExpenses": 22135000, "otherExpenses": 1640000, "operatingExpenses": 22135000, "costAndExpenses": 179190000, "interestIncome": 11000, "interestExpense": 21848000, "depreciationAndAmortization": 20580000, "ebitda": 64436000, "ebitdaratio": 0.2910454166, "operatingIncome": 42205000, "operatingIncomeRatio": 0.1906321281, "totalOtherIncomeExpensesNet": 1640000, "incomeBeforeTax": 22008000, "incomeBeforeTaxRatio": 0.099406039, "incomeTaxExpense": 784000, "netIncome": 21224000, "netIncomeRatio": 0.0958648569, "eps": 0.15, "epsdiluted": 0.15, "weightedAverageShsOut": 74889772, "weightedAverageShsOutDil": 74889772, "link": "", "finalLink": "", "calculatedOtherExpenses": 0, "calculatedOperatingExpenses": 22135000, "calculatedNetInterest": -21837000, "calculatedOtherIncome": 1640000, "calculatedIncomeNonControlling": 0, "calculatedEbitda": 62785000}]}