{"originalCurrency": "USD", "convertedCurrency": "USD", "report": [{"date": "2023-12-31", "symbol": "WHR", "reportedCurrency": "USD", "cik": "0000106640", "fillingDate": "2024-02-14", "acceptedDate": "2024-02-14 11:40:22", "calendarYear": "2023", "period": "FY", "revenue": 19455000000, "costOfRevenue": 16325000000, "grossProfit": 3130000000, "grossProfitRatio": 0.1608840915, "researchAndDevelopmentExpenses": 473000000, "generalAndAdministrativeExpenses": 0, "sellingAndMarketingExpenses": 0, "sellingGeneralAndAdministrativeExpenses": 1993000000, "otherExpenses": 0, "operatingExpenses": 1993000000, "costAndExpenses": 18318000000, "interestIncome": 0, "interestExpense": 351000000, "depreciationAndAmortization": 361000000, "ebitda": 1498000000, "ebitdaratio": 0.076998201, "operatingIncome": 1137000000, "operatingIncomeRatio": 0.0584425598, "totalOtherIncomeExpensesNet": -544000000, "incomeBeforeTax": 593000000, "incomeBeforeTaxRatio": 0.0304805962, "incomeTaxExpense": 77000000, "netIncome": 481000000, "netIncomeRatio": 0.0247237214, "eps": 8.75, "epsdiluted": 8.71, "weightedAverageShsOut": 55000000, "weightedAverageShsOutDil": 55200000, "link": "https://www.sec.gov/Archives/edgar/data/106640/000010664024000020/0000106640-24-000020-index.htm", "finalLink": "https://www.sec.gov/Archives/edgar/data/106640/000010664024000020/whr-20231231.htm", "calculatedOtherExpenses": -473000000, "calculatedOperatingExpenses": 1993000000, "calculatedNetInterest": -351000000, "calculatedOtherIncome": -193000000, "calculatedIncomeNonControlling": 35000000, "calculatedEbitda": 1498000000}, {"date": "2022-12-31", "symbol": "WHR", "reportedCurrency": "USD", "cik": "0000106640", "fillingDate": "2023-02-10", "acceptedDate": "2023-02-10 06:44:31", "calendarYear": "2022", "period": "FY", "revenue": 19724000000, "costOfRevenue": 16651000000, "grossProfit": 3073000000, "grossProfitRatio": 0.1558000406, "researchAndDevelopmentExpenses": 465000000, "generalAndAdministrativeExpenses": 0, "sellingAndMarketingExpenses": 0, "sellingGeneralAndAdministrativeExpenses": 1820000000, "otherExpenses": 35000000, "operatingExpenses": 1855000000, "costAndExpenses": 18506000000, "interestIncome": 19000000, "interestExpense": 190000000, "depreciationAndAmortization": 475000000, "ebitda": 1712000000, "ebitdaratio": 0.0867978098, "operatingIncome": 1237000000, "operatingIncomeRatio": 0.0627154735, "totalOtherIncomeExpensesNet": -2464000000, "incomeBeforeTax": -1227000000, "incomeBeforeTaxRatio": -0.062208477, "incomeTaxExpense": 265000000, "netIncome": -1492000000, "netIncomeRatio": -0.0756438856, "eps": -26.69, "epsdiluted": -26.69, "weightedAverageShsOut": 55900000, "weightedAverageShsOutDil": 55900000, "link": "https://www.sec.gov/Archives/edgar/data/106640/000010664023000015/0000106640-23-000015-index.htm", "finalLink": "https://www.sec.gov/Archives/edgar/data/106640/000010664023000015/whr-20221231.htm", "calculatedOtherExpenses": -449000000, "calculatedOperatingExpenses": 1836000000, "calculatedNetInterest": -171000000, "calculatedOtherIncome": -2293000000, "calculatedIncomeNonControlling": 0, "calculatedEbitda": 1712000000}, {"date": "2021-12-31", "symbol": "WHR", "reportedCurrency": "USD", "cik": "0000106640", "fillingDate": "2022-02-10", "acceptedDate": "2022-02-10 10:26:44", "calendarYear": "2021", "period": "FY", "revenue": 21985000000, "costOfRevenue": 17576000000, "grossProfit": 4409000000, "grossProfitRatio": 0.2005458267, "researchAndDevelopmentExpenses": 485000000, "generalAndAdministrativeExpenses": 0, "sellingAndMarketingExpenses": 0, "sellingGeneralAndAdministrativeExpenses": 2081000000, "otherExpenses": 47000000, "operatingExpenses": 2128000000, "costAndExpenses": 19704000000, "interestIncome": 159000000, "interestExpense": 175000000, "depreciationAndAmortization": 586000000, "ebitda": 2934000000, "ebitdaratio": 0.1334546282, "operatingIncome": 2348000000, "operatingIncomeRatio": 0.106800091, "totalOtherIncomeExpensesNet": -16000000, "incomeBeforeTax": 2332000000, "incomeBeforeTaxRatio": 0.106072322, "incomeTaxExpense": 518000000, "netIncome": 1783000000, "netIncomeRatio": 0.0811007505, "eps": 28.71, "epsdiluted": 28.35, "weightedAverageShsOut": 62100000, "weightedAverageShsOutDil": 62900000, "link": "https://www.sec.gov/Archives/edgar/data/106640/000010664022000015/0000106640-22-000015-index.htm", "finalLink": "https://www.sec.gov/Archives/edgar/data/106640/000010664022000015/whr-20211231.htm", "calculatedOtherExpenses": -505000000, "calculatedOperatingExpenses": 2061000000, "calculatedNetInterest": -16000000, "calculatedOtherIncome": 0, "calculatedIncomeNonControlling": 31000000, "calculatedEbitda": 2934000000}, {"date": "2020-12-31", "symbol": "WHR", "reportedCurrency": "USD", "cik": "0000106640", "fillingDate": "2021-02-11", "acceptedDate": "2021-02-11 09:04:11", "calendarYear": "2020", "period": "FY", "revenue": 19456000000, "costOfRevenue": 15606000000, "grossProfit": 3850000000, "grossProfitRatio": 0.1978824013, "researchAndDevelopmentExpenses": 455000000, "generalAndAdministrativeExpenses": 0, "sellingAndMarketingExpenses": 0, "sellingGeneralAndAdministrativeExpenses": 1877000000, "otherExpenses": 62000000, "operatingExpenses": 1939000000, "costAndExpenses": 17545000000, "interestIncome": 21000000, "interestExpense": 189000000, "depreciationAndAmortization": 877000000, "ebitda": 2500000000, "ebitdaratio": 0.1284950658, "operatingIncome": 1623000000, "operatingIncomeRatio": 0.0834189967, "totalOtherIncomeExpensesNet": -168000000, "incomeBeforeTax": 1455000000, "incomeBeforeTaxRatio": 0.0747841283, "incomeTaxExpense": 384000000, "netIncome": 1075000000, "netIncomeRatio": 0.0552528783, "eps": 17.15, "epsdiluted": 16.98, "weightedAverageShsOut": 62700000, "weightedAverageShsOutDil": 63300000, "link": "https://www.sec.gov/Archives/edgar/data/106640/000010664021000022/0000106640-21-000022-index.htm", "finalLink": "https://www.sec.gov/Archives/edgar/data/106640/000010664021000022/whr-20201231.htm", "calculatedOtherExpenses": -105000000, "calculatedOperatingExpenses": 2227000000, "calculatedNetInterest": -168000000, "calculatedOtherIncome": 0, "calculatedIncomeNonControlling": -4000000, "calculatedEbitda": 2500000000}, {"date": "2019-12-31", "symbol": "WHR", "reportedCurrency": "USD", "cik": "0000106640", "fillingDate": "2020-02-11", "acceptedDate": "2020-02-11 12:47:42", "calendarYear": "2019", "period": "FY", "revenue": 20419000000, "costOfRevenue": 16886000000, "grossProfit": 3533000000, "grossProfitRatio": 0.1730251237, "researchAndDevelopmentExpenses": 541000000, "generalAndAdministrativeExpenses": 0, "sellingAndMarketingExpenses": 0, "sellingGeneralAndAdministrativeExpenses": 2142000000, "otherExpenses": 69000000, "operatingExpenses": 2211000000, "costAndExpenses": 19097000000, "interestIncome": 168000000, "interestExpense": 187000000, "depreciationAndAmortization": 506000000, "ebitda": 2077000000, "ebitdaratio": 0.1017189872, "operatingIncome": 1571000000, "operatingIncomeRatio": 0.0769381458, "totalOtherIncomeExpensesNet": -19000000, "incomeBeforeTax": 1552000000, "incomeBeforeTaxRatio": 0.0760076399, "incomeTaxExpense": 354000000, "netIncome": 1184000000, "netIncomeRatio": 0.0579852099, "eps": 18.59, "epsdiluted": 18.44, "weightedAverageShsOut": 63700000, "weightedAverageShsOutDil": 64200000, "link": "https://www.sec.gov/Archives/edgar/data/106640/000010664020000017/0000106640-20-000017-index.htm", "finalLink": "https://www.sec.gov/Archives/edgar/data/106640/000010664020000017/whr-1231201910xk.htm", "calculatedOtherExpenses": -721000000, "calculatedOperatingExpenses": 1962000000, "calculatedNetInterest": -19000000, "calculatedOtherIncome": 0, "calculatedIncomeNonControlling": 14000000, "calculatedEbitda": 2077000000}, {"date": "2018-12-31", "symbol": "WHR", "reportedCurrency": "USD", "cik": "0000106640", "fillingDate": "2019-02-12", "acceptedDate": "2019-02-12 15:10:12", "calendarYear": "2018", "period": "FY", "revenue": 21037000000, "costOfRevenue": 17500000000, "grossProfit": 3537000000, "grossProfitRatio": 0.1681323383, "researchAndDevelopmentExpenses": 572000000, "generalAndAdministrativeExpenses": 2189000000, "sellingAndMarketingExpenses": 0, "sellingGeneralAndAdministrativeExpenses": 2189000000, "otherExpenses": 75000000, "operatingExpenses": 2264000000, "costAndExpenses": 19764000000, "interestIncome": -108000000, "interestExpense": 300000000, "depreciationAndAmortization": 645000000, "ebitda": 1918000000, "ebitdaratio": 0.0911726957, "operatingIncome": 279000000, "operatingIncomeRatio": 0.0132623473, "totalOtherIncomeExpensesNet": -994000000, "incomeBeforeTax": -21000000, "incomeBeforeTaxRatio": -0.0009982412, "incomeTaxExpense": 138000000, "netIncome": -183000000, "netIncomeRatio": -0.008698959, "eps": -2.72, "epsdiluted": -2.72, "weightedAverageShsOut": 67200000, "weightedAverageShsOutDil": 67200000, "link": "https://www.sec.gov/Archives/edgar/data/106640/000010664019000016/0000106640-19-000016-index.htm", "finalLink": "https://www.sec.gov/Archives/edgar/data/106640/000010664019000016/whr-1231201810xk.htm", "calculatedOtherExpenses": 497000000, "calculatedOperatingExpenses": 3258000000, "calculatedNetInterest": -408000000, "calculatedOtherIncome": 108000000, "calculatedIncomeNonControlling": 24000000, "calculatedEbitda": 924000000}, {"date": "2017-12-31", "symbol": "WHR", "reportedCurrency": "USD", "cik": "0000106640", "fillingDate": "2018-02-13", "acceptedDate": "2018-02-13 17:28:37", "calendarYear": "2017", "period": "FY", "revenue": 21253000000, "costOfRevenue": 17651000000, "grossProfit": 3602000000, "grossProfitRatio": 0.1694819555, "researchAndDevelopmentExpenses": 596000000, "generalAndAdministrativeExpenses": 2112000000, "sellingAndMarketingExpenses": 0, "sellingGeneralAndAdministrativeExpenses": 2112000000, "otherExpenses": 79000000, "operatingExpenses": 2191000000, "costAndExpenses": 19842000000, "interestIncome": 0, "interestExpense": 249000000, "depreciationAndAmortization": 654000000, "ebitda": 2065000000, "ebitdaratio": 0.0971627535, "operatingIncome": 1136000000, "operatingIncomeRatio": 0.0534512775, "totalOtherIncomeExpensesNet": -275000000, "incomeBeforeTax": 887000000, "incomeBeforeTaxRatio": 0.0417352844, "incomeTaxExpense": 550000000, "netIncome": 350000000, "netIncomeRatio": 0.0164682633, "eps": 4.78, "epsdiluted": 4.7, "weightedAverageShsOut": 73300000, "weightedAverageShsOutDil": 74400000, "link": "https://www.sec.gov/Archives/edgar/data/106640/000010664018000019/0000106640-18-000019-index.htm", "finalLink": "https://www.sec.gov/Archives/edgar/data/106640/000010664018000019/whr-1231201710xk.htm", "calculatedOtherExpenses": -242000000, "calculatedOperatingExpenses": 2466000000, "calculatedNetInterest": -249000000, "calculatedOtherIncome": 0, "calculatedIncomeNonControlling": -13000000, "calculatedEbitda": 1790000000}, {"date": "2016-12-31", "symbol": "WHR", "reportedCurrency": "USD", "cik": "0000106640", "fillingDate": "2017-02-13", "acceptedDate": "2017-02-13 06:28:33", "calendarYear": "2016", "period": "FY", "revenue": 20718000000, "costOfRevenue": 17036000000, "grossProfit": 3682000000, "grossProfitRatio": 0.1777198571, "researchAndDevelopmentExpenses": 604000000, "generalAndAdministrativeExpenses": 2084000000, "sellingAndMarketingExpenses": 0, "sellingGeneralAndAdministrativeExpenses": 2084000000, "otherExpenses": 71000000, "operatingExpenses": 2155000000, "costAndExpenses": 19191000000, "interestIncome": 0, "interestExpense": 240000000, "depreciationAndAmortization": 655000000, "ebitda": 2182000000, "ebitdaratio": 0.1053190462, "operatingIncome": 1354000000, "operatingIncomeRatio": 0.0653537986, "totalOtherIncomeExpensesNet": -173000000, "incomeBeforeTax": 1114000000, "incomeBeforeTaxRatio": 0.0537696689, "incomeTaxExpense": 186000000, "netIncome": 888000000, "netIncomeRatio": 0.04286128, "eps": 11.67, "epsdiluted": 11.5, "weightedAverageShsOut": 76100000, "weightedAverageShsOutDil": 77200000, "link": "https://www.sec.gov/Archives/edgar/data/106640/000010664017000013/0000106640-17-000013-index.htm", "finalLink": "https://www.sec.gov/Archives/edgar/data/106640/000010664017000013/whr-1231201610xk.htm", "calculatedOtherExpenses": -360000000, "calculatedOperatingExpenses": 2328000000, "calculatedNetInterest": -240000000, "calculatedOtherIncome": 0, "calculatedIncomeNonControlling": 40000000, "calculatedEbitda": 2009000000}, {"date": "2015-12-31", "symbol": "WHR", "reportedCurrency": "USD", "cik": "0000106640", "fillingDate": "2016-02-16", "acceptedDate": "2016-02-16 16:59:25", "calendarYear": "2015", "period": "FY", "revenue": 20891000000, "costOfRevenue": 17201000000, "grossProfit": 3690000000, "grossProfitRatio": 0.1766310852, "researchAndDevelopmentExpenses": 579000000, "generalAndAdministrativeExpenses": 2130000000, "sellingAndMarketingExpenses": 0, "sellingGeneralAndAdministrativeExpenses": 2130000000, "otherExpenses": 74000000, "operatingExpenses": 2204000000, "costAndExpenses": 19405000000, "interestIncome": 0, "interestExpense": 254000000, "depreciationAndAmortization": 668000000, "ebitda": 2154000000, "ebitdaratio": 0.1031066009, "operatingIncome": 1285000000, "operatingIncomeRatio": 0.061509741, "totalOtherIncomeExpensesNet": -201000000, "incomeBeforeTax": 1031000000, "incomeBeforeTaxRatio": 0.0493513953, "incomeTaxExpense": 209000000, "netIncome": 783000000, "netIncomeRatio": 0.0374802547, "eps": 9.95, "epsdiluted": 9.83, "weightedAverageShsOut": 78700000, "weightedAverageShsOutDil": 79700000, "link": "https://www.sec.gov/Archives/edgar/data/106640/000010664016000068/0000106640-16-000068-index.htm", "finalLink": "https://www.sec.gov/Archives/edgar/data/106640/000010664016000068/whr-1231201510xk.htm", "calculatedOtherExpenses": -304000000, "calculatedOperatingExpenses": 2405000000, "calculatedNetInterest": -254000000, "calculatedOtherIncome": 0, "calculatedIncomeNonControlling": 39000000, "calculatedEbitda": 1953000000}, {"date": "2014-12-31", "symbol": "WHR", "reportedCurrency": "USD", "cik": "0000106640", "fillingDate": "2015-02-26", "acceptedDate": "2015-02-26 07:04:32", "calendarYear": "2014", "period": "FY", "revenue": 19872000000, "costOfRevenue": 16477000000, "grossProfit": 3395000000, "grossProfitRatio": 0.1708433977, "researchAndDevelopmentExpenses": 563000000, "generalAndAdministrativeExpenses": 2038000000, "sellingAndMarketingExpenses": 0, "sellingGeneralAndAdministrativeExpenses": 2038000000, "otherExpenses": 33000000, "operatingExpenses": 2071000000, "costAndExpenses": 18548000000, "interestIncome": 0, "interestExpense": 307000000, "depreciationAndAmortization": 560000000, "ebitda": 1884000000, "ebitdaratio": 0.0948067633, "operatingIncome": 1188000000, "operatingIncomeRatio": 0.0597826087, "totalOtherIncomeExpensesNet": -136000000, "incomeBeforeTax": 881000000, "incomeBeforeTaxRatio": 0.0443337359, "incomeTaxExpense": 189000000, "netIncome": 650000000, "netIncomeRatio": 0.0327093398, "eps": 8.3, "epsdiluted": 8.17, "weightedAverageShsOut": 78300000, "weightedAverageShsOutDil": 79600000, "link": "https://www.sec.gov/Archives/edgar/data/106640/000010664015000014/0000106640-15-000014-index.htm", "finalLink": "https://www.sec.gov/Archives/edgar/data/106640/000010664015000014/whr-1231201410xk.htm", "calculatedOtherExpenses": -394000000, "calculatedOperatingExpenses": 2207000000, "calculatedNetInterest": -307000000, "calculatedOtherIncome": 0, "calculatedIncomeNonControlling": 42000000, "calculatedEbitda": 1748000000}, {"date": "2013-12-31", "symbol": "WHR", "reportedCurrency": "USD", "cik": "0000106640", "fillingDate": "2014-02-18", "acceptedDate": "2014-02-18 14:40:07", "calendarYear": "2013", "period": "FY", "revenue": 18769000000, "costOfRevenue": 15471000000, "grossProfit": 3298000000, "grossProfitRatio": 0.1757152752, "researchAndDevelopmentExpenses": 582000000, "generalAndAdministrativeExpenses": 1828000000, "sellingAndMarketingExpenses": 0, "sellingGeneralAndAdministrativeExpenses": 1828000000, "otherExpenses": 25000000, "operatingExpenses": 1853000000, "costAndExpenses": 17324000000, "interestIncome": 0, "interestExpense": 332000000, "depreciationAndAmortization": 540000000, "ebitda": 1985000000, "ebitdaratio": 0.105759497, "operatingIncome": 1249000000, "operatingIncomeRatio": 0.0665459002, "totalOtherIncomeExpensesNet": -196000000, "incomeBeforeTax": 917000000, "incomeBeforeTaxRatio": 0.0488571581, "incomeTaxExpense": 68000000, "netIncome": 827000000, "netIncomeRatio": 0.0440620172, "eps": 10.42, "epsdiluted": 10.24, "weightedAverageShsOut": 79300000, "weightedAverageShsOutDil": 80800000, "link": "https://www.sec.gov/Archives/edgar/data/106640/000010664014000008/0000106640-14-000008-index.htm", "finalLink": "https://www.sec.gov/Archives/edgar/data/106640/000010664014000008/whr12312013-10xk.htm", "calculatedOtherExpenses": -361000000, "calculatedOperatingExpenses": 2049000000, "calculatedNetInterest": -332000000, "calculatedOtherIncome": 0, "calculatedIncomeNonControlling": 22000000, "calculatedEbitda": 1789000000}, {"date": "2012-12-31", "symbol": "WHR", "reportedCurrency": "USD", "cik": "0000106640", "fillingDate": "2013-02-19", "acceptedDate": "2013-02-19 16:39:18", "calendarYear": "2012", "period": "FY", "revenue": 18143000000, "costOfRevenue": 15250000000, "grossProfit": 2893000000, "grossProfitRatio": 0.1594554374, "researchAndDevelopmentExpenses": 553000000, "generalAndAdministrativeExpenses": 1757000000, "sellingAndMarketingExpenses": 0, "sellingGeneralAndAdministrativeExpenses": 1757000000, "otherExpenses": 30000000, "operatingExpenses": 1787000000, "costAndExpenses": 17037000000, "interestIncome": 0, "interestExpense": 311000000, "depreciationAndAmortization": 551000000, "ebitda": 1657000000, "ebitdaratio": 0.0913299895, "operatingIncome": 869000000, "operatingIncomeRatio": 0.0478972607, "totalOtherIncomeExpensesNet": -237000000, "incomeBeforeTax": 558000000, "incomeBeforeTaxRatio": 0.0307556633, "incomeTaxExpense": 133000000, "netIncome": 401000000, "netIncomeRatio": 0.0221021882, "eps": 5.14, "epsdiluted": 5.06, "weightedAverageShsOut": 78100000, "weightedAverageShsOutDil": 79300000, "link": "https://www.sec.gov/Archives/edgar/data/106640/000010664013000009/0000106640-13-000009-index.htm", "finalLink": "https://www.sec.gov/Archives/edgar/data/106640/000010664013000009/whr12312012-10xk.htm", "calculatedOtherExpenses": -286000000, "calculatedOperatingExpenses": 2024000000, "calculatedNetInterest": -311000000, "calculatedOtherIncome": 0, "calculatedIncomeNonControlling": 24000000, "calculatedEbitda": 1420000000}, {"date": "2011-12-31", "symbol": "WHR", "reportedCurrency": "USD", "cik": "0000106640", "fillingDate": "2012-02-22", "acceptedDate": "2012-02-22 11:26:36", "calendarYear": "2011", "period": "FY", "revenue": 18666000000, "costOfRevenue": 16089000000, "grossProfit": 2577000000, "grossProfitRatio": 0.1380585021, "researchAndDevelopmentExpenses": 0, "generalAndAdministrativeExpenses": 1621000000, "sellingAndMarketingExpenses": 0, "sellingGeneralAndAdministrativeExpenses": 1621000000, "otherExpenses": 28000000, "operatingExpenses": 1649000000, "costAndExpenses": 17738000000, "interestIncome": 0, "interestExpense": 820000000, "depreciationAndAmortization": 558000000, "ebitda": 1486000000, "ebitdaratio": 0.0796099861, "operatingIncome": 792000000, "operatingIncomeRatio": 0.0424300868, "totalOtherIncomeExpensesNet": -136000000, "incomeBeforeTax": -28000000, "incomeBeforeTaxRatio": -0.0015000536, "incomeTaxExpense": -436000000, "netIncome": 390000000, "netIncomeRatio": 0.0208936033, "eps": 5.07, "epsdiluted": 4.99, "weightedAverageShsOut": 76800000, "weightedAverageShsOutDil": 78100000, "link": "https://www.sec.gov/Archives/edgar/data/106640/000010664012000006/0000106640-12-000006-index.htm", "finalLink": "https://www.sec.gov/Archives/edgar/data/106640/000010664012000006/whr12312011-10xk.htm", "calculatedOtherExpenses": 164000000, "calculatedOperatingExpenses": 1785000000, "calculatedNetInterest": -820000000, "calculatedOtherIncome": 0, "calculatedIncomeNonControlling": 18000000, "calculatedEbitda": 1350000000}, {"date": "2010-12-31", "symbol": "WHR", "reportedCurrency": "USD", "cik": "0000106640", "fillingDate": "2011-02-14", "acceptedDate": "2011-02-14 19:20:31", "calendarYear": "2010", "period": "FY", "revenue": 18366000000, "costOfRevenue": 15652000000, "grossProfit": 2714000000, "grossProfitRatio": 0.1477730589, "researchAndDevelopmentExpenses": 0, "generalAndAdministrativeExpenses": 1604000000, "sellingAndMarketingExpenses": 0, "sellingGeneralAndAdministrativeExpenses": 1604000000, "otherExpenses": 28000000, "operatingExpenses": 1632000000, "costAndExpenses": 17284000000, "interestIncome": 0, "interestExpense": 225000000, "depreciationAndAmortization": 555000000, "ebitda": 1637000000, "ebitdaratio": 0.0891320919, "operatingIncome": 1008000000, "operatingIncomeRatio": 0.0548840248, "totalOtherIncomeExpensesNet": -271000000, "incomeBeforeTax": 586000000, "incomeBeforeTaxRatio": 0.0319067843, "incomeTaxExpense": -64000000, "netIncome": 619000000, "netIncomeRatio": 0.0337035827, "eps": 8.12, "epsdiluted": 7.97, "weightedAverageShsOut": 76200000, "weightedAverageShsOutDil": 77600000, "link": "https://www.sec.gov/Archives/edgar/data/106640/000119312511035529/0001193125-11-035529-index.htm", "finalLink": "https://www.sec.gov/Archives/edgar/data/106640/000119312511035529/d10k.htm", "calculatedOtherExpenses": 102000000, "calculatedOperatingExpenses": 1706000000, "calculatedNetInterest": -225000000, "calculatedOtherIncome": -197000000, "calculatedIncomeNonControlling": 31000000, "calculatedEbitda": 1563000000}, {"date": "2009-12-31", "symbol": "WHR", "reportedCurrency": "USD", "cik": "0000106640", "fillingDate": "2010-02-17", "acceptedDate": "2010-02-17 16:03:51", "calendarYear": "2009", "period": "FY", "revenue": 17099000000, "costOfRevenue": 14713000000, "grossProfit": 2386000000, "grossProfitRatio": 0.139540324, "researchAndDevelopmentExpenses": 0, "generalAndAdministrativeExpenses": 1544000000, "sellingAndMarketingExpenses": 0, "sellingGeneralAndAdministrativeExpenses": 1544000000, "otherExpenses": 28000000, "operatingExpenses": 1572000000, "costAndExpenses": 16285000000, "interestIncome": 175000000, "interestExpense": 219000000, "depreciationAndAmortization": 525000000, "ebitda": 1164000000, "ebitdaratio": 0.0680741564, "operatingIncome": 688000000, "operatingIncomeRatio": 0.0402362711, "totalOtherIncomeExpensesNet": -126000000, "incomeBeforeTax": 294000000, "incomeBeforeTaxRatio": 0.017193988, "incomeTaxExpense": -61000000, "netIncome": 328000000, "netIncomeRatio": 0.0191824083, "eps": 4.39, "epsdiluted": 4.34, "weightedAverageShsOut": 74600000, "weightedAverageShsOutDil": 75600000, "link": "https://www.sec.gov/Archives/edgar/data/106640/000119312510033211/0001193125-10-033211-index.htm", "finalLink": "https://www.sec.gov/Archives/edgar/data/106640/000119312510033211/d10k.htm", "calculatedOtherExpenses": 154000000, "calculatedOperatingExpenses": 1698000000, "calculatedNetInterest": -44000000, "calculatedOtherIncome": -350000000, "calculatedIncomeNonControlling": 27000000, "calculatedEbitda": 1213000000}, {"date": "2008-12-31", "symbol": "WHR", "reportedCurrency": "USD", "cik": "0000106640", "fillingDate": "2009-02-19", "acceptedDate": "2009-02-19 12:52:32", "calendarYear": "2008", "period": "FY", "revenue": 18907000000, "costOfRevenue": 16383000000, "grossProfit": 2524000000, "grossProfitRatio": 0.1334955308, "researchAndDevelopmentExpenses": 0, "generalAndAdministrativeExpenses": 1798000000, "sellingAndMarketingExpenses": 0, "sellingGeneralAndAdministrativeExpenses": 1798000000, "otherExpenses": 28000000, "operatingExpenses": 1826000000, "costAndExpenses": 18209000000, "interestIncome": 0, "interestExpense": 203000000, "depreciationAndAmortization": 28000000, "ebitda": 626000000, "ebitdaratio": 0.0331094304, "operatingIncome": 549000000, "operatingIncomeRatio": 0.0290368647, "totalOtherIncomeExpensesNet": -149000000, "incomeBeforeTax": 246000000, "incomeBeforeTaxRatio": 0.0130110541, "incomeTaxExpense": -201000000, "netIncome": 418000000, "netIncomeRatio": 0.0221082139, "eps": 5.57, "epsdiluted": 5.5, "weightedAverageShsOut": 75100000, "weightedAverageShsOutDil": 76000000, "link": "https://www.sec.gov/Archives/edgar/data/106640/000119312509032852/0001193125-09-032852-index.htm", "finalLink": "https://www.sec.gov/Archives/edgar/data/106640/000119312509032852/d10k.htm", "calculatedOtherExpenses": 177000000, "calculatedOperatingExpenses": 1975000000, "calculatedNetInterest": -203000000, "calculatedOtherIncome": -100000000, "calculatedIncomeNonControlling": 29000000, "calculatedEbitda": 577000000}, {"date": "2007-12-31", "symbol": "WHR", "reportedCurrency": "USD", "cik": "0000106640", "fillingDate": "2008-02-22", "acceptedDate": "2008-02-22 15:46:30", "calendarYear": "2007", "period": "FY", "revenue": 19408000000, "costOfRevenue": 16517000000, "grossProfit": 2891000000, "grossProfitRatio": 0.1489591921, "researchAndDevelopmentExpenses": 0, "generalAndAdministrativeExpenses": 1736000000, "sellingAndMarketingExpenses": 0, "sellingGeneralAndAdministrativeExpenses": 1736000000, "otherExpenses": 31000000, "operatingExpenses": 1767000000, "costAndExpenses": 18284000000, "interestIncome": 0, "interestExpense": 0, "depreciationAndAmortization": 593000000, "ebitda": 1771000000, "ebitdaratio": 0.0912510305, "operatingIncome": 1063000000, "operatingIncomeRatio": 0.0547712284, "totalOtherIncomeExpensesNet": -72000000, "incomeBeforeTax": 804000000, "incomeBeforeTaxRatio": 0.041426216, "incomeTaxExpense": 117000000, "netIncome": 640000000, "netIncomeRatio": 0.0329760923, "eps": 8.15, "epsdiluted": 8.01, "weightedAverageShsOut": 78500000, "weightedAverageShsOutDil": 79900000, "link": "https://www.sec.gov/Archives/edgar/data/106640/000119312508036294/0001193125-08-036294-index.htm", "finalLink": "https://www.sec.gov/Archives/edgar/data/106640/000119312508036294/d10k.htm", "calculatedOtherExpenses": 92000000, "calculatedOperatingExpenses": 1828000000, "calculatedNetInterest": 0, "calculatedOtherIncome": -259000000, "calculatedIncomeNonControlling": 47000000, "calculatedEbitda": 1656000000}, {"date": "2006-12-31", "symbol": "WHR", "reportedCurrency": "USD", "cik": "0000106640", "fillingDate": "2007-02-28", "acceptedDate": "2007-02-28 17:06:11", "calendarYear": "2006", "period": "FY", "revenue": 18080000000, "costOfRevenue": 15420000000, "grossProfit": 2660000000, "grossProfitRatio": 0.1471238938, "researchAndDevelopmentExpenses": 0, "generalAndAdministrativeExpenses": 1752000000, "sellingAndMarketingExpenses": 0, "sellingGeneralAndAdministrativeExpenses": 1752000000, "otherExpenses": 30000000, "operatingExpenses": 1782000000, "costAndExpenses": 17202000000, "interestIncome": 0, "interestExpense": 0, "depreciationAndAmortization": 550000000, "ebitda": 1483000000, "ebitdaratio": 0.0820243363, "operatingIncome": 823000000, "operatingIncomeRatio": 0.0455199115, "totalOtherIncomeExpensesNet": -54000000, "incomeBeforeTax": 619000000, "incomeBeforeTaxRatio": 0.0342367257, "incomeTaxExpense": 126000000, "netIncome": 433000000, "netIncomeRatio": 0.023949115, "eps": 5.76, "epsdiluted": 5.67, "weightedAverageShsOut": 75100000, "weightedAverageShsOutDil": 76500000, "link": "https://www.sec.gov/Archives/edgar/data/106640/000119312507042772/0001193125-07-042772-index.htm", "finalLink": "https://www.sec.gov/Archives/edgar/data/106640/000119312507042772/d10k.htm", "calculatedOtherExpenses": 85000000, "calculatedOperatingExpenses": 1837000000, "calculatedNetInterest": 0, "calculatedOtherIncome": -204000000, "calculatedIncomeNonControlling": 60000000, "calculatedEbitda": 1373000000}, {"date": "2005-12-31", "symbol": "WHR", "reportedCurrency": "USD", "cik": "0000106640", "fillingDate": "2006-03-01", "acceptedDate": "2006-03-01 16:49:45", "calendarYear": "2005", "period": "FY", "revenue": 14317000000, "costOfRevenue": 11269000000, "grossProfit": 3048000000, "grossProfitRatio": 0.2128937627, "researchAndDevelopmentExpenses": 0, "generalAndAdministrativeExpenses": 2199000000, "sellingAndMarketingExpenses": 0, "sellingGeneralAndAdministrativeExpenses": 2199000000, "otherExpenses": 0, "operatingExpenses": 2199000000, "costAndExpenses": 13468000000, "interestIncome": 0, "interestExpense": 0, "depreciationAndAmortization": 442000000, "ebitda": 1348000000, "ebitdaratio": 0.0941538032, "operatingIncome": 792000000, "operatingIncomeRatio": 0.0553188517, "totalOtherIncomeExpensesNet": -56000000, "incomeBeforeTax": 597000000, "incomeBeforeTaxRatio": 0.0416986799, "incomeTaxExpense": 171000000, "netIncome": 422000000, "netIncomeRatio": 0.0294754488, "eps": 6.3, "epsdiluted": 6.19, "weightedAverageShsOut": 67100000, "weightedAverageShsOutDil": 68300000, "link": "https://www.sec.gov/Archives/edgar/data/106640/000104746906002674/0001047469-06-002674-index.htm", "finalLink": "https://www.sec.gov/Archives/edgar/data/106640/000104746906002674/a2167791z10-k.htm", "calculatedOtherExpenses": 57000000, "calculatedOperatingExpenses": 2256000000, "calculatedNetInterest": 0, "calculatedOtherIncome": -195000000, "calculatedIncomeNonControlling": 4000000, "calculatedEbitda": 1234000000}, {"date": "2004-12-31", "symbol": "WHR", "reportedCurrency": "USD", "cik": "0000106640", "fillingDate": "2005-03-04", "acceptedDate": "2005-03-04 12:39:40", "calendarYear": "2004", "period": "FY", "revenue": 13220000000, "costOfRevenue": 10358000000, "grossProfit": 2862000000, "grossProfitRatio": 0.2164901664, "researchAndDevelopmentExpenses": 0, "generalAndAdministrativeExpenses": 2087000000, "sellingAndMarketingExpenses": 0, "sellingGeneralAndAdministrativeExpenses": 2087000000, "otherExpenses": 2000000, "operatingExpenses": 2089000000, "costAndExpenses": 12447000000, "interestIncome": 0, "interestExpense": 0, "depreciationAndAmortization": 445000000, "ebitda": 1233000000, "ebitdaratio": 0.0932677761, "operatingIncome": 758000000, "operatingIncomeRatio": 0.0573373676, "totalOtherIncomeExpensesNet": -16000000, "incomeBeforeTax": 616000000, "incomeBeforeTaxRatio": 0.0465960666, "incomeTaxExpense": 209000000, "netIncome": 406000000, "netIncomeRatio": 0.0307110439, "eps": 6.02, "epsdiluted": 5.9, "weightedAverageShsOut": 67400000, "weightedAverageShsOutDil": 68900000, "link": "https://www.sec.gov/Archives/edgar/data/106640/000119312505042422/0001193125-05-042422-index.htm", "finalLink": "https://www.sec.gov/Archives/edgar/data/106640/000119312505042422/d10k.htm", "calculatedOtherExpenses": 17000000, "calculatedOperatingExpenses": 2104000000, "calculatedNetInterest": 0, "calculatedOtherIncome": -142000000, "calculatedIncomeNonControlling": 1000000, "calculatedEbitda": 1203000000}, {"date": "2003-12-31", "symbol": "WHR", "reportedCurrency": "USD", "cik": "0000106640", "fillingDate": "2004-03-12", "acceptedDate": "2004-03-12 13:26:14", "calendarYear": "2003", "period": "FY", "revenue": 12176000000, "costOfRevenue": 9407000000, "grossProfit": 2769000000, "grossProfitRatio": 0.2274145861, "researchAndDevelopmentExpenses": 0, "generalAndAdministrativeExpenses": 1932000000, "sellingAndMarketingExpenses": 0, "sellingGeneralAndAdministrativeExpenses": 1932000000, "otherExpenses": 4000000, "operatingExpenses": 1936000000, "costAndExpenses": 11343000000, "interestIncome": 0, "interestExpense": 0, "depreciationAndAmortization": 427000000, "ebitda": 1304000000, "ebitdaratio": 0.1070959264, "operatingIncome": 830000000, "operatingIncomeRatio": 0.0681668857, "totalOtherIncomeExpensesNet": -44000000, "incomeBeforeTax": 642000000, "incomeBeforeTaxRatio": 0.0527266754, "incomeTaxExpense": 228000000, "netIncome": 414000000, "netIncomeRatio": 0.0340013141, "eps": 6.03, "epsdiluted": 5.91, "weightedAverageShsOut": 68700000, "weightedAverageShsOutDil": 70100000, "link": "https://www.sec.gov/Archives/edgar/data/106640/000119312504040222/0001193125-04-040222-index.htm", "finalLink": "https://www.sec.gov/Archives/edgar/data/106640/000119312504040222/d10k.htm", "calculatedOtherExpenses": 7000000, "calculatedOperatingExpenses": 1939000000, "calculatedNetInterest": 0, "calculatedOtherIncome": -188000000, "calculatedIncomeNonControlling": 0, "calculatedEbitda": 1257000000}, {"date": "2002-12-31", "symbol": "WHR", "reportedCurrency": "USD", "cik": "0000106640", "fillingDate": "2003-03-14", "acceptedDate": "2003-03-14 09:41:46", "calendarYear": "2002", "period": "FY", "revenue": 11016000000, "costOfRevenue": 8464000000, "grossProfit": 2552000000, "grossProfitRatio": 0.2316630356, "researchAndDevelopmentExpenses": 0, "generalAndAdministrativeExpenses": 1736000000, "sellingAndMarketingExpenses": 0, "sellingGeneralAndAdministrativeExpenses": 1736000000, "otherExpenses": 23000000, "operatingExpenses": 1759000000, "costAndExpenses": 10223000000, "interestIncome": 0, "interestExpense": 0, "depreciationAndAmortization": 405000000, "ebitda": 1362000000, "ebitdaratio": 0.1236383442, "operatingIncome": 692000000, "operatingIncomeRatio": 0.0628177197, "totalOtherIncomeExpensesNet": -191000000, "incomeBeforeTax": 455000000, "incomeBeforeTaxRatio": 0.0413035585, "incomeTaxExpense": 193000000, "netIncome": -394000000, "netIncomeRatio": -0.0357661583, "eps": -5.8, "epsdiluted": -5.69, "weightedAverageShsOut": 67900000, "weightedAverageShsOutDil": 69300000, "link": "https://www.sec.gov/Archives/edgar/data/106640/000095013103001354/0000950131-03-001354-index.htm", "finalLink": "https://www.sec.gov/Archives/edgar/data/106640/000095013103001354/d10k.htm", "calculatedOtherExpenses": 124000000, "calculatedOperatingExpenses": 1860000000, "calculatedNetInterest": 0, "calculatedOtherIncome": -237000000, "calculatedIncomeNonControlling": 656000000, "calculatedEbitda": 1097000000}, {"date": "2001-12-31", "symbol": "WHR", "reportedCurrency": "USD", "cik": "0000106640", "fillingDate": "2002-03-05", "acceptedDate": "2002-03-05 00:00:00", "calendarYear": "2001", "period": "FY", "revenue": 10343000000, "costOfRevenue": 7925000000, "grossProfit": 2418000000, "grossProfitRatio": 0.2337813014, "researchAndDevelopmentExpenses": 0, "generalAndAdministrativeExpenses": 1639000000, "sellingAndMarketingExpenses": 0, "sellingGeneralAndAdministrativeExpenses": 1639000000, "otherExpenses": 323000000, "operatingExpenses": 1962000000, "costAndExpenses": 9887000000, "interestIncome": 0, "interestExpense": 0, "depreciationAndAmortization": 396000000, "ebitda": 1348000000, "ebitdaratio": 0.1303296916, "operatingIncome": 306000000, "operatingIncomeRatio": 0.0295852267, "totalOtherIncomeExpensesNet": -500000000, "incomeBeforeTax": 77000000, "incomeBeforeTaxRatio": 0.0074446486, "incomeTaxExpense": 43000000, "netIncome": 21000000, "netIncomeRatio": 0.0020303587, "eps": 0.31, "epsdiluted": 0.31, "weightedAverageShsOut": 66700000, "weightedAverageShsOutDil": 68000000, "link": "https://www.sec.gov/Archives/edgar/data/106640/000095013102000774/0000950131-02-000774-index.htm", "finalLink": "https://www.sec.gov/Archives/edgar/data/106640/000095013102000774/d10k405.txt", "calculatedOtherExpenses": 473000000, "calculatedOperatingExpenses": 2112000000, "calculatedNetInterest": 0, "calculatedOtherIncome": -229000000, "calculatedIncomeNonControlling": 13000000, "calculatedEbitda": 702000000}, {"date": "2000-12-31", "symbol": "WHR", "reportedCurrency": "USD", "cik": "0000106640", "fillingDate": "2001-03-16", "acceptedDate": "2001-03-16 00:00:00", "calendarYear": "2000", "period": "FY", "revenue": 10325000000, "costOfRevenue": 7467000000, "grossProfit": 2858000000, "grossProfitRatio": 0.2768038741, "researchAndDevelopmentExpenses": 0, "generalAndAdministrativeExpenses": 1651000000, "sellingAndMarketingExpenses": 0, "sellingGeneralAndAdministrativeExpenses": 1651000000, "otherExpenses": 400000000, "operatingExpenses": 2051000000, "costAndExpenses": 9518000000, "interestIncome": 0, "interestExpense": 0, "depreciationAndAmortization": 400000000, "ebitda": 1204000000, "ebitdaratio": 0.1166101695, "operatingIncome": 807000000, "operatingIncomeRatio": 0.0781598063, "totalOtherIncomeExpensesNet": 3000000, "incomeBeforeTax": 567000000, "incomeBeforeTaxRatio": 0.0549152542, "incomeTaxExpense": 200000000, "netIncome": 367000000, "netIncomeRatio": 0.0355447942, "eps": 5.24, "epsdiluted": 5.2, "weightedAverageShsOut": 70200000, "weightedAverageShsOutDil": 70600000, "link": "https://www.sec.gov/Archives/edgar/data/106640/000095013101500133/0000950131-01-500133-index.htm", "finalLink": "https://www.sec.gov/Archives/edgar/data/106640/000095013101500133/d10k405.txt", "calculatedOtherExpenses": 400000000, "calculatedOperatingExpenses": 2051000000, "calculatedNetInterest": 0, "calculatedOtherIncome": -240000000, "calculatedIncomeNonControlling": 0, "calculatedEbitda": 1207000000}, {"date": "1999-12-31", "symbol": "WHR", "reportedCurrency": "USD", "cik": "0000106640", "fillingDate": "2000-03-20", "acceptedDate": "2000-03-20 00:00:00", "calendarYear": "1999", "period": "FY", "revenue": 10511000000, "costOfRevenue": 7466000000, "grossProfit": 3045000000, "grossProfitRatio": 0.2896965084, "researchAndDevelopmentExpenses": 0, "generalAndAdministrativeExpenses": 1753000000, "sellingAndMarketingExpenses": 0, "sellingGeneralAndAdministrativeExpenses": 1753000000, "otherExpenses": 417000000, "operatingExpenses": 2170000000, "costAndExpenses": 9636000000, "interestIncome": 0, "interestExpense": 0, "depreciationAndAmortization": 417000000, "ebitda": 1296000000, "ebitdaratio": 0.1232994006, "operatingIncome": 875000000, "operatingIncomeRatio": 0.0832461231, "totalOtherIncomeExpensesNet": -4000000, "incomeBeforeTax": 544000000, "incomeBeforeTaxRatio": 0.051755304, "incomeTaxExpense": 197000000, "netIncome": 347000000, "netIncomeRatio": 0.033013034, "eps": 4.61, "epsdiluted": 4.56, "weightedAverageShsOut": 75200000, "weightedAverageShsOutDil": 76000000, "link": "https://www.sec.gov/Archives/edgar/data/106640/000095013100001841/0000950131-00-001841-index.html", "finalLink": "https://www.sec.gov/Archives/edgar/data/106640/000095013100001841/", "calculatedOtherExpenses": 417000000, "calculatedOperatingExpenses": 2170000000, "calculatedNetInterest": 0, "calculatedOtherIncome": -331000000, "calculatedIncomeNonControlling": 0, "calculatedEbitda": 1292000000}, {"date": "1998-12-31", "symbol": "WHR", "reportedCurrency": "USD", "cik": "0000106640", "fillingDate": "1999-03-22", "acceptedDate": "1999-03-22 00:00:00", "calendarYear": "1998", "period": "FY", "revenue": 10323000000, "costOfRevenue": 7406000000, "grossProfit": 2917000000, "grossProfitRatio": 0.2825728955, "researchAndDevelopmentExpenses": 0, "generalAndAdministrativeExpenses": 1791000000, "sellingAndMarketingExpenses": 0, "sellingGeneralAndAdministrativeExpenses": 1791000000, "otherExpenses": 438000000, "operatingExpenses": 2229000000, "costAndExpenses": 9635000000, "interestIncome": 0, "interestExpense": 0, "depreciationAndAmortization": 438000000, "ebitda": 989000000, "ebitdaratio": 0.0958054829, "operatingIncome": 688000000, "operatingIncomeRatio": 0.0666472925, "totalOtherIncomeExpensesNet": 137000000, "incomeBeforeTax": 519000000, "incomeBeforeTaxRatio": 0.0502760825, "incomeTaxExpense": 209000000, "netIncome": 325000000, "netIncomeRatio": 0.031483096, "eps": 4.29, "epsdiluted": 4.25, "weightedAverageShsOut": 75757576, "weightedAverageShsOutDil": 76470588, "link": "https://www.sec.gov/Archives/edgar/data/106640/000095013199001612/0000950131-99-001612-index.html", "finalLink": "https://www.sec.gov/Archives/edgar/data/106640/", "calculatedOtherExpenses": 438000000, "calculatedOperatingExpenses": 2229000000, "calculatedNetInterest": 0, "calculatedOtherIncome": -169000000, "calculatedIncomeNonControlling": -15000000, "calculatedEbitda": 1126000000}, {"date": "1997-12-31", "symbol": "WHR", "reportedCurrency": "USD", "cik": "0000106640", "fillingDate": "1998-03-20", "acceptedDate": "1998-03-20 00:00:00", "calendarYear": "1997", "period": "FY", "revenue": 8617000000, "costOfRevenue": 6282000000, "grossProfit": 2335000000, "grossProfitRatio": 0.2709759777, "researchAndDevelopmentExpenses": 0, "generalAndAdministrativeExpenses": 1625000000, "sellingAndMarketingExpenses": 0, "sellingGeneralAndAdministrativeExpenses": 1625000000, "otherExpenses": 356000000, "operatingExpenses": 1981000000, "costAndExpenses": 8263000000, "interestIncome": 0, "interestExpense": 0, "depreciationAndAmortization": 356000000, "ebitda": 1000000000, "ebitdaratio": 0.1160496693, "operatingIncome": 354000000, "operatingIncomeRatio": 0.0410815829, "totalOtherIncomeExpensesNet": -290000000, "incomeBeforeTax": -55000000, "incomeBeforeTaxRatio": -0.0063827318, "incomeTaxExpense": -9000000, "netIncome": -15000000, "netIncomeRatio": -0.001740745, "eps": -0.2, "epsdiluted": -0.2, "weightedAverageShsOut": 75000000, "weightedAverageShsOutDil": 75000000, "link": "https://www.sec.gov/Archives/edgar/data/106640/000095013198001851/0000950131-98-001851-index.html", "finalLink": "https://www.sec.gov/Archives/edgar/data/106640/", "calculatedOtherExpenses": 356000000, "calculatedOperatingExpenses": 1981000000, "calculatedNetInterest": 0, "calculatedOtherIncome": -409000000, "calculatedIncomeNonControlling": -31000000, "calculatedEbitda": 710000000}, {"date": "1996-12-31", "symbol": "WHR", "reportedCurrency": "USD", "cik": "0000106640", "fillingDate": "1997-03-21", "acceptedDate": "1997-03-21 00:00:00", "calendarYear": "1996", "period": "FY", "revenue": 8696000000, "costOfRevenue": 6305000000, "grossProfit": 2391000000, "grossProfitRatio": 0.2749540018, "researchAndDevelopmentExpenses": 0, "generalAndAdministrativeExpenses": 1637000000, "sellingAndMarketingExpenses": 0, "sellingGeneralAndAdministrativeExpenses": 1637000000, "otherExpenses": 353000000, "operatingExpenses": 1990000000, "costAndExpenses": 8295000000, "interestIncome": 0, "interestExpense": 0, "depreciationAndAmortization": 353000000, "ebitda": 767000000, "ebitdaratio": 0.0882014719, "operatingIncome": 401000000, "operatingIncomeRatio": 0.0461131555, "totalOtherIncomeExpensesNet": -13000000, "incomeBeforeTax": 237000000, "incomeBeforeTaxRatio": 0.0272539098, "incomeTaxExpense": 81000000, "netIncome": 156000000, "netIncomeRatio": 0.0179392824, "eps": 2.1, "epsdiluted": 2.08, "weightedAverageShsOut": 74285714, "weightedAverageShsOutDil": 75000000, "link": "https://www.sec.gov/Archives/edgar/data/106640/000095013197001974/0000950131-97-001974-index.html", "finalLink": "https://www.sec.gov/Archives/edgar/data/106640/", "calculatedOtherExpenses": 353000000, "calculatedOperatingExpenses": 1990000000, "calculatedNetInterest": 0, "calculatedOtherIncome": -164000000, "calculatedIncomeNonControlling": 0, "calculatedEbitda": 754000000}, {"date": "1995-12-31", "symbol": "WHR", "reportedCurrency": "USD", "cik": "0000106640", "fillingDate": "1996-03-15", "acceptedDate": "1996-03-15 00:00:00", "calendarYear": "1995", "period": "FY", "revenue": 8347000000, "costOfRevenue": 5933000000, "grossProfit": 2414000000, "grossProfitRatio": 0.2892057026, "researchAndDevelopmentExpenses": 0, "generalAndAdministrativeExpenses": 1706000000, "sellingAndMarketingExpenses": 0, "sellingGeneralAndAdministrativeExpenses": 1706000000, "otherExpenses": 312000000, "operatingExpenses": 2018000000, "costAndExpenses": 7951000000, "interestIncome": 0, "interestExpense": 0, "depreciationAndAmortization": 312000000, "ebitda": 649000000, "ebitdaratio": 0.0777524859, "operatingIncome": 396000000, "operatingIncomeRatio": 0.0474421948, "totalOtherIncomeExpensesNet": 59000000, "incomeBeforeTax": 309000000, "incomeBeforeTaxRatio": 0.0370192884, "incomeTaxExpense": 100000000, "netIncome": 209000000, "netIncomeRatio": 0.0250389361, "eps": 2.83, "epsdiluted": 2.78, "weightedAverageShsOut": 73851590, "weightedAverageShsOutDil": 75179856, "link": "https://www.sec.gov/Archives/edgar/data/106640/000095013196001100/0000950131-96-001100-index.html", "finalLink": "https://www.sec.gov/Archives/edgar/data/106640/", "calculatedOtherExpenses": 312000000, "calculatedOperatingExpenses": 2018000000, "calculatedNetInterest": 0, "calculatedOtherIncome": -87000000, "calculatedIncomeNonControlling": 0, "calculatedEbitda": 708000000}, {"date": "1994-12-31", "symbol": "WHR", "reportedCurrency": "USD", "cik": "0000106640", "fillingDate": "1995-03-17", "acceptedDate": "1995-03-17 00:00:00", "calendarYear": "1994", "period": "FY", "revenue": 8104000000, "costOfRevenue": 5686000000, "grossProfit": 2418000000, "grossProfitRatio": 0.2983711747, "researchAndDevelopmentExpenses": 0, "generalAndAdministrativeExpenses": 0, "sellingAndMarketingExpenses": 0, "sellingGeneralAndAdministrativeExpenses": 1490000000, "otherExpenses": 266000000, "operatingExpenses": 1756000000, "costAndExpenses": 7442000000, "interestIncome": 0, "interestExpense": 0, "depreciationAndAmortization": 266000000, "ebitda": 1125000000, "ebitdaratio": 0.1388203356, "operatingIncome": 662000000, "operatingIncomeRatio": 0.0816880553, "totalOtherIncomeExpensesNet": -197000000, "incomeBeforeTax": 334000000, "incomeBeforeTaxRatio": 0.0412142152, "incomeTaxExpense": 176000000, "netIncome": 158000000, "netIncomeRatio": 0.0194965449, "eps": 2.1, "epsdiluted": 2.09, "weightedAverageShsOut": 75500000, "weightedAverageShsOutDil": 75598086, "link": "https://www.sec.gov/Archives/edgar/data/106640/000095013195000626/0000950131-95-000626-index.html", "finalLink": "https://www.sec.gov/Archives/edgar/data/106640/", "calculatedOtherExpenses": 266000000, "calculatedOperatingExpenses": 1756000000, "calculatedNetInterest": 0, "calculatedOtherIncome": -328000000, "calculatedIncomeNonControlling": 0, "calculatedEbitda": 928000000}, {"date": "1993-12-31", "symbol": "WHR", "reportedCurrency": "USD", "cik": "0000106640", "fillingDate": "1993-12-31", "acceptedDate": "1993-12-30 19:00:00", "calendarYear": "1993", "period": "FY", "revenue": 7533000000, "costOfRevenue": 5262000000, "grossProfit": 2271000000, "grossProfitRatio": 0.3014735165, "researchAndDevelopmentExpenses": 0, "generalAndAdministrativeExpenses": 0, "sellingAndMarketingExpenses": 0, "sellingGeneralAndAdministrativeExpenses": 1433000000, "otherExpenses": 241000000, "operatingExpenses": 1674000000, "costAndExpenses": 6936000000, "interestIncome": 0, "interestExpense": 0, "depreciationAndAmortization": 241000000, "ebitda": 931000000, "ebitdaratio": 0.1235895394, "operatingIncome": 597000000, "operatingIncomeRatio": 0.0792512943, "totalOtherIncomeExpensesNet": -93000000, "incomeBeforeTax": 379000000, "incomeBeforeTaxRatio": 0.0503119607, "incomeTaxExpense": 148000000, "netIncome": 51000000, "netIncomeRatio": 0.0067702111, "eps": 0.76, "epsdiluted": 0.71, "weightedAverageShsOut": 67105263, "weightedAverageShsOutDil": 71830986, "link": "", "finalLink": "", "calculatedOtherExpenses": 241000000, "calculatedOperatingExpenses": 1674000000, "calculatedNetInterest": 0, "calculatedOtherIncome": -218000000, "calculatedIncomeNonControlling": 180000000, "calculatedEbitda": 838000000}, {"date": "1992-12-31", "symbol": "WHR", "reportedCurrency": "USD", "cik": "0000106640", "fillingDate": "1992-12-31", "acceptedDate": "1992-12-30 19:00:00", "calendarYear": "1992", "period": "FY", "revenue": 7301000000, "costOfRevenue": 5090000000, "grossProfit": 2211000000, "grossProfitRatio": 0.3028352281, "researchAndDevelopmentExpenses": 0, "generalAndAdministrativeExpenses": 0, "sellingAndMarketingExpenses": 0, "sellingGeneralAndAdministrativeExpenses": 1323000000, "otherExpenses": 275000000, "operatingExpenses": 1598000000, "costAndExpenses": 6688000000, "interestIncome": 0, "interestExpense": 0, "depreciationAndAmortization": 275000000, "ebitda": 997000000, "ebitdaratio": 0.1365566361, "operatingIncome": 613000000, "operatingIncomeRatio": 0.0839611012, "totalOtherIncomeExpensesNet": -109000000, "incomeBeforeTax": 359000000, "incomeBeforeTaxRatio": 0.0491713464, "incomeTaxExpense": 154000000, "netIncome": 205000000, "netIncomeRatio": 0.0280783454, "eps": 2.9, "epsdiluted": 2.81, "weightedAverageShsOut": 70689655, "weightedAverageShsOutDil": 72953737, "link": "", "finalLink": "", "calculatedOtherExpenses": 275000000, "calculatedOperatingExpenses": 1598000000, "calculatedNetInterest": 0, "calculatedOtherIncome": -254000000, "calculatedIncomeNonControlling": 0, "calculatedEbitda": 888000000}, {"date": "1991-12-31", "symbol": "WHR", "reportedCurrency": "USD", "cik": "0000106640", "fillingDate": "1991-12-31", "acceptedDate": "1991-12-30 19:00:00", "calendarYear": "1991", "period": "FY", "revenue": 6550000000, "costOfRevenue": 4812000000, "grossProfit": 1738000000, "grossProfitRatio": 0.2653435115, "researchAndDevelopmentExpenses": 0, "generalAndAdministrativeExpenses": 0, "sellingAndMarketingExpenses": 0, "sellingGeneralAndAdministrativeExpenses": 1179000000, "otherExpenses": 233000000, "operatingExpenses": 1412000000, "costAndExpenses": 6224000000, "interestIncome": 0, "interestExpense": 0, "depreciationAndAmortization": 233000000, "ebitda": 356000000, "ebitdaratio": 0.054351145, "operatingIncome": 326000000, "operatingIncomeRatio": 0.0497709924, "totalOtherIncomeExpensesNet": 203000000, "incomeBeforeTax": 300000000, "incomeBeforeTaxRatio": 0.0458015267, "incomeTaxExpense": 130000000, "netIncome": 170000000, "netIncomeRatio": 0.0259541985, "eps": 2.43, "epsdiluted": 2.41, "weightedAverageShsOut": 69958848, "weightedAverageShsOutDil": 70539419, "link": "", "finalLink": "", "calculatedOtherExpenses": 233000000, "calculatedOperatingExpenses": 1412000000, "calculatedNetInterest": 0, "calculatedOtherIncome": -26000000, "calculatedIncomeNonControlling": 0, "calculatedEbitda": 559000000}, {"date": "1990-12-31", "symbol": "WHR", "reportedCurrency": "USD", "cik": "0000106640", "fillingDate": "1990-12-31", "acceptedDate": "1990-12-30 19:00:00", "calendarYear": "1990", "period": "FY", "revenue": 6434000000, "costOfRevenue": 4762000000, "grossProfit": 1672000000, "grossProfitRatio": 0.2598694436, "researchAndDevelopmentExpenses": 0, "generalAndAdministrativeExpenses": 0, "sellingAndMarketingExpenses": 0, "sellingGeneralAndAdministrativeExpenses": 1165000000, "otherExpenses": 247000000, "operatingExpenses": 1412000000, "costAndExpenses": 6174000000, "interestIncome": 0, "interestExpense": 0, "depreciationAndAmortization": 247000000, "ebitda": 349000000, "ebitdaratio": 0.0542430836, "operatingIncome": 260000000, "operatingIncomeRatio": 0.0404103202, "totalOtherIncomeExpensesNet": 158000000, "incomeBeforeTax": 182000000, "incomeBeforeTaxRatio": 0.0282872241, "incomeTaxExpense": 110000000, "netIncome": 72000000, "netIncomeRatio": 0.0111905502, "eps": 1.04, "epsdiluted": 1.04, "weightedAverageShsOut": 69230769, "weightedAverageShsOutDil": 69230769, "link": "", "finalLink": "", "calculatedOtherExpenses": 247000000, "calculatedOperatingExpenses": 1412000000, "calculatedNetInterest": 0, "calculatedOtherIncome": -78000000, "calculatedIncomeNonControlling": 0, "calculatedEbitda": 507000000}, {"date": "1989-12-31", "symbol": "WHR", "reportedCurrency": "USD", "cik": "0000106640", "fillingDate": "1989-12-31", "acceptedDate": "1989-12-30 19:00:00", "calendarYear": "1989", "period": "FY", "revenue": 6288600000, "costOfRevenue": 4597600000, "grossProfit": 1691000000, "grossProfitRatio": 0.2688992781, "researchAndDevelopmentExpenses": 0, "generalAndAdministrativeExpenses": 0, "sellingAndMarketingExpenses": 0, "sellingGeneralAndAdministrativeExpenses": 995000000, "otherExpenses": 221900000, "operatingExpenses": 1216900000, "costAndExpenses": 5814500000, "interestIncome": 0, "interestExpense": 0, "depreciationAndAmortization": 221900000, "ebitda": 633000000, "ebitdaratio": 0.1006583341, "operatingIncome": 474100000, "operatingIncomeRatio": 0.075390389, "totalOtherIncomeExpensesNet": 63000000, "incomeBeforeTax": 323000000, "incomeBeforeTaxRatio": 0.0513627834, "incomeTaxExpense": 135800000, "netIncome": 187200000, "netIncomeRatio": 0.0297681519, "eps": 2.7, "epsdiluted": 2.7, "weightedAverageShsOut": 69333333, "weightedAverageShsOutDil": 69333333, "link": "", "finalLink": "", "calculatedOtherExpenses": 221900000, "calculatedOperatingExpenses": 1216900000, "calculatedNetInterest": 0, "calculatedOtherIncome": -151100000, "calculatedIncomeNonControlling": 0, "calculatedEbitda": 696000000}, {"date": "1988-12-31", "symbol": "WHR", "reportedCurrency": "USD", "cik": "0000106640", "fillingDate": "1988-12-31", "acceptedDate": "1988-12-30 19:00:00", "calendarYear": "1988", "period": "FY", "revenue": 4314500000, "costOfRevenue": 3363000000, "grossProfit": 951500000, "grossProfitRatio": 0.2205354039, "researchAndDevelopmentExpenses": 0, "generalAndAdministrativeExpenses": 0, "sellingAndMarketingExpenses": 0, "sellingGeneralAndAdministrativeExpenses": 606700000, "otherExpenses": 142700000, "operatingExpenses": 749400000, "costAndExpenses": 4112400000, "interestIncome": 0, "interestExpense": 0, "depreciationAndAmortization": 142700000, "ebitda": 193700000, "ebitdaratio": 0.0448951211, "operatingIncome": 202100000, "operatingIncomeRatio": 0.0468420443, "totalOtherIncomeExpensesNet": 151100000, "incomeBeforeTax": 252200000, "incomeBeforeTaxRatio": 0.0584540503, "incomeTaxExpense": 90900000, "netIncome": 94100000, "netIncomeRatio": 0.021810175, "eps": 1.37, "epsdiluted": 1.36, "weightedAverageShsOut": 68686131, "weightedAverageShsOutDil": 69191176, "link": "", "finalLink": "", "calculatedOtherExpenses": 142700000, "calculatedOperatingExpenses": 749400000, "calculatedNetInterest": 0, "calculatedOtherIncome": 50100000, "calculatedIncomeNonControlling": 67200000, "calculatedEbitda": 344800000}, {"date": "1987-12-31", "symbol": "WHR", "reportedCurrency": "USD", "cik": "0000106640", "fillingDate": "1987-12-31", "acceptedDate": "1987-12-30 19:00:00", "calendarYear": "1987", "period": "FY", "revenue": 4179000000, "costOfRevenue": 3181300000, "grossProfit": 997700000, "grossProfitRatio": 0.2387413257, "researchAndDevelopmentExpenses": 0, "generalAndAdministrativeExpenses": 0, "sellingAndMarketingExpenses": 0, "sellingGeneralAndAdministrativeExpenses": 601500000, "otherExpenses": 131100000, "operatingExpenses": 732600000, "costAndExpenses": 3913900000, "interestIncome": 0, "interestExpense": 0, "depreciationAndAmortization": 131100000, "ebitda": 339100000, "ebitdaratio": 0.0811438143, "operatingIncome": 265100000, "operatingIncomeRatio": 0.0634362288, "totalOtherIncomeExpensesNet": 57100000, "incomeBeforeTax": 299400000, "incomeBeforeTaxRatio": 0.071643934, "incomeTaxExpense": 118300000, "netIncome": 181100000, "netIncomeRatio": 0.0433357263, "eps": 2.53, "epsdiluted": 2.53, "weightedAverageShsOut": 71581028, "weightedAverageShsOutDil": 71581028, "link": "", "finalLink": "", "calculatedOtherExpenses": 131100000, "calculatedOperatingExpenses": 732600000, "calculatedNetInterest": 0, "calculatedOtherIncome": 34300000, "calculatedIncomeNonControlling": 0, "calculatedEbitda": 396200000}, {"date": "1986-12-31", "symbol": "WHR", "reportedCurrency": "USD", "cik": "0000106640", "fillingDate": "1986-12-31", "acceptedDate": "1986-12-30 19:00:00", "calendarYear": "1986", "period": "FY", "revenue": 4008700000, "costOfRevenue": 3037700000, "grossProfit": 971000000, "grossProfitRatio": 0.2422231646, "researchAndDevelopmentExpenses": 0, "generalAndAdministrativeExpenses": 0, "sellingAndMarketingExpenses": 0, "sellingGeneralAndAdministrativeExpenses": 557800000, "otherExpenses": 117800000, "operatingExpenses": 675600000, "costAndExpenses": 3713300000, "interestIncome": 0, "interestExpense": 0, "depreciationAndAmortization": 117800000, "ebitda": 351300000, "ebitdaratio": 0.0876343952, "operatingIncome": 295400000, "operatingIncomeRatio": 0.0736897248, "totalOtherIncomeExpensesNet": 61900000, "incomeBeforeTax": 338900000, "incomeBeforeTaxRatio": 0.0845411231, "incomeTaxExpense": 139200000, "netIncome": 199700000, "netIncomeRatio": 0.0498166488, "eps": 2.7, "epsdiluted": 2.7, "weightedAverageShsOut": 73962963, "weightedAverageShsOutDil": 73962963, "link": "", "finalLink": "", "calculatedOtherExpenses": 117800000, "calculatedOperatingExpenses": 675600000, "calculatedNetInterest": 0, "calculatedOtherIncome": 43500000, "calculatedIncomeNonControlling": 0, "calculatedEbitda": 413200000}, {"date": "1985-12-31", "symbol": "WHR", "reportedCurrency": "USD", "cik": "0000106640", "fillingDate": "1985-12-31", "acceptedDate": "1985-12-30 19:00:00", "calendarYear": "1985", "period": "FY", "revenue": 3474500000, "costOfRevenue": 2661400000, "grossProfit": 813100000, "grossProfitRatio": 0.2340192834, "researchAndDevelopmentExpenses": 0, "generalAndAdministrativeExpenses": 0, "sellingAndMarketingExpenses": 0, "sellingGeneralAndAdministrativeExpenses": 450200000, "otherExpenses": 87000000, "operatingExpenses": 537200000, "costAndExpenses": 3198600000, "interestIncome": 0, "interestExpense": 0, "depreciationAndAmortization": 87000000, "ebitda": 309300000, "ebitdaratio": 0.0890200029, "operatingIncome": 275900000, "operatingIncomeRatio": 0.0794071089, "totalOtherIncomeExpensesNet": 53600000, "incomeBeforeTax": 317800000, "incomeBeforeTaxRatio": 0.091466398, "incomeTaxExpense": 135500000, "netIncome": 182300000, "netIncomeRatio": 0.052467981, "eps": 2.49, "epsdiluted": 2.49, "weightedAverageShsOut": 73212851, "weightedAverageShsOutDil": 73212851, "link": "", "finalLink": "", "calculatedOtherExpenses": 87000000, "calculatedOperatingExpenses": 537200000, "calculatedNetInterest": 0, "calculatedOtherIncome": 41900000, "calculatedIncomeNonControlling": 0, "calculatedEbitda": 362900000}]}