{"originalCurrency": "USD", "convertedCurrency": "USD", "report": [{"date": "2023-12-30", "symbol": "WING", "reportedCurrency": "USD", "cik": "0001636222", "fillingDate": "2024-02-21", "acceptedDate": "2024-02-21 16:52:47", "calendarYear": "2023", "period": "FY", "revenue": 460055000, "costOfRevenue": 237229000, "grossProfit": 222826000, "grossProfitRatio": 0.4843464368, "researchAndDevelopmentExpenses": 0, "generalAndAdministrativeExpenses": 0, "sellingAndMarketingExpenses": 0, "sellingGeneralAndAdministrativeExpenses": 96898000, "otherExpenses": -57000, "operatingExpenses": 110137000, "costAndExpenses": 347366000, "interestIncome": 0, "interestExpense": 18227000, "depreciationAndAmortization": 13239000, "ebitda": 125871000, "ebitdaratio": 0.2735998957, "operatingIncome": 112594000, "operatingIncomeRatio": 0.2447403028, "totalOtherIncomeExpensesNet": -152000, "incomeBeforeTax": 94310000, "incomeBeforeTaxRatio": 0.2049972286, "incomeTaxExpense": 24135000, "netIncome": 70175000, "netIncomeRatio": 0.1525361098, "eps": 2.36, "epsdiluted": 2.35, "weightedAverageShsOut": 29769000, "weightedAverageShsOutDil": 29856000, "link": "https://www.sec.gov/Archives/edgar/data/1636222/000163622224000011/0001636222-24-000011-index.htm", "finalLink": "https://www.sec.gov/Archives/edgar/data/1636222/000163622224000011/wing-20231230.htm", "calculatedOtherExpenses": 13334000, "calculatedOperatingExpenses": 110232000, "calculatedNetInterest": -18227000, "calculatedOtherIncome": -57000, "calculatedIncomeNonControlling": 0, "calculatedEbitda": 125833000}, {"date": "2022-12-31", "symbol": "WING", "reportedCurrency": "USD", "cik": "0001636222", "fillingDate": "2023-02-22", "acceptedDate": "2023-02-22 16:18:47", "calendarYear": "2022", "period": "FY", "revenue": 357521000, "costOfRevenue": 187399000, "grossProfit": 170122000, "grossProfitRatio": 0.475837783, "researchAndDevelopmentExpenses": 0, "generalAndAdministrativeExpenses": 0, "sellingAndMarketingExpenses": 0, "sellingGeneralAndAdministrativeExpenses": 67061000, "otherExpenses": 10899000, "operatingExpenses": 77960000, "costAndExpenses": 265359000, "interestIncome": 21230000, "interestExpense": 21230000, "depreciationAndAmortization": 11490000, "ebitda": 103423000, "ebitdaratio": 0.2892781123, "operatingIncome": 91933000, "operatingIncomeRatio": 0.25714014, "totalOtherIncomeExpensesNet": -22617000, "incomeBeforeTax": 69316000, "incomeBeforeTaxRatio": 0.1938795204, "incomeTaxExpense": 16369000, "netIncome": 52947000, "netIncomeRatio": 0.1480947972, "eps": 1.77, "epsdiluted": 1.77, "weightedAverageShsOut": 29893000, "weightedAverageShsOutDil": 29963000, "link": "https://www.sec.gov/Archives/edgar/data/1636222/000163622223000009/0001636222-23-000009-index.htm", "finalLink": "https://www.sec.gov/Archives/edgar/data/1636222/000163622223000009/wing-20221231.htm", "calculatedOtherExpenses": 11128000, "calculatedOperatingExpenses": 78189000, "calculatedNetInterest": 0, "calculatedOtherIncome": -22617000, "calculatedIncomeNonControlling": 0, "calculatedEbitda": 103423000}, {"date": "2021-12-25", "symbol": "WING", "reportedCurrency": "USD", "cik": "0001636222", "fillingDate": "2022-02-16", "acceptedDate": "2022-02-16 16:38:55", "calendarYear": "2021", "period": "FY", "revenue": 282502000, "costOfRevenue": 141405000, "grossProfit": 141097000, "grossProfitRatio": 0.4994548711, "researchAndDevelopmentExpenses": 0, "generalAndAdministrativeExpenses": 0, "sellingAndMarketingExpenses": 0, "sellingGeneralAndAdministrativeExpenses": 62895000, "otherExpenses": 7943000, "operatingExpenses": 70838000, "costAndExpenses": 212243000, "interestIncome": 14984000, "interestExpense": 14984000, "depreciationAndAmortization": 4581000, "ebitda": 78337000, "ebitdaratio": 0.2772971519, "operatingIncome": 73756000, "operatingIncomeRatio": 0.2610813375, "totalOtherIncomeExpensesNet": -14849000, "incomeBeforeTax": 58907000, "incomeBeforeTaxRatio": 0.2085188777, "incomeTaxExpense": 16249000, "netIncome": 42658000, "netIncomeRatio": 0.1510007009, "eps": 1.43, "epsdiluted": 1.42, "weightedAverageShsOut": 29769000, "weightedAverageShsOutDil": 29944000, "link": "https://www.sec.gov/Archives/edgar/data/1636222/000163622222000008/0001636222-22-000008-index.htm", "finalLink": "https://www.sec.gov/Archives/edgar/data/1636222/000163622222000008/wing-20211225.htm", "calculatedOtherExpenses": 4446000, "calculatedOperatingExpenses": 67341000, "calculatedNetInterest": 0, "calculatedOtherIncome": -14849000, "calculatedIncomeNonControlling": 0, "calculatedEbitda": 78337000}, {"date": "2020-12-26", "symbol": "WING", "reportedCurrency": "USD", "cik": "0001636222", "fillingDate": "2021-02-18", "acceptedDate": "2021-02-17 21:14:39", "calendarYear": "2020", "period": "FY", "revenue": 248811000, "costOfRevenue": 118011000, "grossProfit": 130800000, "grossProfitRatio": 0.5257002303, "researchAndDevelopmentExpenses": 0, "generalAndAdministrativeExpenses": 68985000, "sellingAndMarketingExpenses": 0, "sellingGeneralAndAdministrativeExpenses": 68985000, "otherExpenses": 7518000, "operatingExpenses": 76503000, "costAndExpenses": 194514000, "interestIncome": 16782000, "interestExpense": 16782000, "depreciationAndAmortization": 4425000, "ebitda": 61815000, "ebitdaratio": 0.2484415882, "operatingIncome": 57390000, "operatingIncomeRatio": 0.2306570047, "totalOtherIncomeExpensesNet": -30447000, "incomeBeforeTax": 26943000, "incomeBeforeTaxRatio": 0.108287013, "incomeTaxExpense": 3637000, "netIncome": 23306000, "netIncomeRatio": 0.0936694921, "eps": 0.79, "epsdiluted": 0.78, "weightedAverageShsOut": 29601000, "weightedAverageShsOutDil": 29804000, "link": "https://www.sec.gov/Archives/edgar/data/1636222/000163622221000011/0001636222-21-000011-index.htm", "finalLink": "https://www.sec.gov/Archives/edgar/data/1636222/000163622221000011/wing-20201226.htm", "calculatedOtherExpenses": 4425000, "calculatedOperatingExpenses": 73410000, "calculatedNetInterest": 0, "calculatedOtherIncome": -30447000, "calculatedIncomeNonControlling": 0, "calculatedEbitda": 61815000}, {"date": "2019-12-28", "symbol": "WING", "reportedCurrency": "USD", "cik": "0001636222", "fillingDate": "2020-02-19", "acceptedDate": "2020-02-19 17:20:49", "calendarYear": "2019", "period": "FY", "revenue": 199676000, "costOfRevenue": 93996000, "grossProfit": 105680000, "grossProfitRatio": 0.529257397, "researchAndDevelopmentExpenses": 0, "generalAndAdministrativeExpenses": 57295000, "sellingAndMarketingExpenses": 52891000, "sellingGeneralAndAdministrativeExpenses": 57295000, "otherExpenses": 5484000, "operatingExpenses": 62779000, "costAndExpenses": 156775000, "interestIncome": 17136000, "interestExpense": 17136000, "depreciationAndAmortization": 5484000, "ebitda": 48385000, "ebitdaratio": 0.2423175544, "operatingIncome": 42901000, "operatingIncomeRatio": 0.214853062, "totalOtherIncomeExpensesNet": -17136000, "incomeBeforeTax": 25765000, "incomeBeforeTaxRatio": 0.1290340351, "incomeTaxExpense": 5289000, "netIncome": 20476000, "netIncomeRatio": 0.1025461247, "eps": 0.7, "epsdiluted": 0.69, "weightedAverageShsOut": 29415000, "weightedAverageShsOutDil": 29670000, "link": "https://www.sec.gov/Archives/edgar/data/1636222/000163622220000036/0001636222-20-000036-index.htm", "finalLink": "https://www.sec.gov/Archives/edgar/data/1636222/000163622220000036/wing-20191228.htm", "calculatedOtherExpenses": 5484000, "calculatedOperatingExpenses": 62779000, "calculatedNetInterest": 0, "calculatedOtherIncome": -17136000, "calculatedIncomeNonControlling": 0, "calculatedEbitda": 48385000}, {"date": "2018-12-29", "symbol": "WING", "reportedCurrency": "USD", "cik": "0001636222", "fillingDate": "2019-02-27", "acceptedDate": "2019-02-27 16:56:21", "calendarYear": "2018", "period": "FY", "revenue": 153181000, "costOfRevenue": 65762000, "grossProfit": 87419000, "grossProfitRatio": 0.570690882, "researchAndDevelopmentExpenses": 0, "generalAndAdministrativeExpenses": 44579000, "sellingAndMarketingExpenses": 33699000, "sellingGeneralAndAdministrativeExpenses": 44579000, "otherExpenses": -1477000, "operatingExpenses": 48892000, "costAndExpenses": 114654000, "interestIncome": 0, "interestExpense": 10123000, "depreciationAndAmortization": 4313000, "ebitda": 41363000, "ebitdaratio": 0.2700269616, "operatingIncome": 38527000, "operatingIncomeRatio": 0.2515129161, "totalOtherIncomeExpensesNet": -1477000, "incomeBeforeTax": 26927000, "incomeBeforeTaxRatio": 0.1757855086, "incomeTaxExpense": 5208000, "netIncome": 21719000, "netIncomeRatio": 0.141786514, "eps": 0.74, "epsdiluted": 0.73, "weightedAverageShsOut": 29231000, "weightedAverageShsOutDil": 29587000, "link": "https://www.sec.gov/Archives/edgar/data/1636222/000163622219000039/0001636222-19-000039-index.htm", "finalLink": "https://www.sec.gov/Archives/edgar/data/1636222/000163622219000039/a10-k2018.htm", "calculatedOtherExpenses": 4313000, "calculatedOperatingExpenses": 48892000, "calculatedNetInterest": -10123000, "calculatedOtherIncome": -1477000, "calculatedIncomeNonControlling": 0, "calculatedEbitda": 42840000}, {"date": "2017-12-30", "symbol": "WING", "reportedCurrency": "USD", "cik": "0001636222", "fillingDate": "2018-02-23", "acceptedDate": "2018-02-22 18:21:49", "calendarYear": "2017", "period": "FY", "revenue": 105552000, "costOfRevenue": 28745000, "grossProfit": 76807000, "grossProfitRatio": 0.7276697741, "researchAndDevelopmentExpenses": 0, "generalAndAdministrativeExpenses": 37151000, "sellingAndMarketingExpenses": 0, "sellingGeneralAndAdministrativeExpenses": 37151000, "otherExpenses": 3376000, "operatingExpenses": 40527000, "costAndExpenses": 69272000, "interestIncome": 0, "interestExpense": 5131000, "depreciationAndAmortization": 3376000, "ebitda": 39656000, "ebitdaratio": 0.3757010762, "operatingIncome": 36280000, "operatingIncomeRatio": 0.343716841, "totalOtherIncomeExpensesNet": -5131000, "incomeBeforeTax": 31149000, "incomeBeforeTaxRatio": 0.2951057299, "incomeTaxExpense": 3845000, "netIncome": 27304000, "netIncomeRatio": 0.2586781871, "eps": 0.94, "epsdiluted": 0.93, "weightedAverageShsOut": 29025000, "weightedAverageShsOutDil": 29424000, "link": "https://www.sec.gov/Archives/edgar/data/1636222/000163622218000015/0001636222-18-000015-index.htm", "finalLink": "https://www.sec.gov/Archives/edgar/data/1636222/000163622218000015/a10-k2017.htm", "calculatedOtherExpenses": 3376000, "calculatedOperatingExpenses": 40527000, "calculatedNetInterest": -5131000, "calculatedOtherIncome": 0, "calculatedIncomeNonControlling": 0, "calculatedEbitda": 39656000}, {"date": "2016-12-31", "symbol": "WING", "reportedCurrency": "USD", "cik": "0001636222", "fillingDate": "2017-03-03", "acceptedDate": "2017-03-02 18:17:44", "calendarYear": "2016", "period": "FY", "revenue": 91359000, "costOfRevenue": 25308000, "grossProfit": 66051000, "grossProfitRatio": 0.7229829573, "researchAndDevelopmentExpenses": 0, "generalAndAdministrativeExpenses": 33840000, "sellingAndMarketingExpenses": 0, "sellingGeneralAndAdministrativeExpenses": 33840000, "otherExpenses": -254000, "operatingExpenses": 36848000, "costAndExpenses": 62156000, "interestIncome": 0, "interestExpense": 4396000, "depreciationAndAmortization": 3008000, "ebitda": 31957000, "ebitdaratio": 0.3497958603, "operatingIncome": 29203000, "operatingIncomeRatio": 0.319651047, "totalOtherIncomeExpensesNet": -254000, "incomeBeforeTax": 24553000, "incomeBeforeTaxRatio": 0.2687529417, "incomeTaxExpense": 9119000, "netIncome": 15434000, "netIncomeRatio": 0.1689379262, "eps": 0.54, "epsdiluted": 0.53, "weightedAverageShsOut": 28637000, "weightedAverageShsOutDil": 28983000, "link": "https://www.sec.gov/Archives/edgar/data/1636222/000163622217000011/0001636222-17-000011-index.htm", "finalLink": "https://www.sec.gov/Archives/edgar/data/1636222/000163622217000011/a10-k2016.htm", "calculatedOtherExpenses": 3008000, "calculatedOperatingExpenses": 36848000, "calculatedNetInterest": -4396000, "calculatedOtherIncome": -254000, "calculatedIncomeNonControlling": 0, "calculatedEbitda": 32211000}, {"date": "2015-12-26", "symbol": "WING", "reportedCurrency": "USD", "cik": "0001636222", "fillingDate": "2016-03-04", "acceptedDate": "2016-03-03 18:11:48", "calendarYear": "2015", "period": "FY", "revenue": 77969000, "costOfRevenue": 22219000, "grossProfit": 55750000, "grossProfitRatio": 0.7150277674, "researchAndDevelopmentExpenses": 0, "generalAndAdministrativeExpenses": 33350000, "sellingAndMarketingExpenses": 0, "sellingGeneralAndAdministrativeExpenses": 33350000, "otherExpenses": -396000, "operatingExpenses": 36032000, "costAndExpenses": 58251000, "interestIncome": 0, "interestExpense": 3477000, "depreciationAndAmortization": 2682000, "ebitda": 22004000, "ebitdaratio": 0.2822147264, "operatingIncome": 19718000, "operatingIncomeRatio": 0.2528953815, "totalOtherIncomeExpensesNet": -396000, "incomeBeforeTax": 15845000, "incomeBeforeTaxRatio": 0.2032217933, "incomeTaxExpense": 5739000, "netIncome": 10106000, "netIncomeRatio": 0.1296156165, "eps": 0.37, "epsdiluted": 0.36, "weightedAverageShsOut": 27497000, "weightedAverageShsOutDil": 27816000, "link": "https://www.sec.gov/Archives/edgar/data/1636222/000163622216000029/0001636222-16-000029-index.htm", "finalLink": "https://www.sec.gov/Archives/edgar/data/1636222/000163622216000029/a10-k2015.htm", "calculatedOtherExpenses": 2682000, "calculatedOperatingExpenses": 36032000, "calculatedNetInterest": -3477000, "calculatedOtherIncome": -396000, "calculatedIncomeNonControlling": 0, "calculatedEbitda": 22400000}, {"date": "2014-12-31", "symbol": "WING", "reportedCurrency": "USD", "cik": "0001636222", "fillingDate": "2014-12-31", "acceptedDate": "2014-12-30 19:00:00", "calendarYear": "2014", "period": "FY", "revenue": 67449000, "costOfRevenue": 20473000, "grossProfit": 46976000, "grossProfitRatio": 0.6964669602, "researchAndDevelopmentExpenses": 0, "generalAndAdministrativeExpenses": 26006000, "sellingAndMarketingExpenses": 0, "sellingGeneralAndAdministrativeExpenses": 26006000, "otherExpenses": -84000, "operatingExpenses": 28910000, "costAndExpenses": 49383000, "interestIncome": 0, "interestExpense": 3684000, "depreciationAndAmortization": 2904000, "ebitda": 20886000, "ebitdaratio": 0.3096561847, "operatingIncome": 18066000, "operatingIncomeRatio": 0.2678468176, "totalOtherIncomeExpensesNet": -84000, "incomeBeforeTax": 14298000, "incomeBeforeTaxRatio": 0.2119823867, "incomeTaxExpense": 5312000, "netIncome": 8986000, "netIncomeRatio": 0.133226586, "eps": 0.32, "epsdiluted": 0.31, "weightedAverageShsOut": 28440000, "weightedAverageShsOutDil": 28757000, "link": "", "finalLink": "", "calculatedOtherExpenses": 2904000, "calculatedOperatingExpenses": 28910000, "calculatedNetInterest": -3684000, "calculatedOtherIncome": -84000, "calculatedIncomeNonControlling": 0, "calculatedEbitda": 20970000}, {"date": "2013-12-31", "symbol": "WING", "reportedCurrency": "USD", "cik": "0001636222", "fillingDate": "2013-12-31", "acceptedDate": "2013-12-30 19:00:00", "calendarYear": "2013", "period": "FY", "revenue": 58999000, "costOfRevenue": 22176000, "grossProfit": 36823000, "grossProfitRatio": 0.6241292225, "researchAndDevelopmentExpenses": 0, "generalAndAdministrativeExpenses": 18913000, "sellingAndMarketingExpenses": 0, "sellingGeneralAndAdministrativeExpenses": 18913000, "otherExpenses": 6000, "operatingExpenses": 21943000, "costAndExpenses": 44119000, "interestIncome": 0, "interestExpense": 2863000, "depreciationAndAmortization": 3030000, "ebitda": 17916000, "ebitdaratio": 0.3036661638, "operatingIncome": 14880000, "operatingIncomeRatio": 0.2522076645, "totalOtherIncomeExpensesNet": 6000, "incomeBeforeTax": 12023000, "incomeBeforeTaxRatio": 0.203783115, "incomeTaxExpense": 4493000, "netIncome": 7530000, "netIncomeRatio": 0.1276292819, "eps": 0.26, "epsdiluted": 0.26, "weightedAverageShsOut": 28440000, "weightedAverageShsOutDil": 28757000, "link": "", "finalLink": "", "calculatedOtherExpenses": 3030000, "calculatedOperatingExpenses": 21943000, "calculatedNetInterest": -2863000, "calculatedOtherIncome": 6000, "calculatedIncomeNonControlling": 0, "calculatedEbitda": 17910000}, {"date": "2012-12-31", "symbol": "WING", "reportedCurrency": "USD", "cik": "0001636222", "fillingDate": "2012-12-31", "acceptedDate": "2012-12-30 19:00:00", "calendarYear": "2012", "period": "FY", "revenue": 51591000, "costOfRevenue": 21262000, "grossProfit": 30329000, "grossProfitRatio": 0.587873854, "researchAndDevelopmentExpenses": 0, "generalAndAdministrativeExpenses": 15896000, "sellingAndMarketingExpenses": 0, "sellingGeneralAndAdministrativeExpenses": 15896000, "otherExpenses": 8000, "operatingExpenses": 18826000, "costAndExpenses": 40088000, "interestIncome": 0, "interestExpense": 2431000, "depreciationAndAmortization": 2930000, "ebitda": 14441000, "ebitdaratio": 0.2799131631, "operatingIncome": 9003000, "operatingIncomeRatio": 0.1745071815, "totalOtherIncomeExpensesNet": -2492000, "incomeBeforeTax": 6580000, "incomeBeforeTaxRatio": 0.1275416255, "incomeTaxExpense": 3000000, "netIncome": 3580000, "netIncomeRatio": 0.0693919482, "eps": 0.13, "epsdiluted": 0.13, "weightedAverageShsOut": 27996000, "weightedAverageShsOutDil": 28354000, "link": "", "finalLink": "", "calculatedOtherExpenses": 5430000, "calculatedOperatingExpenses": 21326000, "calculatedNetInterest": -2431000, "calculatedOtherIncome": 8000, "calculatedIncomeNonControlling": 0, "calculatedEbitda": 11933000}]}