{"originalCurrency": "USD", "convertedCurrency": "USD", "report": [{"date": "2023-12-31", "symbol": "WIRE", "reportedCurrency": "USD", "cik": "0000850460", "fillingDate": "2024-02-16", "acceptedDate": "2024-02-16 15:16:04", "calendarYear": "2023", "period": "FY", "revenue": 2567722000, "costOfRevenue": 1911839000, "grossProfit": 655883000, "grossProfitRatio": 0.2554338047, "researchAndDevelopmentExpenses": 0, "generalAndAdministrativeExpenses": 90600000, "sellingAndMarketingExpenses": 115200000, "sellingGeneralAndAdministrativeExpenses": 204510000, "otherExpenses": 0, "operatingExpenses": 204510000, "costAndExpenses": 2116349000, "interestIncome": 33268000, "interestExpense": 0, "depreciationAndAmortization": 32052000, "ebitda": 483425000, "ebitdaratio": 0.1882699918, "operatingIncome": 451373000, "operatingIncomeRatio": 0.1757873321, "totalOtherIncomeExpensesNet": 33268000, "incomeBeforeTax": 484641000, "incomeBeforeTaxRatio": 0.1887435634, "incomeTaxExpense": 112242000, "netIncome": 372399000, "netIncomeRatio": 0.1450308873, "eps": 22.07, "epsdiluted": 21.62, "weightedAverageShsOut": 16873000, "weightedAverageShsOutDil": 17223000, "link": "https://www.sec.gov/Archives/edgar/data/850460/000085046024000017/0000850460-24-000017-index.htm", "finalLink": "https://www.sec.gov/Archives/edgar/data/850460/000085046024000017/wire-20231231.htm", "calculatedOtherExpenses": 0, "calculatedOperatingExpenses": 204510000, "calculatedNetInterest": 33268000, "calculatedOtherIncome": 0, "calculatedIncomeNonControlling": 0, "calculatedEbitda": 483425000}, {"date": "2022-12-31", "symbol": "WIRE", "reportedCurrency": "USD", "cik": "0000850460", "fillingDate": "2023-02-16", "acceptedDate": "2023-02-16 17:06:31", "calendarYear": "2022", "period": "FY", "revenue": 3017555000, "costOfRevenue": 1905134000, "grossProfit": 1112421000, "grossProfitRatio": 0.3686497843, "researchAndDevelopmentExpenses": 0, "generalAndAdministrativeExpenses": 63700000, "sellingAndMarketingExpenses": 133699999, "sellingGeneralAndAdministrativeExpenses": 197418000, "otherExpenses": 0, "operatingExpenses": 197418000, "costAndExpenses": 2102552000, "interestIncome": 9847000, "interestExpense": -36079000, "depreciationAndAmortization": 26232000, "ebitda": 915003000, "ebitdaratio": 0.3032266189, "operatingIncome": 915003000, "operatingIncomeRatio": 0.3032266189, "totalOtherIncomeExpensesNet": 9847000, "incomeBeforeTax": 924850000, "incomeBeforeTaxRatio": 0.3064898569, "incomeTaxExpense": 207009000, "netIncome": 717841000, "netIncomeRatio": 0.2378882904, "eps": 37.47, "epsdiluted": 36.91, "weightedAverageShsOut": 19159000, "weightedAverageShsOutDil": 19446000, "link": "https://www.sec.gov/Archives/edgar/data/850460/000085046023000017/0000850460-23-000017-index.htm", "finalLink": "https://www.sec.gov/Archives/edgar/data/850460/000085046023000017/wire-20221231.htm", "calculatedOtherExpenses": 0, "calculatedOperatingExpenses": 197418000, "calculatedNetInterest": 45926000, "calculatedOtherIncome": -36079000, "calculatedIncomeNonControlling": 0, "calculatedEbitda": 941235000}, {"date": "2021-12-31", "symbol": "WIRE", "reportedCurrency": "USD", "cik": "0000850460", "fillingDate": "2022-02-17", "acceptedDate": "2022-02-17 16:52:26", "calendarYear": "2021", "period": "FY", "revenue": 2592721000, "costOfRevenue": 1724975000, "grossProfit": 867746000, "grossProfitRatio": 0.3346854521, "researchAndDevelopmentExpenses": 0, "generalAndAdministrativeExpenses": 57600000, "sellingAndMarketingExpenses": 109500000, "sellingGeneralAndAdministrativeExpenses": 168543000, "otherExpenses": 0, "operatingExpenses": 168543000, "costAndExpenses": 1893518000, "interestIncome": 194000, "interestExpense": 0, "depreciationAndAmortization": 23288000, "ebitda": 699203000, "ebitdaratio": 0.2696792289, "operatingIncome": 699203000, "operatingIncomeRatio": 0.2696792289, "totalOtherIncomeExpensesNet": 194000, "incomeBeforeTax": 699397000, "incomeBeforeTaxRatio": 0.2697540538, "incomeTaxExpense": 157975000, "netIncome": 541422000, "netIncomeRatio": 0.2088238573, "eps": 26.49, "epsdiluted": 26.22, "weightedAverageShsOut": 20439000, "weightedAverageShsOutDil": 20649000, "link": "https://www.sec.gov/Archives/edgar/data/850460/000085046022000024/0000850460-22-000024-index.htm", "finalLink": "https://www.sec.gov/Archives/edgar/data/850460/000085046022000024/wire-20211231.htm", "calculatedOtherExpenses": 0, "calculatedOperatingExpenses": 168543000, "calculatedNetInterest": 194000, "calculatedOtherIncome": 0, "calculatedIncomeNonControlling": 0, "calculatedEbitda": 722491000}, {"date": "2020-12-31", "symbol": "WIRE", "reportedCurrency": "USD", "cik": "0000850460", "fillingDate": "2021-02-22", "acceptedDate": "2021-02-22 13:30:57", "calendarYear": "2020", "period": "FY", "revenue": 1276948000, "costOfRevenue": 1082413000, "grossProfit": 194535000, "grossProfitRatio": 0.1523437133, "researchAndDevelopmentExpenses": 0, "generalAndAdministrativeExpenses": 29500000, "sellingAndMarketingExpenses": 66800000, "sellingGeneralAndAdministrativeExpenses": 97008000, "otherExpenses": 0, "operatingExpenses": 97008000, "costAndExpenses": 1179421000, "interestIncome": 1269000, "interestExpense": 0, "depreciationAndAmortization": 19459000, "ebitda": 97527000, "ebitdaratio": 0.0763750756, "operatingIncome": 97527000, "operatingIncomeRatio": 0.0763750756, "totalOtherIncomeExpensesNet": 1269000, "incomeBeforeTax": 98796000, "incomeBeforeTaxRatio": 0.0773688514, "incomeTaxExpense": 22729000, "netIncome": 76067000, "netIncomeRatio": 0.0595693795, "eps": 3.69, "epsdiluted": 3.68, "weightedAverageShsOut": 20599000, "weightedAverageShsOutDil": 20653000, "link": "https://www.sec.gov/Archives/edgar/data/850460/000085046021000016/0000850460-21-000016-index.htm", "finalLink": "https://www.sec.gov/Archives/edgar/data/850460/000085046021000016/wire-20201231.htm", "calculatedOtherExpenses": 0, "calculatedOperatingExpenses": 97008000, "calculatedNetInterest": 1269000, "calculatedOtherIncome": 0, "calculatedIncomeNonControlling": 0, "calculatedEbitda": 116986000}, {"date": "2019-12-31", "symbol": "WIRE", "reportedCurrency": "USD", "cik": "0000850460", "fillingDate": "2020-02-21", "acceptedDate": "2020-02-21 16:56:39", "calendarYear": "2019", "period": "FY", "revenue": 1274994000, "costOfRevenue": 1109023000, "grossProfit": 165971000, "grossProfitRatio": 0.1301739459, "researchAndDevelopmentExpenses": 0, "generalAndAdministrativeExpenses": 28500000, "sellingAndMarketingExpenses": 66000000, "sellingGeneralAndAdministrativeExpenses": 94442000, "otherExpenses": 0, "operatingExpenses": 94442000, "costAndExpenses": 1203465000, "interestIncome": 4199000, "interestExpense": 0, "depreciationAndAmortization": 17707000, "ebitda": 71529000, "ebitdaratio": 0.0561014405, "operatingIncome": 53822000, "operatingIncomeRatio": 0.042213532, "totalOtherIncomeExpensesNet": 21906000, "incomeBeforeTax": 75728000, "incomeBeforeTaxRatio": 0.0593947893, "incomeTaxExpense": 17599000, "netIncome": 58129000, "netIncomeRatio": 0.0455915871, "eps": 2.78, "epsdiluted": 2.77, "weightedAverageShsOut": 20904000, "weightedAverageShsOutDil": 20990000, "link": "https://www.sec.gov/Archives/edgar/data/850460/000085046020000019/0000850460-20-000019-index.htm", "finalLink": "https://www.sec.gov/Archives/edgar/data/850460/000085046020000019/wire-20191231.htm", "calculatedOtherExpenses": 17707000, "calculatedOperatingExpenses": 112149000, "calculatedNetInterest": 4199000, "calculatedOtherIncome": 17707000, "calculatedIncomeNonControlling": 0, "calculatedEbitda": 71529000}, {"date": "2018-12-31", "symbol": "WIRE", "reportedCurrency": "USD", "cik": "0000850460", "fillingDate": "2019-02-25", "acceptedDate": "2019-02-22 20:18:35", "calendarYear": "2018", "period": "FY", "revenue": 1288683000, "costOfRevenue": 1098961000, "grossProfit": 189722000, "grossProfitRatio": 0.1472216208, "researchAndDevelopmentExpenses": 0, "generalAndAdministrativeExpenses": 90212000, "sellingAndMarketingExpenses": 67000000, "sellingGeneralAndAdministrativeExpenses": 90212000, "otherExpenses": 0, "operatingExpenses": 90212000, "costAndExpenses": 1189173000, "interestIncome": 2174000, "interestExpense": 0, "depreciationAndAmortization": 16513000, "ebitda": 99510000, "ebitdaratio": 0.0772183695, "operatingIncome": 99510000, "operatingIncomeRatio": 0.0772183695, "totalOtherIncomeExpensesNet": 2174000, "incomeBeforeTax": 101684000, "incomeBeforeTaxRatio": 0.0789053631, "incomeTaxExpense": 23534000, "netIncome": 78150000, "netIncomeRatio": 0.0606433079, "eps": 3.75, "epsdiluted": 3.74, "weightedAverageShsOut": 20845000, "weightedAverageShsOutDil": 20910000, "link": "https://www.sec.gov/Archives/edgar/data/850460/000085046019000006/0000850460-19-000006-index.htm", "finalLink": "https://www.sec.gov/Archives/edgar/data/850460/000085046019000006/wire-2018x12x31x10k.htm", "calculatedOtherExpenses": 0, "calculatedOperatingExpenses": 90212000, "calculatedNetInterest": 2174000, "calculatedOtherIncome": 0, "calculatedIncomeNonControlling": 0, "calculatedEbitda": 116023000}, {"date": "2017-12-31", "symbol": "WIRE", "reportedCurrency": "USD", "cik": "0000850460", "fillingDate": "2018-02-26", "acceptedDate": "2018-02-23 18:26:34", "calendarYear": "2017", "period": "FY", "revenue": 1164248000, "costOfRevenue": 1008073000, "grossProfit": 156175000, "grossProfitRatio": 0.134142382, "researchAndDevelopmentExpenses": 1900000, "generalAndAdministrativeExpenses": 76726000, "sellingAndMarketingExpenses": 55000000, "sellingGeneralAndAdministrativeExpenses": 76726000, "otherExpenses": 0, "operatingExpenses": 76726000, "costAndExpenses": 1084799000, "interestIncome": 427000, "interestExpense": 0, "depreciationAndAmortization": 15684000, "ebitda": 79449000, "ebitdaratio": 0.0682406154, "operatingIncome": 79449000, "operatingIncomeRatio": 0.0682406154, "totalOtherIncomeExpensesNet": 427000, "incomeBeforeTax": 79876000, "incomeBeforeTaxRatio": 0.0686073757, "incomeTaxExpense": 12859000, "netIncome": 67017000, "netIncomeRatio": 0.0575624781, "eps": 3.23, "epsdiluted": 3.21, "weightedAverageShsOut": 20767000, "weightedAverageShsOutDil": 20847000, "link": "https://www.sec.gov/Archives/edgar/data/850460/000085046018000008/0000850460-18-000008-index.htm", "finalLink": "https://www.sec.gov/Archives/edgar/data/850460/000085046018000008/wire-2017x12x31x10k.htm", "calculatedOtherExpenses": -1900000, "calculatedOperatingExpenses": 76726000, "calculatedNetInterest": 427000, "calculatedOtherIncome": 0, "calculatedIncomeNonControlling": 0, "calculatedEbitda": 95133000}, {"date": "2016-12-31", "symbol": "WIRE", "reportedCurrency": "USD", "cik": "0000850460", "fillingDate": "2017-02-24", "acceptedDate": "2017-02-24 17:27:52", "calendarYear": "2016", "period": "FY", "revenue": 940790000, "costOfRevenue": 820673000, "grossProfit": 120117000, "grossProfitRatio": 0.1276767398, "researchAndDevelopmentExpenses": 2000000, "generalAndAdministrativeExpenses": 69351000, "sellingAndMarketingExpenses": 47700000, "sellingGeneralAndAdministrativeExpenses": 69351000, "otherExpenses": 0, "operatingExpenses": 69351000, "costAndExpenses": 890024000, "interestIncome": 48000, "interestExpense": 0, "depreciationAndAmortization": 16811000, "ebitda": 50766000, "ebitdaratio": 0.0539610327, "operatingIncome": 50766000, "operatingIncomeRatio": 0.0539610327, "totalOtherIncomeExpensesNet": 48000, "incomeBeforeTax": 50814000, "incomeBeforeTaxRatio": 0.0540120537, "incomeTaxExpense": 16975000, "netIncome": 33839000, "netIncomeRatio": 0.0359687072, "eps": 1.63, "epsdiluted": 1.63, "weightedAverageShsOut": 20704000, "weightedAverageShsOutDil": 20773000, "link": "https://www.sec.gov/Archives/edgar/data/850460/000085046017000006/0000850460-17-000006-index.htm", "finalLink": "https://www.sec.gov/Archives/edgar/data/850460/000085046017000006/wire-2016x12x31x10k.htm", "calculatedOtherExpenses": -2000000, "calculatedOperatingExpenses": 69351000, "calculatedNetInterest": 48000, "calculatedOtherIncome": 0, "calculatedIncomeNonControlling": 0, "calculatedEbitda": 67577000}, {"date": "2015-12-31", "symbol": "WIRE", "reportedCurrency": "USD", "cik": "0000850460", "fillingDate": "2016-02-26", "acceptedDate": "2016-02-26 16:11:48", "calendarYear": "2015", "period": "FY", "revenue": 1017622000, "costOfRevenue": 880900000, "grossProfit": 136722000, "grossProfitRatio": 0.1343544066, "researchAndDevelopmentExpenses": 1800000, "generalAndAdministrativeExpenses": 64493000, "sellingAndMarketingExpenses": 47200000, "sellingGeneralAndAdministrativeExpenses": 64493000, "otherExpenses": 7.450580596923828e-09, "operatingExpenses": 64493000, "costAndExpenses": 945393000, "interestIncome": 155000, "interestExpense": 250000, "depreciationAndAmortization": 16063000, "ebitda": 72229000, "ebitdaratio": 0.0709782218, "operatingIncome": 72229000, "operatingIncomeRatio": 0.0709782218, "totalOtherIncomeExpensesNet": 155000, "incomeBeforeTax": 72384000, "incomeBeforeTaxRatio": 0.0711305377, "incomeTaxExpense": 24779000, "netIncome": 47605000, "netIncomeRatio": 0.0467806317, "eps": 2.3, "epsdiluted": 2.29, "weightedAverageShsOut": 20713000, "weightedAverageShsOutDil": 20787000, "link": "https://www.sec.gov/Archives/edgar/data/850460/000085046016000028/0000850460-16-000028-index.htm", "finalLink": "https://www.sec.gov/Archives/edgar/data/850460/000085046016000028/wire-2015x12x31x10k.htm", "calculatedOtherExpenses": -1800000, "calculatedOperatingExpenses": 64493000, "calculatedNetInterest": -95000, "calculatedOtherIncome": 250000, "calculatedIncomeNonControlling": 0, "calculatedEbitda": 88292000}, {"date": "2014-12-31", "symbol": "WIRE", "reportedCurrency": "USD", "cik": "0000850460", "fillingDate": "2015-02-25", "acceptedDate": "2015-02-25 16:50:41", "calendarYear": "2014", "period": "FY", "revenue": 1166979000, "costOfRevenue": 1042002000, "grossProfit": 124977000, "grossProfitRatio": 0.1070944721, "researchAndDevelopmentExpenses": 1700000, "generalAndAdministrativeExpenses": 68876000, "sellingAndMarketingExpenses": 52500000, "sellingGeneralAndAdministrativeExpenses": 68876000, "otherExpenses": 0, "operatingExpenses": 68876000, "costAndExpenses": 1110878000, "interestIncome": 56000, "interestExpense": 285000, "depreciationAndAmortization": 15453000, "ebitda": 56101000, "ebitdaratio": 0.0480737014, "operatingIncome": 56101000, "operatingIncomeRatio": 0.0480737014, "totalOtherIncomeExpensesNet": 56000, "incomeBeforeTax": 56157000, "incomeBeforeTaxRatio": 0.0481216886, "incomeTaxExpense": 19034000, "netIncome": 37123000, "netIncomeRatio": 0.031811198, "eps": 1.79, "epsdiluted": 1.78, "weightedAverageShsOut": 20714000, "weightedAverageShsOutDil": 20821000, "link": "https://www.sec.gov/Archives/edgar/data/850460/000162828015001025/0001628280-15-001025-index.htm", "finalLink": "https://www.sec.gov/Archives/edgar/data/850460/000162828015001025/wire-2014x12x31x10k.htm", "calculatedOtherExpenses": -1700000, "calculatedOperatingExpenses": 68876000, "calculatedNetInterest": -229000, "calculatedOtherIncome": 285000, "calculatedIncomeNonControlling": 0, "calculatedEbitda": 71554000}, {"date": "2013-12-31", "symbol": "WIRE", "reportedCurrency": "USD", "cik": "0000850460", "fillingDate": "2014-02-28", "acceptedDate": "2014-02-28 14:24:51", "calendarYear": "2013", "period": "FY", "revenue": 1158252000, "costOfRevenue": 1023180000, "grossProfit": 135072000, "grossProfitRatio": 0.1166171092, "researchAndDevelopmentExpenses": 1500000, "generalAndAdministrativeExpenses": 64453000, "sellingAndMarketingExpenses": 48300000, "sellingGeneralAndAdministrativeExpenses": 64453000, "otherExpenses": 0, "operatingExpenses": 64453000, "costAndExpenses": 1087633000, "interestIncome": 64000, "interestExpense": 265000, "depreciationAndAmortization": 14788000, "ebitda": 70619000, "ebitdaratio": 0.0609703242, "operatingIncome": 70619000, "operatingIncomeRatio": 0.0609703242, "totalOtherIncomeExpensesNet": 64000, "incomeBeforeTax": 70683000, "incomeBeforeTaxRatio": 0.0610255799, "incomeTaxExpense": 23773000, "netIncome": 46910000, "netIncomeRatio": 0.0405006855, "eps": 2.27, "epsdiluted": 2.26, "weightedAverageShsOut": 20676000, "weightedAverageShsOutDil": 20764000, "link": "https://www.sec.gov/Archives/edgar/data/850460/000119312514076562/0001193125-14-076562-index.htm", "finalLink": "https://www.sec.gov/Archives/edgar/data/850460/000119312514076562/d639105d10k.htm", "calculatedOtherExpenses": -1500000, "calculatedOperatingExpenses": 64453000, "calculatedNetInterest": -201000, "calculatedOtherIncome": 265000, "calculatedIncomeNonControlling": 0, "calculatedEbitda": 85407000}, {"date": "2012-12-31", "symbol": "WIRE", "reportedCurrency": "USD", "cik": "0000850460", "fillingDate": "2013-02-26", "acceptedDate": "2013-02-26 14:49:04", "calendarYear": "2012", "period": "FY", "revenue": 1072348000, "costOfRevenue": 982021000, "grossProfit": 90327000, "grossProfitRatio": 0.0842329169, "researchAndDevelopmentExpenses": 1600000, "generalAndAdministrativeExpenses": 60981000, "sellingAndMarketingExpenses": 20100000, "sellingGeneralAndAdministrativeExpenses": 60981000, "otherExpenses": 0, "operatingExpenses": 60981000, "costAndExpenses": 1043002000, "interestIncome": 30000, "interestExpense": 313000, "depreciationAndAmortization": 14280000, "ebitda": 29346000, "ebitdaratio": 0.0273661162, "operatingIncome": 29346000, "operatingIncomeRatio": 0.0273661162, "totalOtherIncomeExpensesNet": 30000, "incomeBeforeTax": 29376000, "incomeBeforeTaxRatio": 0.0273940922, "incomeTaxExpense": 9565000, "netIncome": 19811000, "netIncomeRatio": 0.0184744132, "eps": 0.91, "epsdiluted": 0.91, "weightedAverageShsOut": 21680000, "weightedAverageShsOutDil": 21732000, "link": "https://www.sec.gov/Archives/edgar/data/850460/000119312513076495/0001193125-13-076495-index.htm", "finalLink": "https://www.sec.gov/Archives/edgar/data/850460/000119312513076495/d434682d10k.htm", "calculatedOtherExpenses": -1600000, "calculatedOperatingExpenses": 60981000, "calculatedNetInterest": -283000, "calculatedOtherIncome": 313000, "calculatedIncomeNonControlling": 0, "calculatedEbitda": 43626000}, {"date": "2011-12-31", "symbol": "WIRE", "reportedCurrency": "USD", "cik": "0000850460", "fillingDate": "2012-03-02", "acceptedDate": "2012-03-02 12:38:03", "calendarYear": "2011", "period": "FY", "revenue": 1180474000, "costOfRevenue": 1039619000, "grossProfit": 140855000, "grossProfitRatio": 0.1193207135, "researchAndDevelopmentExpenses": 0, "generalAndAdministrativeExpenses": 64577000, "sellingAndMarketingExpenses": 0, "sellingGeneralAndAdministrativeExpenses": 64577000, "otherExpenses": 0, "operatingExpenses": 64577000, "costAndExpenses": 1104196000, "interestIncome": 239000, "interestExpense": 83000, "depreciationAndAmortization": 13728000, "ebitda": 76278000, "ebitdaratio": 0.0646164168, "operatingIncome": 76278000, "operatingIncomeRatio": 0.0646164168, "totalOtherIncomeExpensesNet": -83000, "incomeBeforeTax": 76195000, "incomeBeforeTaxRatio": 0.0645461061, "incomeTaxExpense": 26064000, "netIncome": 50131000, "netIncomeRatio": 0.0424668396, "eps": 2.15, "epsdiluted": 2.14, "weightedAverageShsOut": 23300000, "weightedAverageShsOutDil": 23410000, "link": "https://www.sec.gov/Archives/edgar/data/850460/000119312512093858/0001193125-12-093858-index.htm", "finalLink": "https://www.sec.gov/Archives/edgar/data/850460/000119312512093858/d274182d10k.htm", "calculatedOtherExpenses": 0, "calculatedOperatingExpenses": 64577000, "calculatedNetInterest": 156000, "calculatedOtherIncome": -239000, "calculatedIncomeNonControlling": 0, "calculatedEbitda": 90006000}, {"date": "2010-12-31", "symbol": "WIRE", "reportedCurrency": "USD", "cik": "0000850460", "fillingDate": "2011-03-04", "acceptedDate": "2011-03-04 17:16:37", "calendarYear": "2010", "period": "FY", "revenue": 910222000, "costOfRevenue": 827813000, "grossProfit": 82409000, "grossProfitRatio": 0.0905372535, "researchAndDevelopmentExpenses": 0, "generalAndAdministrativeExpenses": 57073000, "sellingAndMarketingExpenses": 0, "sellingGeneralAndAdministrativeExpenses": 57073000, "otherExpenses": 0, "operatingExpenses": 57073000, "costAndExpenses": 884886000, "interestIncome": 194000, "interestExpense": 2917000, "depreciationAndAmortization": 13716000, "ebitda": 25336000, "ebitdaratio": 0.0278349677, "operatingIncome": 25336000, "operatingIncomeRatio": 0.0278349677, "totalOtherIncomeExpensesNet": -2589000, "incomeBeforeTax": 22419000, "incomeBeforeTaxRatio": 0.024630255, "incomeTaxExpense": 7129000, "netIncome": 15290000, "netIncomeRatio": 0.0167980998, "eps": 0.66, "epsdiluted": 0.66, "weightedAverageShsOut": 23184000, "weightedAverageShsOutDil": 23342000, "link": "https://www.sec.gov/Archives/edgar/data/850460/000095012311022274/0000950123-11-022274-index.htm", "finalLink": "https://www.sec.gov/Archives/edgar/data/850460/000095012311022274/d79609e10vk.htm", "calculatedOtherExpenses": 0, "calculatedOperatingExpenses": 57073000, "calculatedNetInterest": -2723000, "calculatedOtherIncome": -194000, "calculatedIncomeNonControlling": 0, "calculatedEbitda": 39052000}, {"date": "2009-12-31", "symbol": "WIRE", "reportedCurrency": "USD", "cik": "0000850460", "fillingDate": "2010-03-05", "acceptedDate": "2010-03-05 16:59:40", "calendarYear": "2009", "period": "FY", "revenue": 649613000, "costOfRevenue": 599498000, "grossProfit": 50115000, "grossProfitRatio": 0.0771459315, "researchAndDevelopmentExpenses": 0, "generalAndAdministrativeExpenses": 43767000, "sellingAndMarketingExpenses": 0, "sellingGeneralAndAdministrativeExpenses": 43767000, "otherExpenses": 0, "operatingExpenses": 43767000, "costAndExpenses": 643265000, "interestIncome": 1633000, "interestExpense": 1548000, "depreciationAndAmortization": 13691000, "ebitda": 6348000, "ebitdaratio": 0.0097719719, "operatingIncome": 6348000, "operatingIncomeRatio": 0.0097719719, "totalOtherIncomeExpensesNet": -1548000, "incomeBeforeTax": 4800000, "incomeBeforeTaxRatio": 0.0073890147, "incomeTaxExpense": 1164000, "netIncome": 3636000, "netIncomeRatio": 0.0055971786, "eps": 0.16, "epsdiluted": 0.16, "weightedAverageShsOut": 23011000, "weightedAverageShsOutDil": 23298000, "link": "https://www.sec.gov/Archives/edgar/data/850460/000095012310021645/0000950123-10-021645-index.htm", "finalLink": "https://www.sec.gov/Archives/edgar/data/850460/000095012310021645/d71241e10vk.htm", "calculatedOtherExpenses": 0, "calculatedOperatingExpenses": 43767000, "calculatedNetInterest": 85000, "calculatedOtherIncome": -1633000, "calculatedIncomeNonControlling": 0, "calculatedEbitda": 20039000}, {"date": "2008-12-31", "symbol": "WIRE", "reportedCurrency": "USD", "cik": "0000850460", "fillingDate": "2009-03-10", "acceptedDate": "2009-03-10 14:15:55", "calendarYear": "2008", "period": "FY", "revenue": 1081132000, "costOfRevenue": 957767000, "grossProfit": 123365000, "grossProfitRatio": 0.1141072505, "researchAndDevelopmentExpenses": 0, "generalAndAdministrativeExpenses": 61180000, "sellingAndMarketingExpenses": 0, "sellingGeneralAndAdministrativeExpenses": 61180000, "otherExpenses": 0, "operatingExpenses": 61180000, "costAndExpenses": 1018947000, "interestIncome": 0, "interestExpense": 0, "depreciationAndAmortization": 13933000, "ebitda": 76118000, "ebitdaratio": 0.0704058339, "operatingIncome": 62185000, "operatingIncomeRatio": 0.0575184159, "totalOtherIncomeExpensesNet": -2288000, "incomeBeforeTax": 59897000, "incomeBeforeTaxRatio": 0.0554021156, "incomeTaxExpense": 20126000, "netIncome": 39771000, "netIncomeRatio": 0.0367864424, "eps": 1.72, "epsdiluted": 1.7, "weightedAverageShsOut": 23113000, "weightedAverageShsOutDil": 23396000, "link": "https://www.sec.gov/Archives/edgar/data/850460/000095013409004933/0000950134-09-004933-index.htm", "finalLink": "https://www.sec.gov/Archives/edgar/data/850460/000095013409004933/d66554e10vk.htm", "calculatedOtherExpenses": 0, "calculatedOperatingExpenses": 61180000, "calculatedNetInterest": 0, "calculatedOtherIncome": -2288000, "calculatedIncomeNonControlling": 0, "calculatedEbitda": 76118000}, {"date": "2007-12-31", "symbol": "WIRE", "reportedCurrency": "USD", "cik": "0000850460", "fillingDate": "2008-03-07", "acceptedDate": "2008-03-07 17:15:44", "calendarYear": "2007", "period": "FY", "revenue": 1184786000, "costOfRevenue": 1073451000, "grossProfit": 111335000, "grossProfitRatio": 0.0939705567, "researchAndDevelopmentExpenses": 0, "generalAndAdministrativeExpenses": 60400000, "sellingAndMarketingExpenses": 0, "sellingGeneralAndAdministrativeExpenses": 60400000, "otherExpenses": 0, "operatingExpenses": 60400000, "costAndExpenses": 1133851000, "interestIncome": 0, "interestExpense": 0, "depreciationAndAmortization": 13819000, "ebitda": 64754000, "ebitdaratio": 0.0546545959, "operatingIncome": 50935000, "operatingIncomeRatio": 0.0429908861, "totalOtherIncomeExpensesNet": -4125000, "incomeBeforeTax": 46810000, "incomeBeforeTaxRatio": 0.0395092447, "incomeTaxExpense": 16014000, "netIncome": 30796000, "netIncomeRatio": 0.0259928797, "eps": 1.32, "epsdiluted": 1.3, "weightedAverageShsOut": 23342000, "weightedAverageShsOutDil": 23690000, "link": "https://www.sec.gov/Archives/edgar/data/850460/000095013408004373/0000950134-08-004373-index.htm", "finalLink": "https://www.sec.gov/Archives/edgar/data/850460/000095013408004373/d54669e10vk.htm", "calculatedOtherExpenses": 0, "calculatedOperatingExpenses": 60400000, "calculatedNetInterest": 0, "calculatedOtherIncome": -4125000, "calculatedIncomeNonControlling": 0, "calculatedEbitda": 64754000}, {"date": "2006-12-31", "symbol": "WIRE", "reportedCurrency": "USD", "cik": "0000850460", "fillingDate": "2007-03-09", "acceptedDate": "2007-03-09 17:10:04", "calendarYear": "2006", "period": "FY", "revenue": 1249330337, "costOfRevenue": 1005037049, "grossProfit": 244293288, "grossProfitRatio": 0.1955393868, "researchAndDevelopmentExpenses": 0, "generalAndAdministrativeExpenses": 59793059, "sellingAndMarketingExpenses": 0, "sellingGeneralAndAdministrativeExpenses": 59793059, "otherExpenses": 0, "operatingExpenses": 59793059, "costAndExpenses": 1064830108, "interestIncome": 0, "interestExpense": 0, "depreciationAndAmortization": 12437245, "ebitda": 196937474, "ebitdaratio": 0.1576344288, "operatingIncome": 184500229, "operatingIncomeRatio": 0.1476792995, "totalOtherIncomeExpensesNet": -7759758, "incomeBeforeTax": 176740471, "incomeBeforeTaxRatio": 0.1414681656, "incomeTaxExpense": 61607277, "netIncome": 115133194, "netIncomeRatio": 0.0921559259, "eps": 4.95, "epsdiluted": 4.86, "weightedAverageShsOut": 23254259, "weightedAverageShsOutDil": 23674275, "link": "https://www.sec.gov/Archives/edgar/data/850460/000095013407005300/0000950134-07-005300-index.htm", "finalLink": "https://www.sec.gov/Archives/edgar/data/850460/000095013407005300/d43562e10vk.htm", "calculatedOtherExpenses": 0, "calculatedOperatingExpenses": 59793059, "calculatedNetInterest": 0, "calculatedOtherIncome": -7759758, "calculatedIncomeNonControlling": 0, "calculatedEbitda": 196937474}, {"date": "2005-12-31", "symbol": "WIRE", "reportedCurrency": "USD", "cik": "0000850460", "fillingDate": "2006-03-14", "acceptedDate": "2006-03-14 16:15:49", "calendarYear": "2005", "period": "FY", "revenue": 758089376, "costOfRevenue": 632841670, "grossProfit": 125247706, "grossProfitRatio": 0.1652149601, "researchAndDevelopmentExpenses": 0, "generalAndAdministrativeExpenses": 46335261, "sellingAndMarketingExpenses": 0, "sellingGeneralAndAdministrativeExpenses": 46335261, "otherExpenses": 0, "operatingExpenses": 46335261, "costAndExpenses": 679176931, "interestIncome": 0, "interestExpense": -3929000, "depreciationAndAmortization": 12275471, "ebitda": 91194559, "ebitdaratio": 0.1202952605, "operatingIncome": 78912445, "operatingIncomeRatio": 0.1040938542, "totalOtherIncomeExpensesNet": -6643, "incomeBeforeTax": 74976897, "incomeBeforeTaxRatio": 0.0989024505, "incomeTaxExpense": 24898441, "netIncome": 50078456, "netIncomeRatio": 0.0660587756, "eps": 2.17, "epsdiluted": 2.13, "weightedAverageShsOut": 23116881, "weightedAverageShsOutDil": 23536555, "link": "https://www.sec.gov/Archives/edgar/data/850460/000095013406005027/0000950134-06-005027-index.htm", "finalLink": "https://www.sec.gov/Archives/edgar/data/850460/000095013406005027/d33440e10vk.htm", "calculatedOtherExpenses": 0, "calculatedOperatingExpenses": 46335261, "calculatedNetInterest": 3929000, "calculatedOtherIncome": -7864548, "calculatedIncomeNonControlling": 0, "calculatedEbitda": 91187916}, {"date": "2004-12-31", "symbol": "WIRE", "reportedCurrency": "USD", "cik": "0000850460", "fillingDate": "2005-03-15", "acceptedDate": "2005-03-15 12:15:06", "calendarYear": "2004", "period": "FY", "revenue": 603225293, "costOfRevenue": 506818934, "grossProfit": 96406359, "grossProfitRatio": 0.1598181643, "researchAndDevelopmentExpenses": 0, "generalAndAdministrativeExpenses": 42218563, "sellingAndMarketingExpenses": 0, "sellingGeneralAndAdministrativeExpenses": 42218563, "otherExpenses": 0, "operatingExpenses": 42218563, "costAndExpenses": 549037497, "interestIncome": 0, "interestExpense": 0, "depreciationAndAmortization": 11626004, "ebitda": 65813800, "ebitdaratio": 0.1091031838, "operatingIncome": 54187796, "operatingIncomeRatio": 0.0898301126, "totalOtherIncomeExpensesNet": -2383638, "incomeBeforeTax": 51804158, "incomeBeforeTaxRatio": 0.0858786238, "incomeTaxExpense": 18444121, "netIncome": 33360037, "netIncomeRatio": 0.0553027822, "eps": 1.45, "epsdiluted": 1.42, "weightedAverageShsOut": 23017848, "weightedAverageShsOutDil": 23528155, "link": "https://www.sec.gov/Archives/edgar/data/850460/000095013405005041/0000950134-05-005041-index.htm", "finalLink": "https://www.sec.gov/Archives/edgar/data/850460/000095013405005041/d22594e10vk.htm", "calculatedOtherExpenses": 0, "calculatedOperatingExpenses": 42218563, "calculatedNetInterest": 0, "calculatedOtherIncome": -2383638, "calculatedIncomeNonControlling": 0, "calculatedEbitda": 65813800}, {"date": "2003-12-31", "symbol": "WIRE", "reportedCurrency": "USD", "cik": "0000850460", "fillingDate": "2004-03-11", "acceptedDate": "2004-03-11 11:15:22", "calendarYear": "2003", "period": "FY", "revenue": 384750208, "costOfRevenue": 328887173, "grossProfit": 55863035, "grossProfitRatio": 0.1451929949, "researchAndDevelopmentExpenses": 0, "generalAndAdministrativeExpenses": 31090355, "sellingAndMarketingExpenses": 0, "sellingGeneralAndAdministrativeExpenses": 31090355, "otherExpenses": 0, "operatingExpenses": 31090355, "costAndExpenses": 359977528, "interestIncome": 0, "interestExpense": 2423000, "depreciationAndAmortization": 12630221, "ebitda": 37402901, "ebitdaratio": 0.0972134653, "operatingIncome": 24772680, "operatingIncomeRatio": 0.0643863979, "totalOtherIncomeExpensesNet": -2310416, "incomeBeforeTax": 22462264, "incomeBeforeTaxRatio": 0.0583814213, "incomeTaxExpense": 8086600, "netIncome": 14375664, "netIncomeRatio": 0.0373636289, "eps": 0.42, "epsdiluted": 0.42, "weightedAverageShsOut": 34022566, "weightedAverageShsOutDil": 34386688, "link": "https://www.sec.gov/Archives/edgar/data/850460/000095013404003271/0000950134-04-003271-index.htm", "finalLink": "https://www.sec.gov/Archives/edgar/data/850460/000095013404003271/d12214e10vk.htm", "calculatedOtherExpenses": 0, "calculatedOperatingExpenses": 31090355, "calculatedNetInterest": -2423000, "calculatedOtherIncome": 112584, "calculatedIncomeNonControlling": 0, "calculatedEbitda": 37402901}, {"date": "2002-12-31", "symbol": "WIRE", "reportedCurrency": "USD", "cik": "0000850460", "fillingDate": "2003-03-24", "acceptedDate": "2003-03-24 17:31:02", "calendarYear": "2002", "period": "FY", "revenue": 285207344, "costOfRevenue": 250267112, "grossProfit": 34940232, "grossProfitRatio": 0.1225081778, "researchAndDevelopmentExpenses": 0, "generalAndAdministrativeExpenses": 23891276, "sellingAndMarketingExpenses": 0, "sellingGeneralAndAdministrativeExpenses": 23891276, "otherExpenses": 0, "operatingExpenses": 23891276, "costAndExpenses": 274158388, "interestIncome": 0, "interestExpense": 0, "depreciationAndAmortization": 10686444, "ebitda": 21799416, "ebitdaratio": 0.0764335718, "operatingIncome": 11048956, "operatingIncomeRatio": 0.0387400824, "totalOtherIncomeExpensesNet": -64016, "incomeBeforeTax": 9318760, "incomeBeforeTaxRatio": 0.0326736327, "incomeTaxExpense": 3354700, "netIncome": 5964060, "netIncomeRatio": 0.0209113129, "eps": 0.26, "epsdiluted": 0.26, "weightedAverageShsOut": 22804432, "weightedAverageShsOutDil": 23009073, "link": "https://www.sec.gov/Archives/edgar/data/850460/000095013403004410/0000950134-03-004410-index.htm", "finalLink": "https://www.sec.gov/Archives/edgar/data/850460/000095013403004410/d04247e10vk.txt", "calculatedOtherExpenses": 0, "calculatedOperatingExpenses": 23891276, "calculatedNetInterest": 0, "calculatedOtherIncome": -1730196, "calculatedIncomeNonControlling": 0, "calculatedEbitda": 21735400}, {"date": "2001-12-31", "symbol": "WIRE", "reportedCurrency": "USD", "cik": "0000850460", "fillingDate": "2002-03-26", "acceptedDate": "2002-03-26 00:00:00", "calendarYear": "2001", "period": "FY", "revenue": 281010000, "costOfRevenue": 240553000, "grossProfit": 40457000, "grossProfitRatio": 0.1439699655, "researchAndDevelopmentExpenses": 0, "generalAndAdministrativeExpenses": 24475000, "sellingAndMarketingExpenses": 0, "sellingGeneralAndAdministrativeExpenses": 24475000, "otherExpenses": 0, "operatingExpenses": 24475000, "costAndExpenses": 265028000, "interestIncome": 0, "interestExpense": 0, "depreciationAndAmortization": 9633000, "ebitda": 25615000, "ebitdaratio": 0.0911533397, "operatingIncome": 15982000, "operatingIncomeRatio": 0.0568734209, "totalOtherIncomeExpensesNet": -1717000, "incomeBeforeTax": 14265000, "incomeBeforeTaxRatio": 0.050763318, "incomeTaxExpense": 5135000, "netIncome": 9130000, "netIncomeRatio": 0.032489947, "eps": 0.41, "epsdiluted": 0.4, "weightedAverageShsOut": 22602129, "weightedAverageShsOutDil": 22735035, "link": "https://www.sec.gov/Archives/edgar/data/850460/000095013402002580/0000950134-02-002580-index.htm", "finalLink": "https://www.sec.gov/Archives/edgar/data/850460/000095013402002580/d94199e10-k405.txt", "calculatedOtherExpenses": 0, "calculatedOperatingExpenses": 24475000, "calculatedNetInterest": 0, "calculatedOtherIncome": -1717000, "calculatedIncomeNonControlling": 0, "calculatedEbitda": 25615000}, {"date": "2000-12-31", "symbol": "WIRE", "reportedCurrency": "USD", "cik": "0000850460", "fillingDate": "2001-03-29", "acceptedDate": "2001-03-29 00:00:00", "calendarYear": "2000", "period": "FY", "revenue": 283689000, "costOfRevenue": 233945000, "grossProfit": 49744000, "grossProfitRatio": 0.1753469468, "researchAndDevelopmentExpenses": 0, "generalAndAdministrativeExpenses": 24027000, "sellingAndMarketingExpenses": 0, "sellingGeneralAndAdministrativeExpenses": 24027000, "otherExpenses": 9187000, "operatingExpenses": 33214000, "costAndExpenses": 267159000, "interestIncome": 0, "interestExpense": 0, "depreciationAndAmortization": 9187000, "ebitda": 25717000, "ebitdaratio": 0.0906520873, "operatingIncome": 16530000, "operatingIncomeRatio": 0.058268033, "totalOtherIncomeExpensesNet": -3952000, "incomeBeforeTax": 12578000, "incomeBeforeTaxRatio": 0.0443372848, "incomeTaxExpense": 4528000, "netIncome": 8050000, "netIncomeRatio": 0.0283761443, "eps": 0.35, "epsdiluted": 0.35, "weightedAverageShsOut": 22824975, "weightedAverageShsOutDil": 23074305, "link": "https://www.sec.gov/Archives/edgar/data/850460/000095013401002802/0000950134-01-002802-index.htm", "finalLink": "https://www.sec.gov/Archives/edgar/data/850460/000095013401002802/d85492e10-k405.txt", "calculatedOtherExpenses": 9187000, "calculatedOperatingExpenses": 33214000, "calculatedNetInterest": 0, "calculatedOtherIncome": -3952000, "calculatedIncomeNonControlling": 0, "calculatedEbitda": 25717000}, {"date": "1999-12-31", "symbol": "WIRE", "reportedCurrency": "USD", "cik": "0000850460", "fillingDate": "2000-03-27", "acceptedDate": "2000-03-27 00:00:00", "calendarYear": "1999", "period": "FY", "revenue": 229700000, "costOfRevenue": 189500000, "grossProfit": 40200000, "grossProfitRatio": 0.1750108838, "researchAndDevelopmentExpenses": 0, "generalAndAdministrativeExpenses": 18700000, "sellingAndMarketingExpenses": 0, "sellingGeneralAndAdministrativeExpenses": 18700000, "otherExpenses": 8100000, "operatingExpenses": 26800000, "costAndExpenses": 216300000, "interestIncome": 0, "interestExpense": 0, "depreciationAndAmortization": 8100000, "ebitda": 21500000, "ebitdaratio": 0.0936003483, "operatingIncome": 13400000, "operatingIncomeRatio": 0.0583369613, "totalOtherIncomeExpensesNet": -2900000, "incomeBeforeTax": 10500000, "incomeBeforeTaxRatio": 0.045711798, "incomeTaxExpense": 3900000, "netIncome": 6600000, "netIncomeRatio": 0.0287331302, "eps": 0.29, "epsdiluted": 0.28, "weightedAverageShsOut": 23202160, "weightedAverageShsOutDil": 23570236, "link": "https://www.sec.gov/Archives/edgar/data/850460/000095013400002424/0000950134-00-002424-index.htm", "finalLink": "https://www.sec.gov/Archives/edgar/data/850460/000095013400002424/0000950134-00-002424.txt", "calculatedOtherExpenses": 8100000, "calculatedOperatingExpenses": 26800000, "calculatedNetInterest": 0, "calculatedOtherIncome": -2900000, "calculatedIncomeNonControlling": 0, "calculatedEbitda": 21500000}, {"date": "1998-12-31", "symbol": "WIRE", "reportedCurrency": "USD", "cik": "0000850460", "fillingDate": "1999-03-26", "acceptedDate": "1999-03-26 00:00:00", "calendarYear": "1998", "period": "FY", "revenue": 244000000, "costOfRevenue": 189100000, "grossProfit": 54900000, "grossProfitRatio": 0.225, "researchAndDevelopmentExpenses": 0, "generalAndAdministrativeExpenses": 18100000, "sellingAndMarketingExpenses": 0, "sellingGeneralAndAdministrativeExpenses": 18100000, "otherExpenses": 5900000, "operatingExpenses": 24000000, "costAndExpenses": 213100000, "interestIncome": 0, "interestExpense": 0, "depreciationAndAmortization": 5900000, "ebitda": 36700000, "ebitdaratio": 0.1504098361, "operatingIncome": 30900000, "operatingIncomeRatio": 0.1266393443, "totalOtherIncomeExpensesNet": 100000, "incomeBeforeTax": 29200000, "incomeBeforeTaxRatio": 0.1196721311, "incomeTaxExpense": 11600000, "netIncome": 17600000, "netIncomeRatio": 0.0721311475, "eps": 0.74, "epsdiluted": 0.71, "weightedAverageShsOut": 23765386, "weightedAverageShsOutDil": 24582388, "link": "https://www.sec.gov/Archives/edgar/data/850460/000095013499002043/0000950134-99-002043-index.htm", "finalLink": "https://www.sec.gov/Archives/edgar/data/850460/0000950134-99-002043.txt", "calculatedOtherExpenses": 5900000, "calculatedOperatingExpenses": 24000000, "calculatedNetInterest": 0, "calculatedOtherIncome": -1700000, "calculatedIncomeNonControlling": 0, "calculatedEbitda": 36800000}, {"date": "1997-12-31", "symbol": "WIRE", "reportedCurrency": "USD", "cik": "0000850460", "fillingDate": "1998-03-27", "acceptedDate": "1998-03-27 00:00:00", "calendarYear": "1997", "period": "FY", "revenue": 254600000, "costOfRevenue": 197300000, "grossProfit": 57300000, "grossProfitRatio": 0.2250589159, "researchAndDevelopmentExpenses": 0, "generalAndAdministrativeExpenses": 16200000, "sellingAndMarketingExpenses": 0, "sellingGeneralAndAdministrativeExpenses": 16200000, "otherExpenses": 4100000, "operatingExpenses": 20300000, "costAndExpenses": 217600000, "interestIncome": 0, "interestExpense": 0, "depreciationAndAmortization": 4100000, "ebitda": 41000000, "ebitdaratio": 0.1610369207, "operatingIncome": 37000000, "operatingIncomeRatio": 0.1453260016, "totalOtherIncomeExpensesNet": 100000, "incomeBeforeTax": 35900000, "incomeBeforeTaxRatio": 0.1410054988, "incomeTaxExpense": 14200000, "netIncome": 21700000, "netIncomeRatio": 0.0852317361, "eps": 0.41, "epsdiluted": 0.39, "weightedAverageShsOut": 24271364, "weightedAverageShsOutDil": 24271364, "link": "https://www.sec.gov/Archives/edgar/data/850460/000095013498002484/0000950134-98-002484-index.htm", "finalLink": "https://www.sec.gov/Archives/edgar/data/850460/0000950134-98-002484.txt", "calculatedOtherExpenses": 4100000, "calculatedOperatingExpenses": 20300000, "calculatedNetInterest": 0, "calculatedOtherIncome": -1100000, "calculatedIncomeNonControlling": 0, "calculatedEbitda": 41100000}, {"date": "1996-12-31", "symbol": "WIRE", "reportedCurrency": "USD", "cik": "0000850460", "fillingDate": "1997-03-26", "acceptedDate": "1997-03-26 00:00:00", "calendarYear": "1996", "period": "FY", "revenue": 179100000, "costOfRevenue": 150100000, "grossProfit": 29000000, "grossProfitRatio": 0.1619207147, "researchAndDevelopmentExpenses": 0, "generalAndAdministrativeExpenses": 12400000, "sellingAndMarketingExpenses": 0, "sellingGeneralAndAdministrativeExpenses": 12400000, "otherExpenses": 3400000, "operatingExpenses": 15800000, "costAndExpenses": 165900000, "interestIncome": 0, "interestExpense": 0, "depreciationAndAmortization": 3400000, "ebitda": 16500000, "ebitdaratio": 0.0921273032, "operatingIncome": 13200000, "operatingIncomeRatio": 0.0737018425, "totalOtherIncomeExpensesNet": 100000, "incomeBeforeTax": 11700000, "incomeBeforeTaxRatio": 0.0653266332, "incomeTaxExpense": 4500000, "netIncome": 7200000, "netIncomeRatio": 0.040201005, "eps": 0.0889, "epsdiluted": 0.0889, "weightedAverageShsOut": 23536732, "weightedAverageShsOutDil": 23536732, "link": "https://www.sec.gov/Archives/edgar/data/850460/000095013497002223/0000950134-97-002223-index.htm", "finalLink": "https://www.sec.gov/Archives/edgar/data/850460/0000950134-97-002223.txt", "calculatedOtherExpenses": 3400000, "calculatedOperatingExpenses": 15800000, "calculatedNetInterest": 0, "calculatedOtherIncome": -1500000, "calculatedIncomeNonControlling": 0, "calculatedEbitda": 16600000}, {"date": "1995-12-31", "symbol": "WIRE", "reportedCurrency": "USD", "cik": "0000850460", "fillingDate": "1995-12-31", "acceptedDate": "1995-12-30 19:00:00", "calendarYear": "1995", "period": "FY", "revenue": 151300000, "costOfRevenue": 137200000, "grossProfit": 14100000, "grossProfitRatio": 0.0931923331, "researchAndDevelopmentExpenses": 0, "generalAndAdministrativeExpenses": 0, "sellingAndMarketingExpenses": 0, "sellingGeneralAndAdministrativeExpenses": 10300000, "otherExpenses": 3100000, "operatingExpenses": 13400000, "costAndExpenses": 150600000, "interestIncome": 0, "interestExpense": 0, "depreciationAndAmortization": 3100000, "ebitda": 3700000, "ebitdaratio": 0.0244547257, "operatingIncome": 700000, "operatingIncomeRatio": 0.0046265697, "totalOtherIncomeExpensesNet": 100000, "incomeBeforeTax": -800000, "incomeBeforeTaxRatio": -0.0052875083, "incomeTaxExpense": -300000, "netIncome": -500000, "netIncomeRatio": -0.0033046927, "eps": -0.0211, "epsdiluted": -0.0211, "weightedAverageShsOut": 23677661, "weightedAverageShsOutDil": 23677661, "link": "", "finalLink": "", "calculatedOtherExpenses": 3100000, "calculatedOperatingExpenses": 13400000, "calculatedNetInterest": 0, "calculatedOtherIncome": -1500000, "calculatedIncomeNonControlling": 0, "calculatedEbitda": 3800000}, {"date": "1994-12-31", "symbol": "WIRE", "reportedCurrency": "USD", "cik": "0000850460", "fillingDate": "1994-12-31", "acceptedDate": "1994-12-30 19:00:00", "calendarYear": "1994", "period": "FY", "revenue": 122700000, "costOfRevenue": 100200000, "grossProfit": 22500000, "grossProfitRatio": 0.1833740831, "researchAndDevelopmentExpenses": 0, "generalAndAdministrativeExpenses": 0, "sellingAndMarketingExpenses": 0, "sellingGeneralAndAdministrativeExpenses": 9100000, "otherExpenses": 2000000, "operatingExpenses": 11100000, "costAndExpenses": 111300000, "interestIncome": 0, "interestExpense": 0, "depreciationAndAmortization": 2000000, "ebitda": 13300000, "ebitdaratio": 0.108394458, "operatingIncome": 11400000, "operatingIncomeRatio": 0.0929095355, "totalOtherIncomeExpensesNet": 100000, "incomeBeforeTax": 10900000, "incomeBeforeTaxRatio": 0.0888345558, "incomeTaxExpense": 4200000, "netIncome": 6700000, "netIncomeRatio": 0.054604727, "eps": 0.13, "epsdiluted": 0.13, "weightedAverageShsOut": 23860570, "weightedAverageShsOutDil": 23860570, "link": "", "finalLink": "", "calculatedOtherExpenses": 2000000, "calculatedOperatingExpenses": 11100000, "calculatedNetInterest": 0, "calculatedOtherIncome": -500000, "calculatedIncomeNonControlling": 0, "calculatedEbitda": 13400000}, {"date": "1993-12-31", "symbol": "WIRE", "reportedCurrency": "USD", "cik": "0000850460", "fillingDate": "1993-12-31", "acceptedDate": "1993-12-30 19:00:00", "calendarYear": "1993", "period": "FY", "revenue": 74000000, "costOfRevenue": 61900000, "grossProfit": 12100000, "grossProfitRatio": 0.1635135135, "researchAndDevelopmentExpenses": 0, "generalAndAdministrativeExpenses": 0, "sellingAndMarketingExpenses": 0, "sellingGeneralAndAdministrativeExpenses": 6600000, "otherExpenses": 1000000, "operatingExpenses": 7600000, "costAndExpenses": 69500000, "interestIncome": 0, "interestExpense": 0, "depreciationAndAmortization": 1000000, "ebitda": 5500000, "ebitdaratio": 0.0743243243, "operatingIncome": 4500000, "operatingIncomeRatio": 0.0608108108, "totalOtherIncomeExpensesNet": -200000, "incomeBeforeTax": 4300000, "incomeBeforeTaxRatio": 0.0581081081, "incomeTaxExpense": 1700000, "netIncome": 2600000, "netIncomeRatio": 0.0351351351, "eps": 0.0593, "epsdiluted": 0.0593, "weightedAverageShsOut": 18899550, "weightedAverageShsOutDil": 18899550, "link": "", "finalLink": "", "calculatedOtherExpenses": 1000000, "calculatedOperatingExpenses": 7600000, "calculatedNetInterest": 0, "calculatedOtherIncome": -200000, "calculatedIncomeNonControlling": 0, "calculatedEbitda": 5500000}, {"date": "1992-12-31", "symbol": "WIRE", "reportedCurrency": "USD", "cik": "0000850460", "fillingDate": "1992-12-31", "acceptedDate": "1992-12-30 19:00:00", "calendarYear": "1992", "period": "FY", "revenue": 63100000, "costOfRevenue": 52200000, "grossProfit": 10900000, "grossProfitRatio": 0.1727416799, "researchAndDevelopmentExpenses": 0, "generalAndAdministrativeExpenses": 0, "sellingAndMarketingExpenses": 0, "sellingGeneralAndAdministrativeExpenses": 4400000, "otherExpenses": 700000, "operatingExpenses": 5100000, "costAndExpenses": 57300000, "interestIncome": 0, "interestExpense": 0, "depreciationAndAmortization": 700000, "ebitda": 6500000, "ebitdaratio": 0.1030110935, "operatingIncome": 5800000, "operatingIncomeRatio": 0.0919175911, "totalOtherIncomeExpensesNet": -400000, "incomeBeforeTax": 5400000, "incomeBeforeTaxRatio": 0.0855784469, "incomeTaxExpense": 2100000, "netIncome": 3300000, "netIncomeRatio": 0.0522979398, "eps": 0.0573, "epsdiluted": 0.0573, "weightedAverageShsOut": 50599700, "weightedAverageShsOutDil": 50599700, "link": "", "finalLink": "", "calculatedOtherExpenses": 700000, "calculatedOperatingExpenses": 5100000, "calculatedNetInterest": 0, "calculatedOtherIncome": -400000, "calculatedIncomeNonControlling": 0, "calculatedEbitda": 6500000}, {"date": "1991-12-31", "symbol": "WIRE", "reportedCurrency": "USD", "cik": "0000850460", "fillingDate": "1991-12-31", "acceptedDate": "1991-12-30 19:00:00", "calendarYear": "1991", "period": "FY", "revenue": 31300000, "costOfRevenue": 25400000, "grossProfit": 5900000, "grossProfitRatio": 0.1884984026, "researchAndDevelopmentExpenses": 0, "generalAndAdministrativeExpenses": 0, "sellingAndMarketingExpenses": 0, "sellingGeneralAndAdministrativeExpenses": 2600000, "otherExpenses": 500000, "operatingExpenses": 3100000, "costAndExpenses": 28500000, "interestIncome": 0, "interestExpense": 0, "depreciationAndAmortization": 500000, "ebitda": 3300000, "ebitdaratio": 0.1054313099, "operatingIncome": 2800000, "operatingIncomeRatio": 0.089456869, "totalOtherIncomeExpensesNet": -500000, "incomeBeforeTax": 2300000, "incomeBeforeTaxRatio": 0.0734824281, "incomeTaxExpense": 300000, "netIncome": 2000000, "netIncomeRatio": 0.0638977636, "eps": 0.0435, "epsdiluted": 0.0435, "weightedAverageShsOut": 45999727, "weightedAverageShsOutDil": 45999727, "link": "", "finalLink": "", "calculatedOtherExpenses": 500000, "calculatedOperatingExpenses": 3100000, "calculatedNetInterest": 0, "calculatedOtherIncome": -500000, "calculatedIncomeNonControlling": 0, "calculatedEbitda": 3300000}]}