{"originalCurrency": "USD", "convertedCurrency": "USD", "report": [{"date": "2023-12-31", "symbol": "WK", "reportedCurrency": "USD", "cik": "0001445305", "fillingDate": "2024-02-20", "acceptedDate": "2024-02-20 16:27:41", "calendarYear": "2023", "period": "FY", "revenue": 630039000, "costOfRevenue": 154222000, "grossProfit": 475817000, "grossProfitRatio": 0.7552183278, "researchAndDevelopmentExpenses": 172790000, "generalAndAdministrativeExpenses": 110519000, "sellingAndMarketingExpenses": 287035000, "sellingGeneralAndAdministrativeExpenses": 397554000, "otherExpenses": -1814000, "operatingExpenses": 570344000, "costAndExpenses": 724566000, "interestIncome": 25882000, "interestExpense": 53639000, "depreciationAndAmortization": 11140000, "ebitda": -59319000, "ebitdaratio": -0.0941513144, "operatingIncome": -94527000, "operatingIncomeRatio": -0.1500335694, "totalOtherIncomeExpensesNet": -1814000, "incomeBeforeTax": -124098000, "incomeBeforeTaxRatio": -0.1969687591, "incomeTaxExpense": 3427000, "netIncome": -127525000, "netIncomeRatio": -0.2024081049, "eps": -2.36, "epsdiluted": -2.36, "weightedAverageShsOut": 54099757, "weightedAverageShsOutDil": 54099757, "link": "https://www.sec.gov/Archives/edgar/data/1445305/000144530524000021/0001445305-24-000021-index.htm", "finalLink": "https://www.sec.gov/Archives/edgar/data/1445305/000144530524000021/wk-20231231.htm", "calculatedOtherExpenses": 0, "calculatedOperatingExpenses": 570344000, "calculatedNetInterest": -27757000, "calculatedOtherIncome": -1814000, "calculatedIncomeNonControlling": 0, "calculatedEbitda": -83387000}, {"date": "2022-12-31", "symbol": "WK", "reportedCurrency": "USD", "cik": "0001445305", "fillingDate": "2023-02-21", "acceptedDate": "2023-02-21 16:22:33", "calendarYear": "2022", "period": "FY", "revenue": 537875000, "costOfRevenue": 129885000, "grossProfit": 407990000, "grossProfitRatio": 0.7585219614, "researchAndDevelopmentExpenses": 151716000, "generalAndAdministrativeExpenses": 99778000, "sellingAndMarketingExpenses": 245260000, "sellingGeneralAndAdministrativeExpenses": 345038000, "otherExpenses": 926000, "operatingExpenses": 496754000, "costAndExpenses": 626639000, "interestIncome": 4880000, "interestExpense": 6042000, "depreciationAndAmortization": 16018000, "ebitda": -72746000, "ebitdaratio": -0.135247037, "operatingIncome": -88764000, "operatingIncomeRatio": -0.1650271903, "totalOtherIncomeExpensesNet": -236000, "incomeBeforeTax": -89000000, "incomeBeforeTaxRatio": -0.165465954, "incomeTaxExpense": 1947000, "netIncome": -90947000, "netIncomeRatio": -0.1690857541, "eps": -1.72, "epsdiluted": -1.72, "weightedAverageShsOut": 52954079, "weightedAverageShsOutDil": 52954079, "link": "https://www.sec.gov/Archives/edgar/data/1445305/000144530523000042/0001445305-23-000042-index.htm", "finalLink": "https://www.sec.gov/Archives/edgar/data/1445305/000144530523000042/wk-20221231.htm", "calculatedOtherExpenses": 0, "calculatedOperatingExpenses": 496754000, "calculatedNetInterest": -1162000, "calculatedOtherIncome": 926000, "calculatedIncomeNonControlling": 0, "calculatedEbitda": -72746000}, {"date": "2021-12-31", "symbol": "WK", "reportedCurrency": "USD", "cik": "0001445305", "fillingDate": "2022-02-22", "acceptedDate": "2022-02-22 16:29:45", "calendarYear": "2021", "period": "FY", "revenue": 443285000, "costOfRevenue": 103833000, "grossProfit": 339452000, "grossProfitRatio": 0.7657646886, "researchAndDevelopmentExpenses": 115735000, "generalAndAdministrativeExpenses": 74287000, "sellingAndMarketingExpenses": 178785000, "sellingGeneralAndAdministrativeExpenses": 253072000, "otherExpenses": 3229000, "operatingExpenses": 368807000, "costAndExpenses": 472640000, "interestIncome": 1041000, "interestExpense": 14015000, "depreciationAndAmortization": 9514000, "ebitda": -19841000, "ebitdaratio": -0.0447590151, "operatingIncome": -29355000, "operatingIncomeRatio": -0.0662215054, "totalOtherIncomeExpensesNet": -9745000, "incomeBeforeTax": -39100000, "incomeBeforeTaxRatio": -0.0882051051, "incomeTaxExpense": -1370000, "netIncome": -37730000, "netIncomeRatio": -0.0851145426, "eps": -0.74, "epsdiluted": -0.74, "weightedAverageShsOut": 51126510, "weightedAverageShsOutDil": 51126510, "link": "https://www.sec.gov/Archives/edgar/data/1445305/000144530522000041/0001445305-22-000041-index.htm", "finalLink": "https://www.sec.gov/Archives/edgar/data/1445305/000144530522000041/wk-20211231.htm", "calculatedOtherExpenses": 0, "calculatedOperatingExpenses": 368807000, "calculatedNetInterest": -12974000, "calculatedOtherIncome": 3229000, "calculatedIncomeNonControlling": 0, "calculatedEbitda": -19841000}, {"date": "2020-12-31", "symbol": "WK", "reportedCurrency": "USD", "cik": "0001445305", "fillingDate": "2021-02-17", "acceptedDate": "2021-02-17 16:28:41", "calendarYear": "2020", "period": "FY", "revenue": 351594000, "costOfRevenue": 90177000, "grossProfit": 261417000, "grossProfitRatio": 0.743519514, "researchAndDevelopmentExpenses": 94844000, "generalAndAdministrativeExpenses": 59688000, "sellingAndMarketingExpenses": 144687000, "sellingGeneralAndAdministrativeExpenses": 204375000, "otherExpenses": -205000, "operatingExpenses": 299219000, "costAndExpenses": 389396000, "interestIncome": 3282000, "interestExpense": 13964000, "depreciationAndAmortization": 7373000, "ebitda": -30429000, "ebitdaratio": -0.0865458455, "operatingIncome": -37802000, "operatingIncomeRatio": -0.1075160555, "totalOtherIncomeExpensesNet": -10887000, "incomeBeforeTax": -48689000, "incomeBeforeTaxRatio": -0.1384807477, "incomeTaxExpense": -291000, "netIncome": -48398000, "netIncomeRatio": -0.1376530885, "eps": -1, "epsdiluted": -1, "weightedAverageShsOut": 48448166, "weightedAverageShsOutDil": 48448166, "link": "https://www.sec.gov/Archives/edgar/data/1445305/000144530521000035/0001445305-21-000035-index.htm", "finalLink": "https://www.sec.gov/Archives/edgar/data/1445305/000144530521000035/wk-20201231.htm", "calculatedOtherExpenses": 0, "calculatedOperatingExpenses": 299219000, "calculatedNetInterest": -10682000, "calculatedOtherIncome": -205000, "calculatedIncomeNonControlling": 0, "calculatedEbitda": -30429000}, {"date": "2019-12-31", "symbol": "WK", "reportedCurrency": "USD", "cik": "0001445305", "fillingDate": "2020-02-20", "acceptedDate": "2020-02-20 16:24:26", "calendarYear": "2019", "period": "FY", "revenue": 297891000, "costOfRevenue": 85012000, "grossProfit": 212879000, "grossProfitRatio": 0.7146204484, "researchAndDevelopmentExpenses": 89921000, "generalAndAdministrativeExpenses": 48380000, "sellingAndMarketingExpenses": 120300000, "sellingGeneralAndAdministrativeExpenses": 168680000, "otherExpenses": -564000, "operatingExpenses": 258601000, "costAndExpenses": 343613000, "interestIncome": 4657000, "interestExpense": 6366000, "depreciationAndAmortization": 8253000, "ebitda": -37469000, "ebitdaratio": -0.1257809064, "operatingIncome": -45722000, "operatingIncomeRatio": -0.1534856709, "totalOtherIncomeExpensesNet": -2273000, "incomeBeforeTax": -47995000, "incomeBeforeTaxRatio": -0.1611159787, "incomeTaxExpense": 139000, "netIncome": -48134000, "netIncomeRatio": -0.1615825923, "eps": -1.04, "epsdiluted": -1.04, "weightedAverageShsOut": 46302656, "weightedAverageShsOutDil": 46302656, "link": "https://www.sec.gov/Archives/edgar/data/1445305/000144530520000037/0001445305-20-000037-index.htm", "finalLink": "https://www.sec.gov/Archives/edgar/data/1445305/000144530520000037/wk-20191231.htm", "calculatedOtherExpenses": 0, "calculatedOperatingExpenses": 258601000, "calculatedNetInterest": -1709000, "calculatedOtherIncome": -564000, "calculatedIncomeNonControlling": 0, "calculatedEbitda": -37469000}, {"date": "2018-12-31", "symbol": "WK", "reportedCurrency": "USD", "cik": "0001445305", "fillingDate": "2019-02-20", "acceptedDate": "2019-02-20 16:32:13", "calendarYear": "2018", "period": "FY", "revenue": 244344000, "costOfRevenue": 65860000, "grossProfit": 178484000, "grossProfitRatio": 0.7304619716, "researchAndDevelopmentExpenses": 81602000, "generalAndAdministrativeExpenses": 56333000, "sellingAndMarketingExpenses": 90337000, "sellingGeneralAndAdministrativeExpenses": 146670000, "otherExpenses": 1791000, "operatingExpenses": 228272000, "costAndExpenses": 294132000, "interestIncome": 1278000, "interestExpense": 1827000, "depreciationAndAmortization": 3781000, "ebitda": -44216000, "ebitdaratio": -0.1809579936, "operatingIncome": -49788000, "operatingIncomeRatio": -0.2037619094, "totalOtherIncomeExpensesNet": 1791000, "incomeBeforeTax": -49824000, "incomeBeforeTaxRatio": -0.2039092427, "incomeTaxExpense": 247000, "netIncome": -50071000, "netIncomeRatio": -0.2049201126, "eps": -1.15, "epsdiluted": -1.15, "weightedAverageShsOut": 43640408, "weightedAverageShsOutDil": 43640408, "link": "https://www.sec.gov/Archives/edgar/data/1445305/000144530519000032/0001445305-19-000032-index.htm", "finalLink": "https://www.sec.gov/Archives/edgar/data/1445305/000144530519000032/wk-20181231.htm", "calculatedOtherExpenses": 0, "calculatedOperatingExpenses": 228272000, "calculatedNetInterest": -549000, "calculatedOtherIncome": 513000, "calculatedIncomeNonControlling": 0, "calculatedEbitda": -46007000}, {"date": "2017-12-31", "symbol": "WK", "reportedCurrency": "USD", "cik": "0001445305", "fillingDate": "2018-02-22", "acceptedDate": "2018-02-22 16:24:04", "calendarYear": "2017", "period": "FY", "revenue": 207869000, "costOfRevenue": 60245000, "grossProfit": 147624000, "grossProfitRatio": 0.7101780448, "researchAndDevelopmentExpenses": 68172000, "generalAndAdministrativeExpenses": 39594000, "sellingAndMarketingExpenses": 84161000, "sellingGeneralAndAdministrativeExpenses": 123755000, "otherExpenses": 1783000, "operatingExpenses": 191927000, "costAndExpenses": 252172000, "interestIncome": 586000, "interestExpense": 1845000, "depreciationAndAmortization": 3546000, "ebitda": -38974000, "ebitdaratio": -0.1874930846, "operatingIncome": -44303000, "operatingIncomeRatio": -0.2131294229, "totalOtherIncomeExpensesNet": 1783000, "incomeBeforeTax": -44365000, "incomeBeforeTaxRatio": -0.2134276876, "incomeTaxExpense": 61000, "netIncome": -44426000, "netIncomeRatio": -0.2137211417, "eps": -1.07, "epsdiluted": -1.07, "weightedAverageShsOut": 41618838, "weightedAverageShsOutDil": 41618838, "link": "https://www.sec.gov/Archives/edgar/data/1445305/000144530518000054/0001445305-18-000054-index.htm", "finalLink": "https://www.sec.gov/Archives/edgar/data/1445305/000144530518000054/wk-20171231.htm", "calculatedOtherExpenses": 0, "calculatedOperatingExpenses": 191927000, "calculatedNetInterest": -1259000, "calculatedOtherIncome": 1197000, "calculatedIncomeNonControlling": 0, "calculatedEbitda": -40757000}, {"date": "2016-12-31", "symbol": "WK", "reportedCurrency": "USD", "cik": "0001445305", "fillingDate": "2017-02-23", "acceptedDate": "2017-02-23 16:19:09", "calendarYear": "2016", "period": "FY", "revenue": 178646000, "costOfRevenue": 51625000, "grossProfit": 127021000, "grossProfitRatio": 0.7110206778, "researchAndDevelopmentExpenses": 57438000, "generalAndAdministrativeExpenses": 32695000, "sellingAndMarketingExpenses": 80466000, "sellingGeneralAndAdministrativeExpenses": 113161000, "otherExpenses": 1500000, "operatingExpenses": 170599000, "costAndExpenses": 222224000, "interestIncome": 286000, "interestExpense": 1875000, "depreciationAndAmortization": 3820000, "ebitda": -38258000, "ebitdaratio": -0.2141553687, "operatingIncome": -43578000, "operatingIncomeRatio": -0.2439349328, "totalOtherIncomeExpensesNet": 1500000, "incomeBeforeTax": -43953000, "incomeBeforeTaxRatio": -0.2460340562, "incomeTaxExpense": 24000, "netIncome": -43977000, "netIncomeRatio": -0.2461684001, "eps": -1.08, "epsdiluted": -1.08, "weightedAverageShsOut": 40671133, "weightedAverageShsOutDil": 40671133, "link": "https://www.sec.gov/Archives/edgar/data/1445305/000144530517000008/0001445305-17-000008-index.htm", "finalLink": "https://www.sec.gov/Archives/edgar/data/1445305/000144530517000008/workiva10-k12x31x2016.htm", "calculatedOtherExpenses": 0, "calculatedOperatingExpenses": 170599000, "calculatedNetInterest": -1589000, "calculatedOtherIncome": 1214000, "calculatedIncomeNonControlling": 0, "calculatedEbitda": -39758000}, {"date": "2015-12-31", "symbol": "WK", "reportedCurrency": "USD", "cik": "0001445305", "fillingDate": "2016-03-01", "acceptedDate": "2016-03-01 16:22:52", "calendarYear": "2015", "period": "FY", "revenue": 145272000, "costOfRevenue": 40204000, "grossProfit": 105068000, "grossProfitRatio": 0.723250179, "researchAndDevelopmentExpenses": 50466000, "generalAndAdministrativeExpenses": 28716000, "sellingAndMarketingExpenses": 69569000, "sellingGeneralAndAdministrativeExpenses": 98285000, "otherExpenses": 2302000, "operatingExpenses": 148751000, "costAndExpenses": 188955000, "interestIncome": 151000, "interestExpense": 2025000, "depreciationAndAmortization": 4410000, "ebitda": -36971000, "ebitdaratio": -0.2544950162, "operatingIncome": -43683000, "operatingIncomeRatio": -0.300698001, "totalOtherIncomeExpensesNet": 2302000, "incomeBeforeTax": -43406000, "incomeBeforeTaxRatio": -0.298791233, "incomeTaxExpense": -7000, "netIncome": -43399000, "netIncomeRatio": -0.2987430475, "eps": -1.09, "epsdiluted": -1.09, "weightedAverageShsOut": 39852624, "weightedAverageShsOutDil": 39852624, "link": "https://www.sec.gov/Archives/edgar/data/1445305/000144530516000085/0001445305-16-000085-index.htm", "finalLink": "https://www.sec.gov/Archives/edgar/data/1445305/000144530516000085/workiva10-k12x31x2015.htm", "calculatedOtherExpenses": 0, "calculatedOperatingExpenses": 148751000, "calculatedNetInterest": -1874000, "calculatedOtherIncome": 2151000, "calculatedIncomeNonControlling": 0, "calculatedEbitda": -39273000}, {"date": "2014-12-31", "symbol": "WK", "reportedCurrency": "USD", "cik": "0001445305", "fillingDate": "2015-03-11", "acceptedDate": "2015-03-11 16:19:56", "calendarYear": "2014", "period": "FY", "revenue": 112694000, "costOfRevenue": 33878000, "grossProfit": 78816000, "grossProfitRatio": 0.6993806236, "researchAndDevelopmentExpenses": 44145000, "generalAndAdministrativeExpenses": 19783000, "sellingAndMarketingExpenses": 53498000, "sellingGeneralAndAdministrativeExpenses": 73281000, "otherExpenses": -468000, "operatingExpenses": 117426000, "costAndExpenses": 151304000, "interestIncome": 73000, "interestExpense": 2044000, "depreciationAndAmortization": 3877000, "ebitda": -35201000, "ebitdaratio": -0.3123591318, "operatingIncome": -38610000, "operatingIncomeRatio": -0.3426091895, "totalOtherIncomeExpensesNet": -468000, "incomeBeforeTax": -41122000, "incomeBeforeTaxRatio": -0.3648996397, "incomeTaxExpense": 32000, "netIncome": -41154000, "netIncomeRatio": -0.3651835945, "eps": -1.28, "epsdiluted": -1.28, "weightedAverageShsOut": 32156060, "weightedAverageShsOutDil": 32156060, "link": "https://www.sec.gov/Archives/edgar/data/1445305/000144530515000028/0001445305-15-000028-index.htm", "finalLink": "https://www.sec.gov/Archives/edgar/data/1445305/000144530515000028/workiva10-k12x31x2014.htm", "calculatedOtherExpenses": 0, "calculatedOperatingExpenses": 117426000, "calculatedNetInterest": -1971000, "calculatedOtherIncome": -541000, "calculatedIncomeNonControlling": 0, "calculatedEbitda": -34733000}, {"date": "2013-12-31", "symbol": "WK", "reportedCurrency": "USD", "cik": "0001445305", "fillingDate": "2013-12-31", "acceptedDate": "2013-12-30 19:00:00", "calendarYear": "2013", "period": "FY", "revenue": 85151000, "costOfRevenue": 24287000, "grossProfit": 60864000, "grossProfitRatio": 0.714777278, "researchAndDevelopmentExpenses": 33400000, "generalAndAdministrativeExpenses": 14402000, "sellingAndMarketingExpenses": 40824000, "sellingGeneralAndAdministrativeExpenses": 55226000, "otherExpenses": -116000, "operatingExpenses": 88626000, "costAndExpenses": 112913000, "interestIncome": 220000, "interestExpense": 366000, "depreciationAndAmortization": 2373000, "ebitda": -25285000, "ebitdaratio": -0.2969430776, "operatingIncome": -27762000, "operatingIncomeRatio": -0.3260325774, "totalOtherIncomeExpensesNet": -116000, "incomeBeforeTax": -28024000, "incomeBeforeTaxRatio": -0.3291094644, "incomeTaxExpense": 250000, "netIncome": -28024000, "netIncomeRatio": -0.3291094644, "eps": -0.87, "epsdiluted": -0.87, "weightedAverageShsOut": 31376613, "weightedAverageShsOutDil": 32203344, "link": "", "finalLink": "", "calculatedOtherExpenses": 0, "calculatedOperatingExpenses": 88626000, "calculatedNetInterest": -146000, "calculatedOtherIncome": -116000, "calculatedIncomeNonControlling": -250000, "calculatedEbitda": -25389000}, {"date": "2012-12-31", "symbol": "WK", "reportedCurrency": "USD", "cik": "0001445305", "fillingDate": "2012-12-31", "acceptedDate": "2012-12-30 19:00:00", "calendarYear": "2012", "period": "FY", "revenue": 52938000, "costOfRevenue": 19042000, "grossProfit": 33896000, "grossProfitRatio": 0.6402961955, "researchAndDevelopmentExpenses": 18385000, "generalAndAdministrativeExpenses": 16177000, "sellingAndMarketingExpenses": 27537000, "sellingGeneralAndAdministrativeExpenses": 43714000, "otherExpenses": -24000, "operatingExpenses": 62099000, "costAndExpenses": 81141000, "interestIncome": 98000, "interestExpense": 1521000, "depreciationAndAmortization": 1039000, "ebitda": -27090000, "ebitdaratio": -0.5117307038, "operatingIncome": -28203000, "operatingIncomeRatio": -0.5327552987, "totalOtherIncomeExpensesNet": -959000, "incomeBeforeTax": -30585000, "incomeBeforeTaxRatio": -0.5777513317, "incomeTaxExpense": 1497000, "netIncome": -30585000, "netIncomeRatio": -0.5777513317, "eps": -0.95, "epsdiluted": -0.95, "weightedAverageShsOut": 32203344, "weightedAverageShsOutDil": 32203344, "link": "", "finalLink": "", "calculatedOtherExpenses": 0, "calculatedOperatingExpenses": 62099000, "calculatedNetInterest": -1423000, "calculatedOtherIncome": -959000, "calculatedIncomeNonControlling": -1497000, "calculatedEbitda": -27164000}, {"date": "2011-12-31", "symbol": "WK", "reportedCurrency": "USD", "cik": "0001445305", "fillingDate": "2011-12-31", "acceptedDate": "2011-12-30 19:00:00", "calendarYear": "2011", "period": "FY", "revenue": 14864000, "costOfRevenue": 6395000, "grossProfit": 8469000, "grossProfitRatio": 0.5697658773, "researchAndDevelopmentExpenses": 6865000, "generalAndAdministrativeExpenses": 5306000, "sellingAndMarketingExpenses": 10657000, "sellingGeneralAndAdministrativeExpenses": 15963000, "otherExpenses": 0, "operatingExpenses": 22828000, "costAndExpenses": 29223000, "interestIncome": 0, "interestExpense": 268000, "depreciationAndAmortization": 0, "ebitda": -14359000, "ebitdaratio": -0.966025296, "operatingIncome": -14359000, "operatingIncomeRatio": -0.966025296, "totalOtherIncomeExpensesNet": 18000, "incomeBeforeTax": -14609000, "incomeBeforeTaxRatio": -0.9828444564, "incomeTaxExpense": 0, "netIncome": -14609000, "netIncomeRatio": -0.9828444564, "eps": -0.45, "epsdiluted": -0.45, "weightedAverageShsOut": 32203344, "weightedAverageShsOutDil": 32203344, "link": "", "finalLink": "", "calculatedOtherExpenses": 0, "calculatedOperatingExpenses": 22828000, "calculatedNetInterest": -268000, "calculatedOtherIncome": 18000, "calculatedIncomeNonControlling": 0, "calculatedEbitda": -14359000}]}