{"originalCurrency": "USD", "convertedCurrency": "USD", "report": [{"date": "2023-12-31", "symbol": "WLK", "reportedCurrency": "USD", "cik": "0001262823", "fillingDate": "2024-02-22", "acceptedDate": "2024-02-21 17:39:57", "calendarYear": "2023", "period": "FY", "revenue": 12548000000, "costOfRevenue": 10451000000, "grossProfit": 2097000000, "grossProfitRatio": 0.1671182659, "researchAndDevelopmentExpenses": 0, "generalAndAdministrativeExpenses": 865000000, "sellingAndMarketingExpenses": 0, "sellingGeneralAndAdministrativeExpenses": 865000000, "otherExpenses": 136000000, "operatingExpenses": 865000000, "costAndExpenses": 11316000000, "interestIncome": 104000000, "interestExpense": 165000000, "depreciationAndAmortization": 1097000000, "ebitda": 2329000000, "ebitdaratio": 0.1856072681, "operatingIncome": 1232000000, "operatingIncomeRatio": 0.0981829774, "totalOtherIncomeExpensesNet": -532000000, "incomeBeforeTax": 700000000, "incomeBeforeTaxRatio": 0.0557857826, "incomeTaxExpense": 178000000, "netIncome": 479000000, "netIncomeRatio": 0.0381734141, "eps": 3.72, "epsdiluted": 3.7, "weightedAverageShsOut": 127806317, "weightedAverageShsOutDil": 128598441, "link": "https://www.sec.gov/Archives/edgar/data/1262823/000126282324000014/0001262823-24-000014-index.htm", "finalLink": "https://www.sec.gov/Archives/edgar/data/1262823/000126282324000014/wlk-20231231.htm", "calculatedOtherExpenses": 0, "calculatedOperatingExpenses": 865000000, "calculatedNetInterest": -61000000, "calculatedOtherIncome": -471000000, "calculatedIncomeNonControlling": 43000000, "calculatedEbitda": 2329000000}, {"date": "2022-12-31", "symbol": "WLK", "reportedCurrency": "USD", "cik": "0001262823", "fillingDate": "2023-02-22", "acceptedDate": "2023-02-22 12:52:19", "calendarYear": "2022", "period": "FY", "revenue": 15794000000, "costOfRevenue": 11721000000, "grossProfit": 4073000000, "grossProfitRatio": 0.2578827403, "researchAndDevelopmentExpenses": 0, "generalAndAdministrativeExpenses": 794000000, "sellingAndMarketingExpenses": 41000000, "sellingGeneralAndAdministrativeExpenses": 835000000, "otherExpenses": 155000000, "operatingExpenses": 990000000, "costAndExpenses": 12711000000, "interestIncome": 24000000, "interestExpense": 177000000, "depreciationAndAmortization": 1162000000, "ebitda": 4212000000, "ebitdaratio": 0.2666835507, "operatingIncome": 3050000000, "operatingIncomeRatio": 0.1931113081, "totalOtherIncomeExpensesNet": -104000000, "incomeBeforeTax": 2946000000, "incomeBeforeTaxRatio": 0.1865265291, "incomeTaxExpense": 649000000, "netIncome": 2247000000, "netIncomeRatio": 0.1422692162, "eps": 17.47, "epsdiluted": 17.35, "weightedAverageShsOut": 127970445, "weightedAverageShsOutDil": 128845562, "link": "https://www.sec.gov/Archives/edgar/data/1262823/000126282323000011/0001262823-23-000011-index.htm", "finalLink": "https://www.sec.gov/Archives/edgar/data/1262823/000126282323000011/wlk-20221231.htm", "calculatedOtherExpenses": 188000000, "calculatedOperatingExpenses": 1023000000, "calculatedNetInterest": -153000000, "calculatedOtherIncome": 49000000, "calculatedIncomeNonControlling": 50000000, "calculatedEbitda": 4212000000}, {"date": "2021-12-31", "symbol": "WLK", "reportedCurrency": "USD", "cik": "0001262823", "fillingDate": "2022-02-23", "acceptedDate": "2022-02-23 13:18:40", "calendarYear": "2021", "period": "FY", "revenue": 11778000000, "costOfRevenue": 8283000000, "grossProfit": 3495000000, "grossProfitRatio": 0.2967396842, "researchAndDevelopmentExpenses": 0, "generalAndAdministrativeExpenses": 528000000, "sellingAndMarketingExpenses": 23000000, "sellingGeneralAndAdministrativeExpenses": 551000000, "otherExpenses": 123000000, "operatingExpenses": 674000000, "costAndExpenses": 8957000000, "interestIncome": 7000000, "interestExpense": 176000000, "depreciationAndAmortization": 914000000, "ebitda": 3714000000, "ebitdaratio": 0.3153336729, "operatingIncome": 2800000000, "operatingIncomeRatio": 0.2377313636, "totalOtherIncomeExpensesNet": -123000000, "incomeBeforeTax": 2677000000, "incomeBeforeTaxRatio": 0.2272881644, "incomeTaxExpense": 607000000, "netIncome": 2015000000, "netIncomeRatio": 0.1710816777, "eps": 15.66, "epsdiluted": 15.58, "weightedAverageShsOut": 128002911, "weightedAverageShsOutDil": 128697982, "link": "https://www.sec.gov/Archives/edgar/data/1262823/000126282322000014/0001262823-22-000014-index.htm", "finalLink": "https://www.sec.gov/Archives/edgar/data/1262823/000126282322000014/wlk-20211231.htm", "calculatedOtherExpenses": 144000000, "calculatedOperatingExpenses": 695000000, "calculatedNetInterest": -169000000, "calculatedOtherIncome": 46000000, "calculatedIncomeNonControlling": 55000000, "calculatedEbitda": 3714000000}, {"date": "2020-12-31", "symbol": "WLK", "reportedCurrency": "USD", "cik": "0001262823", "fillingDate": "2021-02-24", "acceptedDate": "2021-02-24 14:15:10", "calendarYear": "2020", "period": "FY", "revenue": 7504000000, "costOfRevenue": 6481000000, "grossProfit": 1023000000, "grossProfitRatio": 0.1363272921, "researchAndDevelopmentExpenses": 0, "generalAndAdministrativeExpenses": 435000000, "sellingAndMarketingExpenses": 14000000, "sellingGeneralAndAdministrativeExpenses": 449000000, "otherExpenses": 109000000, "operatingExpenses": 558000000, "costAndExpenses": 7039000000, "interestIncome": 14000000, "interestExpense": 142000000, "depreciationAndAmortization": 853000000, "ebitda": 1282000000, "ebitdaratio": 0.1708422175, "operatingIncome": 429000000, "operatingIncomeRatio": 0.0571695096, "totalOtherIncomeExpensesNet": -98000000, "incomeBeforeTax": 331000000, "incomeBeforeTaxRatio": 0.0441098081, "incomeTaxExpense": -42000000, "netIncome": 330000000, "netIncomeRatio": 0.0439765458, "eps": 2.57, "epsdiluted": 2.57, "weightedAverageShsOut": 127850592, "weightedAverageShsOutDil": 128089058, "link": "https://www.sec.gov/Archives/edgar/data/1262823/000126282321000023/0001262823-21-000023-index.htm", "finalLink": "https://www.sec.gov/Archives/edgar/data/1262823/000126282321000023/wlk-20201231.htm", "calculatedOtherExpenses": 145000000, "calculatedOperatingExpenses": 594000000, "calculatedNetInterest": -128000000, "calculatedOtherIncome": 30000000, "calculatedIncomeNonControlling": 43000000, "calculatedEbitda": 1282000000}, {"date": "2019-12-31", "symbol": "WLK", "reportedCurrency": "USD", "cik": "0001262823", "fillingDate": "2020-02-19", "acceptedDate": "2020-02-19 13:38:54", "calendarYear": "2019", "period": "FY", "revenue": 8118000000, "costOfRevenue": 6858000000, "grossProfit": 1260000000, "grossProfitRatio": 0.155210643, "researchAndDevelopmentExpenses": 0, "generalAndAdministrativeExpenses": 0, "sellingAndMarketingExpenses": 0, "sellingGeneralAndAdministrativeExpenses": 458000000, "otherExpenses": 109000000, "operatingExpenses": 567000000, "costAndExpenses": 7425000000, "interestIncome": 20000000, "interestExpense": 124000000, "depreciationAndAmortization": 788000000, "ebitda": 1444000000, "ebitdaratio": 0.1778763242, "operatingIncome": 656000000, "operatingIncomeRatio": 0.0808080808, "totalOtherIncomeExpensesNet": -86000000, "incomeBeforeTax": 570000000, "incomeBeforeTaxRatio": 0.0702143385, "incomeTaxExpense": 108000000, "netIncome": 421000000, "netIncomeRatio": 0.0518600641, "eps": 3.26, "epsdiluted": 3.25, "weightedAverageShsOut": 128395184, "weightedAverageShsOutDil": 128757293, "link": "https://www.sec.gov/Archives/edgar/data/1262823/000126282320000007/0001262823-20-000007-index.htm", "finalLink": "https://www.sec.gov/Archives/edgar/data/1262823/000126282320000007/a12311910-kwlk.htm", "calculatedOtherExpenses": 146000000, "calculatedOperatingExpenses": 604000000, "calculatedNetInterest": -104000000, "calculatedOtherIncome": 18000000, "calculatedIncomeNonControlling": 41000000, "calculatedEbitda": 1444000000}, {"date": "2018-12-31", "symbol": "WLK", "reportedCurrency": "USD", "cik": "0001262823", "fillingDate": "2019-02-20", "acceptedDate": "2019-02-20 14:07:58", "calendarYear": "2018", "period": "FY", "revenue": 8635000000, "costOfRevenue": 6648000000, "grossProfit": 1987000000, "grossProfitRatio": 0.2301100174, "researchAndDevelopmentExpenses": 0, "generalAndAdministrativeExpenses": 445000000, "sellingAndMarketingExpenses": 0, "sellingGeneralAndAdministrativeExpenses": 445000000, "otherExpenses": 52000000, "operatingExpenses": 546000000, "costAndExpenses": 7194000000, "interestIncome": 0, "interestExpense": 126000000, "depreciationAndAmortization": 641000000, "ebitda": 2134000000, "ebitdaratio": 0.247133758, "operatingIncome": 1408000000, "operatingIncomeRatio": 0.1630573248, "totalOtherIncomeExpensesNet": 19000000, "incomeBeforeTax": 1334000000, "incomeBeforeTaxRatio": 0.1544875507, "incomeTaxExpense": 300000000, "netIncome": 996000000, "netIncomeRatio": 0.1153445281, "eps": 7.7, "epsdiluted": 7.66, "weightedAverageShsOut": 129401823, "weightedAverageShsOutDil": 129985753, "link": "https://www.sec.gov/Archives/edgar/data/1262823/000126282319000012/0001262823-19-000012-index.htm", "finalLink": "https://www.sec.gov/Archives/edgar/data/1262823/000126282319000012/a12311810-kwlk.htm", "calculatedOtherExpenses": 134000000, "calculatedOperatingExpenses": 579000000, "calculatedNetInterest": -126000000, "calculatedOtherIncome": 52000000, "calculatedIncomeNonControlling": 38000000, "calculatedEbitda": 2049000000}, {"date": "2017-12-31", "symbol": "WLK", "reportedCurrency": "USD", "cik": "0001262823", "fillingDate": "2018-02-21", "acceptedDate": "2018-02-21 13:36:41", "calendarYear": "2017", "period": "FY", "revenue": 8041000000, "costOfRevenue": 6272000000, "grossProfit": 1769000000, "grossProfitRatio": 0.2199975127, "researchAndDevelopmentExpenses": 0, "generalAndAdministrativeExpenses": 399000000, "sellingAndMarketingExpenses": 0, "sellingGeneralAndAdministrativeExpenses": 399000000, "otherExpenses": 7000000, "operatingExpenses": 507000000, "costAndExpenses": 6779000000, "interestIncome": 0, "interestExpense": 159000000, "depreciationAndAmortization": 601000000, "ebitda": 1870000000, "ebitdaratio": 0.2325581395, "operatingIncome": 1233000000, "operatingIncomeRatio": 0.1533391369, "totalOtherIncomeExpensesNet": -22000000, "incomeBeforeTax": 1081000000, "incomeBeforeTaxRatio": 0.1344360154, "incomeTaxExpense": -258000000, "netIncome": 1304000000, "netIncomeRatio": 0.1621688845, "eps": 10.05, "epsdiluted": 10, "weightedAverageShsOut": 129087043, "weightedAverageShsOutDil": 129540013, "link": "https://www.sec.gov/Archives/edgar/data/1262823/000126282318000008/0001262823-18-000008-index.htm", "finalLink": "https://www.sec.gov/Archives/edgar/data/1262823/000126282318000008/a12311710-kwlk.htm", "calculatedOtherExpenses": 137000000, "calculatedOperatingExpenses": 536000000, "calculatedNetInterest": -159000000, "calculatedOtherIncome": 7000000, "calculatedIncomeNonControlling": 35000000, "calculatedEbitda": 1834000000}, {"date": "2016-12-31", "symbol": "WLK", "reportedCurrency": "USD", "cik": "0001262823", "fillingDate": "2017-02-22", "acceptedDate": "2017-02-22 15:34:48", "calendarYear": "2016", "period": "FY", "revenue": 5075456000, "costOfRevenue": 4094894000, "grossProfit": 980562000, "grossProfitRatio": 0.193196828, "researchAndDevelopmentExpenses": 0, "generalAndAdministrativeExpenses": 295436000, "sellingAndMarketingExpenses": 0, "sellingGeneralAndAdministrativeExpenses": 295436000, "otherExpenses": 56398000, "operatingExpenses": 295436000, "costAndExpenses": 4390330000, "interestIncome": 8421000, "interestExpense": 79473000, "depreciationAndAmortization": 377666000, "ebitda": 1119190000, "ebitdaratio": 0.2205102359, "operatingIncome": 581454000, "operatingIncomeRatio": 0.1145619231, "totalOtherIncomeExpensesNet": -47274000, "incomeBeforeTax": 558379000, "incomeBeforeTaxRatio": 0.1100155336, "incomeTaxExpense": 138520000, "netIncome": 398859000, "netIncomeRatio": 0.0785858453, "eps": 3.07, "epsdiluted": 3.06, "weightedAverageShsOut": 129367712, "weightedAverageShsOutDil": 129974822, "link": "https://www.sec.gov/Archives/edgar/data/1262823/000126282317000008/0001262823-17-000008-index.htm", "finalLink": "https://www.sec.gov/Archives/edgar/data/1262823/000126282317000008/a12311610-kwlk.htm", "calculatedOtherExpenses": 103672000, "calculatedOperatingExpenses": 399108000, "calculatedNetInterest": -71052000, "calculatedOtherIncome": 47977000, "calculatedIncomeNonControlling": 21000000, "calculatedEbitda": 959120000}, {"date": "2015-12-31", "symbol": "WLK", "reportedCurrency": "USD", "cik": "0001262823", "fillingDate": "2016-02-24", "acceptedDate": "2016-02-24 15:21:39", "calendarYear": "2015", "period": "FY", "revenue": 4463336000, "costOfRevenue": 3278145000, "grossProfit": 1185191000, "grossProfitRatio": 0.2655392738, "researchAndDevelopmentExpenses": 0, "generalAndAdministrativeExpenses": 225364000, "sellingAndMarketingExpenses": 0, "sellingGeneralAndAdministrativeExpenses": 225364000, "otherExpenses": 38270000, "operatingExpenses": 225364000, "costAndExpenses": 3503509000, "interestIncome": 6034000, "interestExpense": 34656000, "depreciationAndAmortization": 245757000, "ebitda": 1243854000, "ebitdaratio": 0.2786825818, "operatingIncome": 959827000, "operatingIncomeRatio": 0.2150469962, "totalOtherIncomeExpensesNet": 38270000, "incomeBeforeTax": 963441000, "incomeBeforeTaxRatio": 0.2158567045, "incomeTaxExpense": 298396000, "netIncome": 646010000, "netIncomeRatio": 0.1447370308, "eps": 4.88, "epsdiluted": 4.86, "weightedAverageShsOut": 131823707, "weightedAverageShsOutDil": 132301812, "link": "https://www.sec.gov/Archives/edgar/data/1262823/000126282316000030/0001262823-16-000030-index.htm", "finalLink": "https://www.sec.gov/Archives/edgar/data/1262823/000126282316000030/a12311510-k.htm", "calculatedOtherExpenses": 0, "calculatedOperatingExpenses": 225364000, "calculatedNetInterest": -28622000, "calculatedOtherIncome": 32236000, "calculatedIncomeNonControlling": 19035000, "calculatedEbitda": 1205584000}, {"date": "2014-12-31", "symbol": "WLK", "reportedCurrency": "USD", "cik": "0001262823", "fillingDate": "2015-02-25", "acceptedDate": "2015-02-25 17:27:12", "calendarYear": "2014", "period": "FY", "revenue": 4415350000, "costOfRevenue": 3098000000, "grossProfit": 1317350000, "grossProfitRatio": 0.2983568687, "researchAndDevelopmentExpenses": 0, "generalAndAdministrativeExpenses": 193359000, "sellingAndMarketingExpenses": 0, "sellingGeneralAndAdministrativeExpenses": 193359000, "otherExpenses": -2721000, "operatingExpenses": 193359000, "costAndExpenses": 3291359000, "interestIncome": 3468000, "interestExpense": 37352000, "depreciationAndAmortization": 208486000, "ebitda": 1329756000, "ebitdaratio": 0.3011666119, "operatingIncome": 1123991000, "operatingIncomeRatio": 0.2545644173, "totalOtherIncomeExpensesNet": -2721000, "incomeBeforeTax": 1083918000, "incomeBeforeTaxRatio": 0.2454885796, "incomeTaxExpense": 398902000, "netIncome": 678523000, "netIncomeRatio": 0.1536736612, "eps": 5.09, "epsdiluted": 5.07, "weightedAverageShsOut": 133111230, "weightedAverageShsOutDil": 133643414, "link": "https://www.sec.gov/Archives/edgar/data/1262823/000126282315000007/0001262823-15-000007-index.htm", "finalLink": "https://www.sec.gov/Archives/edgar/data/1262823/000126282315000007/a12311410-k.htm", "calculatedOtherExpenses": 0, "calculatedOperatingExpenses": 193359000, "calculatedNetInterest": -33884000, "calculatedOtherIncome": -6189000, "calculatedIncomeNonControlling": 6493000, "calculatedEbitda": 1332477000}, {"date": "2013-12-31", "symbol": "WLK", "reportedCurrency": "USD", "cik": "0001262823", "fillingDate": "2014-02-21", "acceptedDate": "2014-02-21 13:56:54", "calendarYear": "2013", "period": "FY", "revenue": 3759484000, "costOfRevenue": 2658046000, "grossProfit": 1101438000, "grossProfitRatio": 0.2929758446, "researchAndDevelopmentExpenses": 0, "generalAndAdministrativeExpenses": 147974000, "sellingAndMarketingExpenses": 0, "sellingGeneralAndAdministrativeExpenses": 147974000, "otherExpenses": 6790000, "operatingExpenses": 147974000, "costAndExpenses": 2806020000, "interestIncome": 3086000, "interestExpense": 18082000, "depreciationAndAmortization": 157808000, "ebitda": 1118062000, "ebitdaratio": 0.297397728, "operatingIncome": 953464000, "operatingIncomeRatio": 0.2536156558, "totalOtherIncomeExpensesNet": 6790000, "incomeBeforeTax": 942172000, "incomeBeforeTaxRatio": 0.2506120521, "incomeTaxExpense": 331747000, "netIncome": 610425000, "netIncomeRatio": 0.1623693571, "eps": 4.57, "epsdiluted": 4.55, "weightedAverageShsOut": 133224256, "weightedAverageShsOutDil": 133779250, "link": "https://www.sec.gov/Archives/edgar/data/1262823/000126282314000007/0001262823-14-000007-index.htm", "finalLink": "https://www.sec.gov/Archives/edgar/data/1262823/000126282314000007/a12311310-k.htm", "calculatedOtherExpenses": 0, "calculatedOperatingExpenses": 147974000, "calculatedNetInterest": -14996000, "calculatedOtherIncome": 3704000, "calculatedIncomeNonControlling": 0, "calculatedEbitda": 1111272000}, {"date": "2012-12-31", "symbol": "WLK", "reportedCurrency": "USD", "cik": "0001262823", "fillingDate": "2013-02-22", "acceptedDate": "2013-02-22 14:17:03", "calendarYear": "2012", "period": "FY", "revenue": 3571041000, "costOfRevenue": 2834081000, "grossProfit": 736960000, "grossProfitRatio": 0.2063711954, "researchAndDevelopmentExpenses": 0, "generalAndAdministrativeExpenses": 121609000, "sellingAndMarketingExpenses": 0, "sellingGeneralAndAdministrativeExpenses": 121609000, "otherExpenses": 3520000, "operatingExpenses": 121609000, "costAndExpenses": 2955690000, "interestIncome": 4010000, "interestExpense": 43049000, "depreciationAndAmortization": 144541000, "ebitda": 763412000, "ebitdaratio": 0.2137785592, "operatingIncome": 615351000, "operatingIncomeRatio": 0.1723169798, "totalOtherIncomeExpensesNet": 12867000, "incomeBeforeTax": 585169000, "incomeBeforeTaxRatio": 0.1638651026, "incomeTaxExpense": 199614000, "netIncome": 385555000, "netIncomeRatio": 0.1079671166, "eps": 2.89, "epsdiluted": 2.88, "weightedAverageShsOut": 132578858, "weightedAverageShsOutDil": 133282990, "link": "https://www.sec.gov/Archives/edgar/data/1262823/000126282313000007/0001262823-13-000007-index.htm", "finalLink": "https://www.sec.gov/Archives/edgar/data/1262823/000126282313000007/a12311210-k.htm", "calculatedOtherExpenses": 0, "calculatedOperatingExpenses": 121609000, "calculatedNetInterest": -39039000, "calculatedOtherIncome": 8857000, "calculatedIncomeNonControlling": 0, "calculatedEbitda": 759892000}, {"date": "2011-12-31", "symbol": "WLK", "reportedCurrency": "USD", "cik": "0001262823", "fillingDate": "2012-02-23", "acceptedDate": "2012-02-23 14:54:27", "calendarYear": "2011", "period": "FY", "revenue": 3619848000, "costOfRevenue": 3060842000, "grossProfit": 559006000, "grossProfitRatio": 0.1544280312, "researchAndDevelopmentExpenses": 0, "generalAndAdministrativeExpenses": 112210000, "sellingAndMarketingExpenses": 0, "sellingGeneralAndAdministrativeExpenses": 112210000, "otherExpenses": 0, "operatingExpenses": 112210000, "costAndExpenses": 3173052000, "interestIncome": 2865000, "interestExpense": 50992000, "depreciationAndAmortization": 131397000, "ebitda": 578193000, "ebitdaratio": 0.15972853, "operatingIncome": 446796000, "operatingIncomeRatio": 0.1234294921, "totalOtherIncomeExpensesNet": 5628000, "incomeBeforeTax": 401432000, "incomeBeforeTaxRatio": 0.1108974741, "incomeTaxExpense": 142466000, "netIncome": 258966000, "netIncomeRatio": 0.071540573, "eps": 1.95, "epsdiluted": 1.94, "weightedAverageShsOut": 131854842, "weightedAverageShsOutDil": 132600316, "link": "https://www.sec.gov/Archives/edgar/data/1262823/000119312512075023/0001193125-12-075023-index.htm", "finalLink": "https://www.sec.gov/Archives/edgar/data/1262823/000119312512075023/d276115d10k.htm", "calculatedOtherExpenses": 0, "calculatedOperatingExpenses": 112210000, "calculatedNetInterest": -48127000, "calculatedOtherIncome": 2763000, "calculatedIncomeNonControlling": 0, "calculatedEbitda": 578193000}, {"date": "2010-12-31", "symbol": "WLK", "reportedCurrency": "USD", "cik": "0001262823", "fillingDate": "2011-02-24", "acceptedDate": "2011-02-24 16:54:39", "calendarYear": "2010", "period": "FY", "revenue": 3171787000, "costOfRevenue": 2689104000, "grossProfit": 482683000, "grossProfitRatio": 0.1521801432, "researchAndDevelopmentExpenses": 0, "generalAndAdministrativeExpenses": 104319000, "sellingAndMarketingExpenses": 0, "sellingGeneralAndAdministrativeExpenses": 104319000, "otherExpenses": 0, "operatingExpenses": 104319000, "costAndExpenses": 2793423000, "interestIncome": 1510000, "interestExpense": 39875000, "depreciationAndAmortization": 128732000, "ebitda": 507096000, "ebitdaratio": 0.1598770661, "operatingIncome": 378364000, "operatingIncomeRatio": 0.119290482, "totalOtherIncomeExpensesNet": 4471000, "incomeBeforeTax": 342960000, "incomeBeforeTaxRatio": 0.1081283201, "incomeTaxExpense": 121567000, "netIncome": 221393000, "netIncomeRatio": 0.0698007149, "eps": 1.68, "epsdiluted": 1.67, "weightedAverageShsOut": 130945750, "weightedAverageShsOutDil": 131353328, "link": "https://www.sec.gov/Archives/edgar/data/1262823/000119312511045471/0001193125-11-045471-index.htm", "finalLink": "https://www.sec.gov/Archives/edgar/data/1262823/000119312511045471/d10k.htm", "calculatedOtherExpenses": 0, "calculatedOperatingExpenses": 104319000, "calculatedNetInterest": -38365000, "calculatedOtherIncome": 2961000, "calculatedIncomeNonControlling": 0, "calculatedEbitda": 507096000}, {"date": "2009-12-31", "symbol": "WLK", "reportedCurrency": "USD", "cik": "0001262823", "fillingDate": "2010-02-24", "acceptedDate": "2010-02-24 09:52:26", "calendarYear": "2009", "period": "FY", "revenue": 2325723000, "costOfRevenue": 2130595000, "grossProfit": 195128000, "grossProfitRatio": 0.0838999313, "researchAndDevelopmentExpenses": 0, "generalAndAdministrativeExpenses": 87871000, "sellingAndMarketingExpenses": 0, "sellingGeneralAndAdministrativeExpenses": 87871000, "otherExpenses": 0, "operatingExpenses": 87871000, "costAndExpenses": 2218466000, "interestIncome": 823000, "interestExpense": 34957000, "depreciationAndAmortization": 123199000, "ebitda": 230456000, "ebitdaratio": 0.0990900464, "operatingIncome": 107257000, "operatingIncomeRatio": 0.0461177019, "totalOtherIncomeExpensesNet": 6453000, "incomeBeforeTax": 78753000, "incomeBeforeTaxRatio": 0.0338617282, "incomeTaxExpense": 25758000, "netIncome": 52995000, "netIncomeRatio": 0.0227864625, "eps": 0.4, "epsdiluted": 0.4, "weightedAverageShsOut": 131828808, "weightedAverageShsOutDil": 132025386, "link": "https://www.sec.gov/Archives/edgar/data/1262823/000119312510038369/0001193125-10-038369-index.htm", "finalLink": "https://www.sec.gov/Archives/edgar/data/1262823/000119312510038369/d10k.htm", "calculatedOtherExpenses": 0, "calculatedOperatingExpenses": 87871000, "calculatedNetInterest": -34134000, "calculatedOtherIncome": 5630000, "calculatedIncomeNonControlling": 0, "calculatedEbitda": 230456000}, {"date": "2008-12-31", "symbol": "WLK", "reportedCurrency": "USD", "cik": "0001262823", "fillingDate": "2009-02-19", "acceptedDate": "2009-02-19 13:56:16", "calendarYear": "2008", "period": "FY", "revenue": 3692353000, "costOfRevenue": 3622985000, "grossProfit": 69368000, "grossProfitRatio": 0.0187869361, "researchAndDevelopmentExpenses": 0, "generalAndAdministrativeExpenses": 98908000, "sellingAndMarketingExpenses": 0, "sellingGeneralAndAdministrativeExpenses": 98908000, "otherExpenses": 0, "operatingExpenses": 98908000, "costAndExpenses": 3721893000, "interestIncome": 4560000, "interestExpense": 33957000, "depreciationAndAmortization": 111926000, "ebitda": 82386000, "ebitdaratio": 0.0223126012, "operatingIncome": -29540000, "operatingIncomeRatio": -0.0080003185, "totalOtherIncomeExpensesNet": 5475000, "incomeBeforeTax": -58022000, "incomeBeforeTaxRatio": -0.0157140988, "incomeTaxExpense": -28479000, "netIncome": -29543000, "netIncomeRatio": -0.008001131, "eps": -0.23, "epsdiluted": -0.23, "weightedAverageShsOut": 131247528, "weightedAverageShsOutDil": 131247528, "link": "https://www.sec.gov/Archives/edgar/data/1262823/000119312509032921/0001193125-09-032921-index.htm", "finalLink": "https://www.sec.gov/Archives/edgar/data/1262823/000119312509032921/d10k.htm", "calculatedOtherExpenses": 0, "calculatedOperatingExpenses": 98908000, "calculatedNetInterest": -29397000, "calculatedOtherIncome": 915000, "calculatedIncomeNonControlling": 0, "calculatedEbitda": 82386000}, {"date": "2007-12-31", "symbol": "WLK", "reportedCurrency": "USD", "cik": "0001262823", "fillingDate": "2008-02-20", "acceptedDate": "2008-02-20 14:48:11", "calendarYear": "2007", "period": "FY", "revenue": 3192178000, "costOfRevenue": 2920778000, "grossProfit": 271400000, "grossProfitRatio": 0.0850203215, "researchAndDevelopmentExpenses": 0, "generalAndAdministrativeExpenses": 96679000, "sellingAndMarketingExpenses": 0, "sellingGeneralAndAdministrativeExpenses": 96679000, "otherExpenses": 0, "operatingExpenses": 96679000, "costAndExpenses": 3017457000, "interestIncome": 0, "interestExpense": -18422000, "depreciationAndAmortization": 104274000, "ebitda": 280336000, "ebitdaratio": 0.0878196642, "operatingIncome": 174721000, "operatingIncomeRatio": 0.0547341032, "totalOtherIncomeExpensesNet": 1455000, "incomeBeforeTax": 158957000, "incomeBeforeTaxRatio": 0.0497957821, "incomeTaxExpense": 44228000, "netIncome": 114729000, "netIncomeRatio": 0.035940665, "eps": 0.88, "epsdiluted": 0.88, "weightedAverageShsOut": 130469656, "weightedAverageShsOutDil": 130648652, "link": "https://www.sec.gov/Archives/edgar/data/1262823/000119312508034397/0001193125-08-034397-index.htm", "finalLink": "https://www.sec.gov/Archives/edgar/data/1262823/000119312508034397/d10k.htm", "calculatedOtherExpenses": 0, "calculatedOperatingExpenses": 96679000, "calculatedNetInterest": 18422000, "calculatedOtherIncome": -34186000, "calculatedIncomeNonControlling": 0, "calculatedEbitda": 278995000}, {"date": "2006-12-31", "symbol": "WLK", "reportedCurrency": "USD", "cik": "0001262823", "fillingDate": "2007-02-26", "acceptedDate": "2007-02-26 17:16:29", "calendarYear": "2006", "period": "FY", "revenue": 2484366000, "costOfRevenue": 2087883000, "grossProfit": 396483000, "grossProfitRatio": 0.1595912197, "researchAndDevelopmentExpenses": 0, "generalAndAdministrativeExpenses": 83232000, "sellingAndMarketingExpenses": 0, "sellingGeneralAndAdministrativeExpenses": 83232000, "otherExpenses": 0, "operatingExpenses": 83232000, "costAndExpenses": 2171115000, "interestIncome": 0, "interestExpense": -16519000, "depreciationAndAmortization": 87112000, "ebitda": 426386000, "ebitdaratio": 0.1716276909, "operatingIncome": 313251000, "operatingIncomeRatio": 0.1260889096, "totalOtherIncomeExpensesNet": -24257000, "incomeBeforeTax": 282549000, "incomeBeforeTaxRatio": 0.1137308271, "incomeTaxExpense": 87990000, "netIncome": 194559000, "netIncomeRatio": 0.0783133403, "eps": 1.5, "epsdiluted": 1.49, "weightedAverageShsOut": 130267256, "weightedAverageShsOutDil": 130509308, "link": "https://www.sec.gov/Archives/edgar/data/1262823/000119312507039877/0001193125-07-039877-index.htm", "finalLink": "https://www.sec.gov/Archives/edgar/data/1262823/000119312507039877/d10k.htm", "calculatedOtherExpenses": 0, "calculatedOperatingExpenses": 83232000, "calculatedNetInterest": 16519000, "calculatedOtherIncome": -47221000, "calculatedIncomeNonControlling": 0, "calculatedEbitda": 400363000}, {"date": "2005-12-31", "symbol": "WLK", "reportedCurrency": "USD", "cik": "0001262823", "fillingDate": "2006-02-23", "acceptedDate": "2006-02-23 13:05:10", "calendarYear": "2005", "period": "FY", "revenue": 2441105000, "costOfRevenue": 1997474000, "grossProfit": 443631000, "grossProfitRatio": 0.1817336821, "researchAndDevelopmentExpenses": 0, "generalAndAdministrativeExpenses": 76598000, "sellingAndMarketingExpenses": 0, "sellingGeneralAndAdministrativeExpenses": 76598000, "otherExpenses": 0, "operatingExpenses": 76598000, "costAndExpenses": 2074072000, "interestIncome": 0, "interestExpense": -23717000, "depreciationAndAmortization": 82697000, "ebitda": 447718000, "ebitdaratio": 0.1834079239, "operatingIncome": 367033000, "operatingIncomeRatio": 0.1503552694, "totalOtherIncomeExpensesNet": 2012000, "incomeBeforeTax": 345328000, "incomeBeforeTaxRatio": 0.1414638043, "incomeTaxExpense": 118511000, "netIncome": 226817000, "netIncomeRatio": 0.0929157083, "eps": 1.75, "epsdiluted": 1.74, "weightedAverageShsOut": 130016506, "weightedAverageShsOutDil": 130502218, "link": "https://www.sec.gov/Archives/edgar/data/1262823/000119312506037475/0001193125-06-037475-index.htm", "finalLink": "https://www.sec.gov/Archives/edgar/data/1262823/000119312506037475/d10k.htm", "calculatedOtherExpenses": 0, "calculatedOperatingExpenses": 76598000, "calculatedNetInterest": 23717000, "calculatedOtherIncome": -45422000, "calculatedIncomeNonControlling": 0, "calculatedEbitda": 449730000}, {"date": "2004-12-31", "symbol": "WLK", "reportedCurrency": "USD", "cik": "0001262823", "fillingDate": "2005-03-16", "acceptedDate": "2005-03-16 14:47:46", "calendarYear": "2004", "period": "FY", "revenue": 1985353000, "costOfRevenue": 1682168000, "grossProfit": 303185000, "grossProfitRatio": 0.1527108781, "researchAndDevelopmentExpenses": 0, "generalAndAdministrativeExpenses": 60238000, "sellingAndMarketingExpenses": 0, "sellingGeneralAndAdministrativeExpenses": 60238000, "otherExpenses": -219000, "operatingExpenses": 60019000, "costAndExpenses": 1742187000, "interestIncome": 0, "interestExpense": -39350000, "depreciationAndAmortization": 83172000, "ebitda": 339273000, "ebitdaratio": 0.1708879983, "operatingIncome": 243166000, "operatingIncomeRatio": 0.1224799821, "totalOtherIncomeExpensesNet": -12935000, "incomeBeforeTax": 190662000, "incomeBeforeTaxRatio": 0.0960343072, "incomeTaxExpense": 69940000, "netIncome": 120722000, "netIncomeRatio": 0.060806315, "eps": 1.1, "epsdiluted": 1.09, "weightedAverageShsOut": 110461572, "weightedAverageShsOutDil": 110710884, "link": "https://www.sec.gov/Archives/edgar/data/1262823/000119312505052548/0001193125-05-052548-index.htm", "finalLink": "https://www.sec.gov/Archives/edgar/data/1262823/000119312505052548/d10k.htm", "calculatedOtherExpenses": -219000, "calculatedOperatingExpenses": 60019000, "calculatedNetInterest": 39350000, "calculatedOtherIncome": -91854000, "calculatedIncomeNonControlling": 0, "calculatedEbitda": 326338000}, {"date": "2003-12-31", "symbol": "WLK", "reportedCurrency": "USD", "cik": "0001262823", "fillingDate": "2004-03-26", "acceptedDate": "2004-03-26 17:13:30", "calendarYear": "2003", "period": "FY", "revenue": 1423034000, "costOfRevenue": 1301082000, "grossProfit": 121952000, "grossProfitRatio": 0.0856985849, "researchAndDevelopmentExpenses": 0, "generalAndAdministrativeExpenses": 0, "sellingAndMarketingExpenses": 0, "sellingGeneralAndAdministrativeExpenses": 57014000, "otherExpenses": -877000, "operatingExpenses": 56137000, "costAndExpenses": 1357219000, "interestIncome": 0, "interestExpense": -36788000, "depreciationAndAmortization": 88180000, "ebitda": 156841000, "ebitdaratio": 0.1102159189, "operatingIncome": 65815000, "operatingIncomeRatio": 0.0462497734, "totalOtherIncomeExpensesNet": -2846000, "incomeBeforeTax": 23503000, "incomeBeforeTaxRatio": 0.0165161198, "incomeTaxExpense": 8747000, "netIncome": 14756000, "netIncomeRatio": 0.0103693938, "eps": 0.15, "epsdiluted": 0.15, "weightedAverageShsOut": 98998790, "weightedAverageShsOutDil": 98998790, "link": "https://www.sec.gov/Archives/edgar/data/1262823/000095012904001565/0000950129-04-001565-index.htm", "finalLink": "https://www.sec.gov/Archives/edgar/data/1262823/000095012904001565/h13929e10vk.htm", "calculatedOtherExpenses": -877000, "calculatedOperatingExpenses": 56137000, "calculatedNetInterest": 36788000, "calculatedOtherIncome": -79100000, "calculatedIncomeNonControlling": 0, "calculatedEbitda": 153995000}, {"date": "2002-12-31", "symbol": "WLK", "reportedCurrency": "USD", "cik": "0001262823", "fillingDate": "2002-12-31", "acceptedDate": "2002-12-30 19:00:00", "calendarYear": "2002", "period": "FY", "revenue": 1072627000, "costOfRevenue": 992058000, "grossProfit": 80569000, "grossProfitRatio": 0.0751137161, "researchAndDevelopmentExpenses": 0, "generalAndAdministrativeExpenses": 0, "sellingAndMarketingExpenses": 0, "sellingGeneralAndAdministrativeExpenses": 64258000, "otherExpenses": 2239000, "operatingExpenses": 66497000, "costAndExpenses": 1058555000, "interestIncome": 0, "interestExpense": 0, "depreciationAndAmortization": 88018000, "ebitda": 97560000, "ebitdaratio": 0.0909542646, "operatingIncome": 14072000, "operatingIncomeRatio": 0.0131191924, "totalOtherIncomeExpensesNet": 4530000, "incomeBeforeTax": -14203000, "incomeBeforeTaxRatio": -0.0132413225, "incomeTaxExpense": -7141000, "netIncome": -7062000, "netIncomeRatio": -0.0065838358, "eps": -0.0713, "epsdiluted": -0.0713, "weightedAverageShsOut": 98998790, "weightedAverageShsOutDil": 98998790, "link": "", "finalLink": "", "calculatedOtherExpenses": 2239000, "calculatedOperatingExpenses": 66497000, "calculatedNetInterest": 0, "calculatedOtherIncome": -28275000, "calculatedIncomeNonControlling": 0, "calculatedEbitda": 102090000}, {"date": "2001-12-31", "symbol": "WLK", "reportedCurrency": "USD", "cik": "0001262823", "fillingDate": "2001-12-31", "acceptedDate": "2001-12-30 19:00:00", "calendarYear": "2001", "period": "FY", "revenue": 1087033000, "costOfRevenue": 1116954000, "grossProfit": -29921000, "grossProfitRatio": -0.0275253833, "researchAndDevelopmentExpenses": 0, "generalAndAdministrativeExpenses": 0, "sellingAndMarketingExpenses": 0, "sellingGeneralAndAdministrativeExpenses": 0, "otherExpenses": -60880000, "operatingExpenses": -60880000, "costAndExpenses": 1116954000, "interestIncome": 0, "interestExpense": 0, "depreciationAndAmortization": 60880000, "ebitda": -29921000, "ebitdaratio": -0.0275253833, "operatingIncome": -90801000, "operatingIncomeRatio": -0.0835310428, "totalOtherIncomeExpensesNet": -26538000, "incomeBeforeTax": -117339000, "incomeBeforeTaxRatio": -0.107944285, "incomeTaxExpense": -45353000, "netIncome": -71986000, "netIncomeRatio": -0.0662224606, "eps": -0.73, "epsdiluted": -0.73, "weightedAverageShsOut": 98998790, "weightedAverageShsOutDil": 98998790, "link": "", "finalLink": "", "calculatedOtherExpenses": 60880000, "calculatedOperatingExpenses": 60880000, "calculatedNetInterest": 0, "calculatedOtherIncome": -26538000, "calculatedIncomeNonControlling": 0, "calculatedEbitda": -29921000}, {"date": "2000-12-31", "symbol": "WLK", "reportedCurrency": "USD", "cik": "0001262823", "fillingDate": "2000-12-31", "acceptedDate": "2000-12-30 19:00:00", "calendarYear": "2000", "period": "FY", "revenue": 1392276000, "costOfRevenue": 1193352000, "grossProfit": 198924000, "grossProfitRatio": 0.1428768434, "researchAndDevelopmentExpenses": 0, "generalAndAdministrativeExpenses": 0, "sellingAndMarketingExpenses": 0, "sellingGeneralAndAdministrativeExpenses": 62038000, "otherExpenses": 10777000, "operatingExpenses": 72815000, "costAndExpenses": 1266167000, "interestIncome": 0, "interestExpense": 0, "depreciationAndAmortization": 78757000, "ebitda": 203000000, "ebitdaratio": 0.1458044238, "operatingIncome": 126109000, "operatingIncomeRatio": 0.0905775866, "totalOtherIncomeExpensesNet": 1866000, "incomeBeforeTax": 90694000, "incomeBeforeTaxRatio": 0.0651408198, "incomeTaxExpense": 71110000, "netIncome": 54999000, "netIncomeRatio": 0.0395029434, "eps": 0.56, "epsdiluted": 0.56, "weightedAverageShsOut": 98998790, "weightedAverageShsOutDil": 98998790, "link": "", "finalLink": "", "calculatedOtherExpenses": 10777000, "calculatedOperatingExpenses": 72815000, "calculatedNetInterest": 0, "calculatedOtherIncome": -35415000, "calculatedIncomeNonControlling": -35415000, "calculatedEbitda": 204866000}, {"date": "1999-12-31", "symbol": "WLK", "reportedCurrency": "USD", "cik": "0001262823", "fillingDate": "1999-12-31", "acceptedDate": "1999-12-30 19:00:00", "calendarYear": "1999", "period": "FY", "revenue": 1057631000, "costOfRevenue": 887956000, "grossProfit": 169675000, "grossProfitRatio": 0.1604292991, "researchAndDevelopmentExpenses": 0, "generalAndAdministrativeExpenses": 0, "sellingAndMarketingExpenses": 0, "sellingGeneralAndAdministrativeExpenses": 52087000, "otherExpenses": 2748000, "operatingExpenses": 54835000, "costAndExpenses": 942791000, "interestIncome": 0, "interestExpense": 0, "depreciationAndAmortization": 86462000, "ebitda": 189881000, "ebitdaratio": 0.179534261, "operatingIncome": 114840000, "operatingIncomeRatio": 0.1085822938, "totalOtherIncomeExpensesNet": 11421000, "incomeBeforeTax": 126261000, "incomeBeforeTaxRatio": 0.1193809561, "incomeTaxExpense": 77040000, "netIncome": 37800000, "netIncomeRatio": 0.0357402535, "eps": 0.38, "epsdiluted": 0.38, "weightedAverageShsOut": 98998790, "weightedAverageShsOutDil": 98998790, "link": "", "finalLink": "", "calculatedOtherExpenses": 2748000, "calculatedOperatingExpenses": 54835000, "calculatedNetInterest": 0, "calculatedOtherIncome": 11421000, "calculatedIncomeNonControlling": 11421000, "calculatedEbitda": 201302000}]}