{"originalCurrency": "USD", "convertedCurrency": "USD", "report": [{"date": "2023-04-30", "symbol": "WLY", "reportedCurrency": "USD", "cik": "0000107140", "fillingDate": "2023-06-26", "acceptedDate": "2023-06-26 12:29:59", "calendarYear": "2023", "period": "FY", "revenue": 2019900000, "costOfRevenue": 692541000, "grossProfit": 1327359000, "grossProfitRatio": 0.6571409476, "researchAndDevelopmentExpenses": 32366000, "generalAndAdministrativeExpenses": 1037399000, "sellingAndMarketingExpenses": 93385000, "sellingGeneralAndAdministrativeExpenses": 1037399000, "otherExpenses": 84881000, "operatingExpenses": 1122280000, "costAndExpenses": 1814821000, "interestIncome": 37745000, "interestExpense": 37745000, "depreciationAndAmortization": 213253000, "ebitda": 422216000, "ebitdaratio": 0.2090281697, "operatingIncome": 208963000, "operatingIncomeRatio": 0.1034521511, "totalOtherIncomeExpensesNet": -175863000, "incomeBeforeTax": 33100000, "incomeBeforeTaxRatio": 0.0163869498, "incomeTaxExpense": 15867000, "netIncome": 17233000, "netIncomeRatio": 0.0085316105, "eps": 0.31, "epsdiluted": 0.31, "weightedAverageShsOut": 55558000, "weightedAverageShsOutDil": 56355000, "link": "https://www.sec.gov/Archives/edgar/data/107140/000010714023000092/0000107140-23-000092-index.htm", "finalLink": "https://www.sec.gov/Archives/edgar/data/107140/000010714023000092/jwa-20230430.htm", "calculatedOtherExpenses": 48631000, "calculatedOperatingExpenses": 1118396000, "calculatedNetInterest": 0, "calculatedOtherIncome": -175863000, "calculatedIncomeNonControlling": 0, "calculatedEbitda": 422216000}, {"date": "2022-04-30", "symbol": "WLY", "reportedCurrency": "USD", "cik": "0000107140", "fillingDate": "2022-06-24", "acceptedDate": "2022-06-24 14:08:41", "calendarYear": "2022", "period": "FY", "revenue": 2082928000, "costOfRevenue": 700658000, "grossProfit": 1382270000, "grossProfitRatio": 0.6636187137, "researchAndDevelopmentExpenses": 35162000, "generalAndAdministrativeExpenses": 1079585000, "sellingAndMarketingExpenses": 100572000, "sellingGeneralAndAdministrativeExpenses": 1079585000, "otherExpenses": 84836000, "operatingExpenses": 1164421000, "costAndExpenses": 1865079000, "interestIncome": 19802000, "interestExpense": 19802000, "depreciationAndAmortization": 223428000, "ebitda": 442704000, "ebitdaratio": 0.2125392716, "operatingIncome": 219276000, "operatingIncomeRatio": 0.1052729619, "totalOtherIncomeExpensesNet": -9615000, "incomeBeforeTax": 209661000, "incomeBeforeTaxRatio": 0.1006568638, "incomeTaxExpense": 61352000, "netIncome": 148309000, "netIncomeRatio": 0.0712021731, "eps": 2.66, "epsdiluted": 2.62, "weightedAverageShsOut": 55759000, "weightedAverageShsOutDil": 56598000, "link": "https://www.sec.gov/Archives/edgar/data/107140/000010714022000022/0000107140-22-000022-index.htm", "finalLink": "https://www.sec.gov/Archives/edgar/data/107140/000010714022000022/form10k.htm", "calculatedOtherExpenses": 48247000, "calculatedOperatingExpenses": 1162994000, "calculatedNetInterest": 0, "calculatedOtherIncome": -9615000, "calculatedIncomeNonControlling": 0, "calculatedEbitda": 442704000}, {"date": "2021-04-30", "symbol": "WLY", "reportedCurrency": "USD", "cik": "0000107140", "fillingDate": "2021-07-06", "acceptedDate": "2021-07-06 11:56:59", "calendarYear": "2021", "period": "FY", "revenue": 1941501000, "costOfRevenue": 625335000, "grossProfit": 1316166000, "grossProfitRatio": 0.6779115746, "researchAndDevelopmentExpenses": 34365000, "generalAndAdministrativeExpenses": 1022660000, "sellingAndMarketingExpenses": 93646000, "sellingGeneralAndAdministrativeExpenses": 1022660000, "otherExpenses": 74685000, "operatingExpenses": 1097345000, "costAndExpenses": 1722680000, "interestIncome": 18383000, "interestExpense": 18383000, "depreciationAndAmortization": 250260000, "ebitda": 435771000, "ebitdaratio": 0.2244505669, "operatingIncome": 185511000, "operatingIncomeRatio": 0.0955502985, "totalOtherIncomeExpensesNet": -9599000, "incomeBeforeTax": 175912000, "incomeBeforeTaxRatio": 0.0906061856, "incomeTaxExpense": 27656000, "netIncome": 148256000, "netIncomeRatio": 0.0763615368, "eps": 2.65, "epsdiluted": 2.63, "weightedAverageShsOut": 55930000, "weightedAverageShsOutDil": 56461000, "link": "https://www.sec.gov/Archives/edgar/data/107140/000114036121023449/0001140361-21-023449-index.htm", "finalLink": "https://www.sec.gov/Archives/edgar/data/107140/000114036121023449/form10k.htm", "calculatedOtherExpenses": 73630000, "calculatedOperatingExpenses": 1130655000, "calculatedNetInterest": 0, "calculatedOtherIncome": -9599000, "calculatedIncomeNonControlling": 0, "calculatedEbitda": 435771000}, {"date": "2020-04-30", "symbol": "WLY", "reportedCurrency": "USD", "cik": "0000107140", "fillingDate": "2020-06-26", "acceptedDate": "2020-06-26 14:52:07", "calendarYear": "2020", "period": "FY", "revenue": 1831483000, "costOfRevenue": 591024000, "grossProfit": 1240459000, "grossProfitRatio": 0.677297578, "researchAndDevelopmentExpenses": 38816000, "generalAndAdministrativeExpenses": 997355000, "sellingAndMarketingExpenses": 103100000, "sellingGeneralAndAdministrativeExpenses": 997355000, "otherExpenses": 62436000, "operatingExpenses": 1059791000, "costAndExpenses": 1650815000, "interestIncome": 13381000, "interestExpense": 24959000, "depreciationAndAmortization": 175127000, "ebitda": 369176000, "ebitdaratio": 0.2015721686, "operatingIncome": 194049000, "operatingIncomeRatio": 0.1059518434, "totalOtherIncomeExpensesNet": -257141000, "incomeBeforeTax": -63092000, "incomeBeforeTaxRatio": -0.0344485862, "incomeTaxExpense": 11195000, "netIncome": -74287000, "netIncomeRatio": -0.040561119, "eps": -1.32, "epsdiluted": -1.32, "weightedAverageShsOut": 56209000, "weightedAverageShsOutDil": 56209000, "link": "https://www.sec.gov/Archives/edgar/data/107140/000010714020000034/0000107140-20-000034-index.htm", "finalLink": "https://www.sec.gov/Archives/edgar/data/107140/000010714020000034/form10k.htm", "calculatedOtherExpenses": 10239000, "calculatedOperatingExpenses": 1046410000, "calculatedNetInterest": -11578000, "calculatedOtherIncome": -245563000, "calculatedIncomeNonControlling": 0, "calculatedEbitda": 369176000}, {"date": "2019-04-30", "symbol": "WLY", "reportedCurrency": "USD", "cik": "0000107140", "fillingDate": "2019-07-01", "acceptedDate": "2019-07-01 14:37:41", "calendarYear": "2019", "period": "FY", "revenue": 1800069000, "costOfRevenue": 554722000, "grossProfit": 1245347000, "grossProfitRatio": 0.6918329242, "researchAndDevelopmentExpenses": 37079000, "generalAndAdministrativeExpenses": 963582000, "sellingAndMarketingExpenses": 89500000, "sellingGeneralAndAdministrativeExpenses": 963582000, "otherExpenses": 54658000, "operatingExpenses": 1018240000, "costAndExpenses": 1572962000, "interestIncome": 11100000, "interestExpense": 16121000, "depreciationAndAmortization": 161155000, "ebitda": 399362000, "ebitdaratio": 0.2218592732, "operatingIncome": 223989000, "operatingIncomeRatio": 0.1244335634, "totalOtherIncomeExpensesNet": -9134000, "incomeBeforeTax": 212952000, "incomeBeforeTaxRatio": 0.1183021318, "incomeTaxExpense": 44689000, "netIncome": 168263000, "netIncomeRatio": 0.0934758612, "eps": 2.94, "epsdiluted": 2.91, "weightedAverageShsOut": 57192000, "weightedAverageShsOutDil": 57840000, "link": "https://www.sec.gov/Archives/edgar/data/107140/000010714019000026/0000107140-19-000026-index.htm", "finalLink": "https://www.sec.gov/Archives/edgar/data/107140/000010714019000026/form10k.htm", "calculatedOtherExpenses": 20697000, "calculatedOperatingExpenses": 1021358000, "calculatedNetInterest": -5021000, "calculatedOtherIncome": -6016000, "calculatedIncomeNonControlling": 0, "calculatedEbitda": 385144000}, {"date": "2018-04-30", "symbol": "WLY", "reportedCurrency": "USD", "cik": "0000107140", "fillingDate": "2018-06-29", "acceptedDate": "2018-06-29 12:45:39", "calendarYear": "2018", "period": "FY", "revenue": 1796103000, "costOfRevenue": 485220000, "grossProfit": 1310883000, "grossProfitRatio": 0.7298484552, "researchAndDevelopmentExpenses": 41432000, "generalAndAdministrativeExpenses": 994552000, "sellingAndMarketingExpenses": 68300000, "sellingGeneralAndAdministrativeExpenses": 994552000, "otherExpenses": 48230000, "operatingExpenses": 1042782000, "costAndExpenses": 1528002000, "interestIncome": 489000, "interestExpense": 13274000, "depreciationAndAmortization": 153989000, "ebitda": 422579000, "ebitdaratio": 0.2352754825, "operatingIncome": 239535000, "operatingIncomeRatio": 0.1333637325, "totalOtherIncomeExpensesNet": -41385000, "incomeBeforeTax": 213931000, "incomeBeforeTaxRatio": 0.1191084253, "incomeTaxExpense": 21745000, "netIncome": 192186000, "netIncomeRatio": 0.1070016586, "eps": 3.35, "epsdiluted": 3.32, "weightedAverageShsOut": 57410839, "weightedAverageShsOutDil": 57888000, "link": "https://www.sec.gov/Archives/edgar/data/107140/000010714018000021/0000107140-18-000021-index.htm", "finalLink": "https://www.sec.gov/Archives/edgar/data/107140/000010714018000021/form10k.htm", "calculatedOtherExpenses": 35364000, "calculatedOperatingExpenses": 1071348000, "calculatedNetInterest": -12785000, "calculatedOtherIncome": -12819000, "calculatedIncomeNonControlling": 0, "calculatedEbitda": 393524000}, {"date": "2017-04-30", "symbol": "WLY", "reportedCurrency": "USD", "cik": "0000107140", "fillingDate": "2017-04-30", "acceptedDate": "2017-04-30 00:00:00", "calendarYear": "2017", "period": "FY", "revenue": 1718530000, "costOfRevenue": 460756000, "grossProfit": 1257774000, "grossProfitRatio": 0.7318894637, "researchAndDevelopmentExpenses": 40209000, "generalAndAdministrativeExpenses": 988597000, "sellingAndMarketingExpenses": 61400000, "sellingGeneralAndAdministrativeExpenses": 988597000, "otherExpenses": 49669000, "operatingExpenses": 1038266000, "costAndExpenses": 1499022000, "interestIncome": 1480000, "interestExpense": 16938000, "depreciationAndAmortization": 116352000, "ebitda": 337340000, "ebitdaratio": 0.1962956713, "operatingIncome": 206153000, "operatingIncomeRatio": 0.1199589184, "totalOtherIncomeExpensesNet": -12934000, "incomeBeforeTax": 191116000, "incomeBeforeTaxRatio": 0.1112089984, "incomeTaxExpense": 77473000, "netIncome": 113643000, "netIncomeRatio": 0.066128028, "eps": 1.99, "epsdiluted": 1.95, "weightedAverageShsOut": 57167126, "weightedAverageShsOutDil": 58199000, "link": null, "finalLink": null, "calculatedOtherExpenses": 22815000, "calculatedOperatingExpenses": 1051621000, "calculatedNetInterest": -15458000, "calculatedOtherIncome": 421000, "calculatedIncomeNonControlling": 0, "calculatedEbitda": 322505000}, {"date": "2016-04-30", "symbol": "WLY", "reportedCurrency": "USD", "cik": "0000107140", "fillingDate": "2016-04-30", "acceptedDate": "2016-04-30 00:00:00", "calendarYear": "2016", "period": "FY", "revenue": 1727037000, "costOfRevenue": 465917000, "grossProfit": 1261120000, "grossProfitRatio": 0.7302217613, "researchAndDevelopmentExpenses": 39658000, "generalAndAdministrativeExpenses": 994632000, "sellingAndMarketingExpenses": 54100000, "sellingGeneralAndAdministrativeExpenses": 994632000, "otherExpenses": 49764000, "operatingExpenses": 1044396000, "costAndExpenses": 1510313000, "interestIncome": 2914000, "interestExpense": 16707000, "depreciationAndAmortization": 116191000, "ebitda": 335829000, "ebitdaratio": 0.1944538536, "operatingIncome": 188113000, "operatingIncomeRatio": 0.1089223914, "totalOtherIncomeExpensesNet": -28138000, "incomeBeforeTax": 174793000, "incomeBeforeTaxRatio": 0.1012097598, "incomeTaxExpense": 29011000, "netIncome": 145782000, "netIncomeRatio": 0.0844116252, "eps": 2.53, "epsdiluted": 2.48, "weightedAverageShsOut": 57564229, "weightedAverageShsOutDil": 58734000, "link": null, "finalLink": null, "calculatedOtherExpenses": 38717000, "calculatedOperatingExpenses": 1073007000, "calculatedNetInterest": -13793000, "calculatedOtherIncome": 473000, "calculatedIncomeNonControlling": 0, "calculatedEbitda": 304304000}, {"date": "2015-04-30", "symbol": "WLY", "reportedCurrency": "USD", "cik": "0000107140", "fillingDate": "2015-06-26", "acceptedDate": "2015-06-26 15:56:44", "calendarYear": "2015", "period": "FY", "revenue": 1822440000, "costOfRevenue": 499683000, "grossProfit": 1322757000, "grossProfitRatio": 0.7258164878, "researchAndDevelopmentExpenses": 0, "generalAndAdministrativeExpenses": 1005000000, "sellingAndMarketingExpenses": 0, "sellingGeneralAndAdministrativeExpenses": 1005000000, "otherExpenses": 51214000, "operatingExpenses": 1056214000, "costAndExpenses": 1555897000, "interestIncome": 3057000, "interestExpense": 17077000, "depreciationAndAmortization": 113286000, "ebitda": 382886000, "ebitdaratio": 0.2100952569, "operatingIncome": 237739000, "operatingIncomeRatio": 0.1304509339, "totalOtherIncomeExpensesNet": -27062000, "incomeBeforeTax": 225461000, "incomeBeforeTaxRatio": 0.1237138123, "incomeTaxExpense": 48593000, "netIncome": 176868000, "netIncomeRatio": 0.0970501086, "eps": 3.01, "epsdiluted": 2.97, "weightedAverageShsOut": 58838231, "weightedAverageShsOutDil": 59594000, "link": "https://www.sec.gov/Archives/edgar/data/107140/000010714015000020/0000107140-15-000020-index.htm", "finalLink": "https://www.sec.gov/Archives/edgar/data/107140/000010714015000020/fy15-10k.htm", "calculatedOtherExpenses": 80018000, "calculatedOperatingExpenses": 1085018000, "calculatedNetInterest": -14020000, "calculatedOtherIncome": 1742000, "calculatedIncomeNonControlling": 0, "calculatedEbitda": 351025000}, {"date": "2014-04-30", "symbol": "WLY", "reportedCurrency": "USD", "cik": "0000107140", "fillingDate": "2014-04-30", "acceptedDate": "2014-04-30 00:00:00", "calendarYear": "2014", "period": "FY", "revenue": 1775195000, "costOfRevenue": 506879000, "grossProfit": 1268316000, "grossProfitRatio": 0.7144657348, "researchAndDevelopmentExpenses": 0, "generalAndAdministrativeExpenses": 969456000, "sellingAndMarketingExpenses": 0, "sellingGeneralAndAdministrativeExpenses": 969456000, "otherExpenses": 44679000, "operatingExpenses": 1014135000, "costAndExpenses": 1521014000, "interestIncome": 2785000, "interestExpense": 13916000, "depreciationAndAmortization": 103000000, "ebitda": 359966000, "ebitdaratio": 0.2027754697, "operatingIncome": 206673000, "operatingIncomeRatio": 0.1164227029, "totalOtherIncomeExpensesNet": -47516000, "incomeBeforeTax": 195534000, "incomeBeforeTaxRatio": 0.1101478992, "incomeTaxExpense": 35024000, "netIncome": 160510000, "netIncomeRatio": 0.0904182357, "eps": 2.72, "epsdiluted": 2.7, "weightedAverageShsOut": 59052437, "weightedAverageShsOutDil": 59514000, "link": null, "finalLink": null, "calculatedOtherExpenses": 92187000, "calculatedOperatingExpenses": 1061643000, "calculatedNetInterest": -11131000, "calculatedOtherIncome": -8000, "calculatedIncomeNonControlling": 0, "calculatedEbitda": 309673000}, {"date": "2013-06-12", "symbol": "WLY", "reportedCurrency": "USD", "cik": "0000107140", "fillingDate": "2013-06-26", "acceptedDate": "2013-06-26 12:21:34", "calendarYear": "2013", "period": "FY", "revenue": 1760778000, "costOfRevenue": 532232000, "grossProfit": 1228546000, "grossProfitRatio": 0.697729072, "researchAndDevelopmentExpenses": 0, "generalAndAdministrativeExpenses": 933148000, "sellingAndMarketingExpenses": 0, "sellingGeneralAndAdministrativeExpenses": 933148000, "otherExpenses": 41982000, "operatingExpenses": 975130000, "costAndExpenses": 1507362000, "interestIncome": 2614000, "interestExpense": 13078000, "depreciationAndAmortization": 97999000, "ebitda": 354029000, "ebitdaratio": 0.2010639615, "operatingIncome": 199427000, "operatingIncomeRatio": 0.1132607291, "totalOtherIncomeExpensesNet": -56030000, "incomeBeforeTax": 186922000, "incomeBeforeTaxRatio": 0.1061587548, "incomeTaxExpense": 42697000, "netIncome": 144225000, "netIncomeRatio": 0.0819098149, "eps": 2.46, "epsdiluted": 2.39, "weightedAverageShsOut": 58670857, "weightedAverageShsOutDil": 60224000, "link": "https://www.sec.gov/Archives/edgar/data/107140/000010714013000023/0000107140-13-000023-index.htm", "finalLink": "https://www.sec.gov/Archives/edgar/data/107140/000010714013000023/form10kfy13.htm", "calculatedOtherExpenses": 95971000, "calculatedOperatingExpenses": 1029119000, "calculatedNetInterest": -10464000, "calculatedOtherIncome": -2041000, "calculatedIncomeNonControlling": 0, "calculatedEbitda": 297426000}, {"date": "2012-04-30", "symbol": "WLY", "reportedCurrency": "USD", "cik": "0000107140", "fillingDate": "2012-06-26", "acceptedDate": "2012-06-26 09:34:37", "calendarYear": "2012", "period": "FY", "revenue": 1782742000, "costOfRevenue": 543396000, "grossProfit": 1239346000, "grossProfitRatio": 0.6951908913, "researchAndDevelopmentExpenses": 0, "generalAndAdministrativeExpenses": 922177000, "sellingAndMarketingExpenses": 0, "sellingGeneralAndAdministrativeExpenses": 922177000, "otherExpenses": 36750000, "operatingExpenses": 958927000, "costAndExpenses": 1502323000, "interestIncome": 2975000, "interestExpense": 9038000, "depreciationAndAmortization": 87147000, "ebitda": 370541000, "ebitdaratio": 0.2078489204, "operatingIncome": 280419000, "operatingIncomeRatio": 0.1572964568, "totalOtherIncomeExpensesNet": -2261000, "incomeBeforeTax": 272095000, "incomeBeforeTaxRatio": 0.152627245, "incomeTaxExpense": 59349000, "netIncome": 212746000, "netIncomeRatio": 0.119336393, "eps": 3.57, "epsdiluted": 3.47, "weightedAverageShsOut": 59515790, "weightedAverageShsOutDil": 61272000, "link": "https://www.sec.gov/Archives/edgar/data/107140/000010714012000029/0000107140-12-000029-index.htm", "finalLink": "https://www.sec.gov/Archives/edgar/data/107140/000010714012000029/fy12-10k.htm", "calculatedOtherExpenses": 36750000, "calculatedOperatingExpenses": 958927000, "calculatedNetInterest": -6063000, "calculatedOtherIncome": -2261000, "calculatedIncomeNonControlling": 0, "calculatedEbitda": 367566000}, {"date": "2011-04-30", "symbol": "WLY", "reportedCurrency": "USD", "cik": "0000107140", "fillingDate": "2011-06-24", "acceptedDate": "2011-06-24 12:02:06", "calendarYear": "2011", "period": "FY", "revenue": 1742551000, "costOfRevenue": 539043000, "grossProfit": 1203508000, "grossProfitRatio": 0.6906586952, "researchAndDevelopmentExpenses": 0, "generalAndAdministrativeExpenses": 0, "sellingAndMarketingExpenses": 0, "sellingGeneralAndAdministrativeExpenses": 910847000, "otherExpenses": 44513000, "operatingExpenses": 955360000, "costAndExpenses": 1494403000, "interestIncome": 2422000, "interestExpense": 17322000, "depreciationAndAmortization": 81085000, "ebitda": 331655000, "ebitdaratio": 0.1903272845, "operatingIncome": 248148000, "operatingIncomeRatio": 0.1424050143, "totalOtherIncomeExpensesNet": -2188000, "incomeBeforeTax": 231060000, "incomeBeforeTaxRatio": 0.1325987016, "incomeTaxExpense": 59171000, "netIncome": 171889000, "netIncomeRatio": 0.0986421631, "eps": 2.83, "epsdiluted": 2.8, "weightedAverageShsOut": 60709982, "weightedAverageShsOutDil": 61359000, "link": "https://www.sec.gov/Archives/edgar/data/107140/000010714011000016/0000107140-11-000016-index.htm", "finalLink": "https://www.sec.gov/Archives/edgar/data/107140/000010714011000016/fy11-10k.htm", "calculatedOtherExpenses": 44513000, "calculatedOperatingExpenses": 955360000, "calculatedNetInterest": -14900000, "calculatedOtherIncome": -2188000, "calculatedIncomeNonControlling": 0, "calculatedEbitda": 329233000}, {"date": "2010-04-30", "symbol": "WLY", "reportedCurrency": "USD", "cik": "0000107140", "fillingDate": "2010-06-23", "acceptedDate": "2010-06-23 09:24:46", "calendarYear": "2010", "period": "FY", "revenue": 1699062000, "costOfRevenue": 534001000, "grossProfit": 1165061000, "grossProfitRatio": 0.6857083497, "researchAndDevelopmentExpenses": 0, "generalAndAdministrativeExpenses": 0, "sellingAndMarketingExpenses": 0, "sellingGeneralAndAdministrativeExpenses": 872193000, "otherExpenses": 35158000, "operatingExpenses": 907351000, "costAndExpenses": 1441352000, "interestIncome": 834000, "interestExpense": 32334000, "depreciationAndAmortization": 75439000, "ebitda": 333983000, "ebitdaratio": 0.1965690481, "operatingIncome": 242592000, "operatingIncomeRatio": 0.1427799574, "totalOtherIncomeExpensesNet": -26001000, "incomeBeforeTax": 200209000, "incomeBeforeTaxRatio": 0.1178350172, "incomeTaxExpense": 56666000, "netIncome": 143543000, "netIncomeRatio": 0.0844836739, "eps": 2.39, "epsdiluted": 2.39, "weightedAverageShsOut": 58307000, "weightedAverageShsOutDil": 59679000, "link": "https://www.sec.gov/Archives/edgar/data/107140/000010714010000020/0000107140-10-000020-index.htm", "finalLink": "https://www.sec.gov/Archives/edgar/data/107140/000010714010000020/fy10-10k.htm", "calculatedOtherExpenses": 50276000, "calculatedOperatingExpenses": 922469000, "calculatedNetInterest": -31500000, "calculatedOtherIncome": -10883000, "calculatedIncomeNonControlling": 0, "calculatedEbitda": 318031000}, {"date": "2009-06-05", "symbol": "WLY", "reportedCurrency": "USD", "cik": "0000107140", "fillingDate": "2009-06-24", "acceptedDate": "2009-06-24 16:03:33", "calendarYear": "2009", "period": "FY", "revenue": 1611390000, "costOfRevenue": 516420000, "grossProfit": 1094970000, "grossProfitRatio": 0.6795189247, "researchAndDevelopmentExpenses": 0, "generalAndAdministrativeExpenses": 0, "sellingAndMarketingExpenses": 0, "sellingGeneralAndAdministrativeExpenses": 839648000, "otherExpenses": 36844000, "operatingExpenses": 876492000, "costAndExpenses": 1392912000, "interestIncome": 6180000, "interestExpense": 48424000, "depreciationAndAmortization": 71978000, "ebitda": 296636000, "ebitdaratio": 0.1840870305, "operatingIncome": 218478000, "operatingIncomeRatio": 0.1355835645, "totalOtherIncomeExpensesNet": -11759000, "incomeBeforeTax": 164475000, "incomeBeforeTaxRatio": 0.1020702623, "incomeTaxExpense": 36217000, "netIncome": 128258000, "netIncomeRatio": 0.0795946357, "eps": 2.2, "epsdiluted": 2.15, "weightedAverageShsOut": 58419000, "weightedAverageShsOutDil": 59610000, "link": "https://www.sec.gov/Archives/edgar/data/107140/000010714009000066/0000107140-09-000066-index.htm", "finalLink": "https://www.sec.gov/Archives/edgar/data/107140/000010714009000066/fy0910k.htm", "calculatedOtherExpenses": 36844000, "calculatedOperatingExpenses": 876492000, "calculatedNetInterest": -42244000, "calculatedOtherIncome": -11759000, "calculatedIncomeNonControlling": 0, "calculatedEbitda": 290456000}, {"date": "2008-04-30", "symbol": "WLY", "reportedCurrency": "USD", "cik": "0000107140", "fillingDate": "2008-06-26", "acceptedDate": "2008-06-26 16:48:24", "calendarYear": "2008", "period": "FY", "revenue": 1673734000, "costOfRevenue": 536852000, "grossProfit": 1136882000, "grossProfitRatio": 0.6792489129, "researchAndDevelopmentExpenses": 0, "generalAndAdministrativeExpenses": 0, "sellingAndMarketingExpenses": 0, "sellingGeneralAndAdministrativeExpenses": 874912000, "otherExpenses": 38980000, "operatingExpenses": 913892000, "costAndExpenses": 1450744000, "interestIncome": 0, "interestExpense": 61462000, "depreciationAndAmortization": 115923000, "ebitda": 338913000, "ebitdaratio": 0.2024891649, "operatingIncome": 222990000, "operatingIncomeRatio": 0.1332290555, "totalOtherIncomeExpensesNet": -61462000, "incomeBeforeTax": 161528000, "incomeBeforeTaxRatio": 0.0965075693, "incomeTaxExpense": 13992000, "netIncome": 147536000, "netIncomeRatio": 0.088147818, "eps": 2.55, "epsdiluted": 2.49, "weightedAverageShsOut": 57921000, "weightedAverageShsOutDil": 59323000, "link": "https://www.sec.gov/Archives/edgar/data/107140/000010714008000068/0000107140-08-000068-index.htm", "finalLink": "https://www.sec.gov/Archives/edgar/data/107140/000010714008000068/annualreport2008.htm", "calculatedOtherExpenses": 38980000, "calculatedOperatingExpenses": 913892000, "calculatedNetInterest": -61462000, "calculatedOtherIncome": 0, "calculatedIncomeNonControlling": 0, "calculatedEbitda": 338913000}, {"date": "2007-04-30", "symbol": "WLY", "reportedCurrency": "USD", "cik": "0000107140", "fillingDate": "2007-06-29", "acceptedDate": "2007-06-28 18:04:36", "calendarYear": "2007", "period": "FY", "revenue": 1234936000, "costOfRevenue": 420952000, "grossProfit": 813984000, "grossProfitRatio": 0.6591305136, "researchAndDevelopmentExpenses": 0, "generalAndAdministrativeExpenses": 0, "sellingAndMarketingExpenses": 0, "sellingGeneralAndAdministrativeExpenses": 632029000, "otherExpenses": 20676000, "operatingExpenses": 652705000, "costAndExpenses": 1073657000, "interestIncome": 0, "interestExpense": 21777000, "depreciationAndAmortization": 88324000, "ebitda": 249603000, "ebitdaratio": 0.2021181664, "operatingIncome": 161279000, "operatingIncomeRatio": 0.1305970512, "totalOtherIncomeExpensesNet": -21777000, "incomeBeforeTax": 139502000, "incomeBeforeTaxRatio": 0.112962939, "incomeTaxExpense": 39883000, "netIncome": 99619000, "netIncomeRatio": 0.0806673382, "eps": 1.75, "epsdiluted": 1.71, "weightedAverageShsOut": 56932000, "weightedAverageShsOutDil": 58287000, "link": "https://www.sec.gov/Archives/edgar/data/107140/000010714007000052/0000107140-07-000052-index.htm", "finalLink": "https://www.sec.gov/Archives/edgar/data/107140/000010714007000052/fy07annualreport.txt", "calculatedOtherExpenses": 20676000, "calculatedOperatingExpenses": 652705000, "calculatedNetInterest": -21777000, "calculatedOtherIncome": 0, "calculatedIncomeNonControlling": 0, "calculatedEbitda": 249603000}, {"date": "2006-04-30", "symbol": "WLY", "reportedCurrency": "USD", "cik": "0000107140", "fillingDate": "2006-06-28", "acceptedDate": "2006-06-28 14:53:12", "calendarYear": "2006", "period": "FY", "revenue": 1044185000, "costOfRevenue": 342314000, "grossProfit": 701871000, "grossProfitRatio": 0.6721711191, "researchAndDevelopmentExpenses": 0, "generalAndAdministrativeExpenses": 0, "sellingAndMarketingExpenses": 0, "sellingGeneralAndAdministrativeExpenses": 535694000, "otherExpenses": 13498000, "operatingExpenses": 549192000, "costAndExpenses": 891506000, "interestIncome": 0, "interestExpense": 8835000, "depreciationAndAmortization": 82002000, "ebitda": 234681000, "ebitdaratio": 0.2247504034, "operatingIncome": 152679000, "operatingIncomeRatio": 0.1462183425, "totalOtherIncomeExpensesNet": -8835000, "incomeBeforeTax": 143844000, "incomeBeforeTaxRatio": 0.1377571982, "incomeTaxExpense": 33516000, "netIncome": 110328000, "netIncomeRatio": 0.1056594377, "eps": 1.9, "epsdiluted": 1.85, "weightedAverageShsOut": 58071000, "weightedAverageShsOutDil": 59792000, "link": "https://www.sec.gov/Archives/edgar/data/107140/000010714006000058/0000107140-06-000058-index.htm", "finalLink": "https://www.sec.gov/Archives/edgar/data/107140/000010714006000058/fy06annualreport.txt", "calculatedOtherExpenses": 13498000, "calculatedOperatingExpenses": 549192000, "calculatedNetInterest": -8835000, "calculatedOtherIncome": 0, "calculatedIncomeNonControlling": 0, "calculatedEbitda": 234681000}, {"date": "2005-04-30", "symbol": "WLY", "reportedCurrency": "USD", "cik": "0000107140", "fillingDate": "2005-07-11", "acceptedDate": "2005-07-11 14:54:37", "calendarYear": "2005", "period": "FY", "revenue": 974048000, "costOfRevenue": 325061000, "grossProfit": 648987000, "grossProfitRatio": 0.6662782532, "researchAndDevelopmentExpenses": 0, "generalAndAdministrativeExpenses": 0, "sellingAndMarketingExpenses": 0, "sellingGeneralAndAdministrativeExpenses": 496726000, "otherExpenses": 10880000, "operatingExpenses": 507606000, "costAndExpenses": 832667000, "interestIncome": 0, "interestExpense": 5718000, "depreciationAndAmortization": 78354000, "ebitda": 219735000, "ebitdaratio": 0.2255894987, "operatingIncome": 141381000, "operatingIncomeRatio": 0.1451478777, "totalOtherIncomeExpensesNet": -5718000, "incomeBeforeTax": 135663000, "incomeBeforeTaxRatio": 0.1392775305, "incomeTaxExpense": 51822000, "netIncome": 83841000, "netIncomeRatio": 0.0860748136, "eps": 1.38, "epsdiluted": 1.35, "weightedAverageShsOut": 60721000, "weightedAverageShsOutDil": 62093000, "link": "https://www.sec.gov/Archives/edgar/data/107140/000010714005000074/0000107140-05-000074-index.htm", "finalLink": "https://www.sec.gov/Archives/edgar/data/107140/000010714005000074/fy05annualreport.txt", "calculatedOtherExpenses": 10880000, "calculatedOperatingExpenses": 507606000, "calculatedNetInterest": -5718000, "calculatedOtherIncome": 0, "calculatedIncomeNonControlling": 0, "calculatedEbitda": 219735000}, {"date": "2004-04-30", "symbol": "WLY", "reportedCurrency": "USD", "cik": "0000107140", "fillingDate": "2004-07-12", "acceptedDate": "2004-07-12 14:37:22", "calendarYear": "2004", "period": "FY", "revenue": 922962000, "costOfRevenue": 308905000, "grossProfit": 614057000, "grossProfitRatio": 0.6653112479, "researchAndDevelopmentExpenses": 0, "generalAndAdministrativeExpenses": 0, "sellingAndMarketingExpenses": 0, "sellingGeneralAndAdministrativeExpenses": 474902000, "otherExpenses": 9776000, "operatingExpenses": 484678000, "costAndExpenses": 793583000, "interestIncome": 0, "interestExpense": 4269000, "depreciationAndAmortization": 71367000, "ebitda": 200746000, "ebitdaratio": 0.2175019123, "operatingIncome": 129379000, "operatingIncomeRatio": 0.1401780355, "totalOtherIncomeExpensesNet": -4269000, "incomeBeforeTax": 125110000, "incomeBeforeTaxRatio": 0.1355527096, "incomeTaxExpense": 36270000, "netIncome": 88840000, "netIncomeRatio": 0.0962553171, "eps": 1.44, "epsdiluted": 1.41, "weightedAverageShsOut": 61771000, "weightedAverageShsOutDil": 63226000, "link": "https://www.sec.gov/Archives/edgar/data/107140/000010714004000107/0000107140-04-000107-index.htm", "finalLink": "https://www.sec.gov/Archives/edgar/data/107140/000010714004000107/a10k2004.txt", "calculatedOtherExpenses": 9776000, "calculatedOperatingExpenses": 484678000, "calculatedNetInterest": -4269000, "calculatedOtherIncome": 0, "calculatedIncomeNonControlling": 0, "calculatedEbitda": 200746000}, {"date": "2003-04-30", "symbol": "WLY", "reportedCurrency": "USD", "cik": "0000107140", "fillingDate": "2003-06-30", "acceptedDate": "2003-06-30 14:50:22", "calendarYear": "2003", "period": "FY", "revenue": 853971000, "costOfRevenue": 288925000, "grossProfit": 565046000, "grossProfitRatio": 0.6616688389, "researchAndDevelopmentExpenses": 0, "generalAndAdministrativeExpenses": 0, "sellingAndMarketingExpenses": 0, "sellingGeneralAndAdministrativeExpenses": 432700000, "otherExpenses": 12085000, "operatingExpenses": 444785000, "costAndExpenses": 733710000, "interestIncome": 0, "interestExpense": 7702000, "depreciationAndAmortization": 62963000, "ebitda": 185689000, "ebitdaratio": 0.2174418101, "operatingIncome": 120261000, "operatingIncomeRatio": 0.1408256252, "totalOtherIncomeExpensesNet": -2465000, "incomeBeforeTax": 112559000, "incomeBeforeTaxRatio": 0.1318065836, "incomeTaxExpense": 25284000, "netIncome": 87275000, "netIncomeRatio": 0.1021990208, "eps": 1.42, "epsdiluted": 1.38, "weightedAverageShsOut": 61461268, "weightedAverageShsOutDil": 63242754, "link": "https://www.sec.gov/Archives/edgar/data/107140/000010714003000011/0000107140-03-000011-index.htm", "finalLink": "https://www.sec.gov/Archives/edgar/data/107140/000010714003000011/a10k2003.txt", "calculatedOtherExpenses": 12085000, "calculatedOperatingExpenses": 444785000, "calculatedNetInterest": -7702000, "calculatedOtherIncome": 0, "calculatedIncomeNonControlling": 0, "calculatedEbitda": 183224000}, {"date": "2002-04-30", "symbol": "WLY", "reportedCurrency": "USD", "cik": "0000107140", "fillingDate": "2002-07-02", "acceptedDate": "2002-07-02 16:12:30", "calendarYear": "2002", "period": "FY", "revenue": 734396000, "costOfRevenue": 243196000, "grossProfit": 491200000, "grossProfitRatio": 0.6688489589, "researchAndDevelopmentExpenses": 0, "generalAndAdministrativeExpenses": 0, "sellingAndMarketingExpenses": 0, "sellingGeneralAndAdministrativeExpenses": 373463000, "otherExpenses": 29974000, "operatingExpenses": 403437000, "costAndExpenses": 646633000, "interestIncome": 0, "interestExpense": 6645000, "depreciationAndAmortization": 59322000, "ebitda": 159397000, "ebitdaratio": 0.2170450275, "operatingIncome": 87763000, "operatingIncomeRatio": 0.1195036465, "totalOtherIncomeExpensesNet": -12312000, "incomeBeforeTax": 81118000, "incomeBeforeTaxRatio": 0.1104553946, "incomeTaxExpense": 23802000, "netIncome": 57316000, "netIncomeRatio": 0.0780450874, "eps": 0.94, "epsdiluted": 0.91, "weightedAverageShsOut": 60974468, "weightedAverageShsOutDil": 62984615, "link": "https://www.sec.gov/Archives/edgar/data/107140/000010714002000013/0000107140-02-000013-index.htm", "finalLink": "https://www.sec.gov/Archives/edgar/data/107140/000010714002000013/k10k2002.txt", "calculatedOtherExpenses": 29974000, "calculatedOperatingExpenses": 403437000, "calculatedNetInterest": -6645000, "calculatedOtherIncome": 0, "calculatedIncomeNonControlling": 0, "calculatedEbitda": 147085000}, {"date": "2001-04-30", "symbol": "WLY", "reportedCurrency": "USD", "cik": "0000107140", "fillingDate": "2001-07-05", "acceptedDate": "2001-07-05 00:00:00", "calendarYear": "2001", "period": "FY", "revenue": 613790000, "costOfRevenue": 185598000, "grossProfit": 428192000, "grossProfitRatio": 0.6976197071, "researchAndDevelopmentExpenses": 0, "generalAndAdministrativeExpenses": 0, "sellingAndMarketingExpenses": 0, "sellingGeneralAndAdministrativeExpenses": 301470000, "otherExpenses": 31298000, "operatingExpenses": 332768000, "costAndExpenses": 518366000, "interestIncome": 0, "interestExpense": 5197000, "depreciationAndAmortization": 53881000, "ebitda": 149305000, "ebitdaratio": 0.243250949, "operatingIncome": 95424000, "operatingIncomeRatio": 0.1554668535, "totalOtherIncomeExpensesNet": -5197000, "incomeBeforeTax": 90227000, "incomeBeforeTaxRatio": 0.1469997882, "incomeTaxExpense": 31309000, "netIncome": 58918000, "netIncomeRatio": 0.0959904853, "eps": 0.97, "epsdiluted": 0.93, "weightedAverageShsOut": 60740206, "weightedAverageShsOutDil": 63352688, "link": "https://www.sec.gov/Archives/edgar/data/107140/000010714001500007/0000107140-01-500007-index.htm", "finalLink": "https://www.sec.gov/Archives/edgar/data/107140/000010714001500007/a10k2001.txt", "calculatedOtherExpenses": 31298000, "calculatedOperatingExpenses": 332768000, "calculatedNetInterest": -5197000, "calculatedOtherIncome": 0, "calculatedIncomeNonControlling": 0, "calculatedEbitda": 149305000}, {"date": "2000-04-30", "symbol": "WLY", "reportedCurrency": "USD", "cik": "0000107140", "fillingDate": "2000-06-29", "acceptedDate": "2000-06-29 00:00:00", "calendarYear": "2000", "period": "FY", "revenue": 594815000, "costOfRevenue": 158217000, "grossProfit": 436598000, "grossProfitRatio": 0.7340063717, "researchAndDevelopmentExpenses": 0, "generalAndAdministrativeExpenses": 0, "sellingAndMarketingExpenses": 0, "sellingGeneralAndAdministrativeExpenses": 294425000, "otherExpenses": 53169000, "operatingExpenses": 347594000, "costAndExpenses": 505811000, "interestIncome": 0, "interestExpense": 6373000, "depreciationAndAmortization": 53169000, "ebitda": 142173000, "ebitdaratio": 0.2390205358, "operatingIncome": 89004000, "operatingIncomeRatio": 0.1496330792, "totalOtherIncomeExpensesNet": -6373000, "incomeBeforeTax": 82631000, "incomeBeforeTaxRatio": 0.1389188235, "incomeTaxExpense": 30243000, "netIncome": 52388000, "netIncomeRatio": 0.0880744433, "eps": 0.85, "epsdiluted": 0.81, "weightedAverageShsOut": 61632941, "weightedAverageShsOutDil": 64676543, "link": "https://www.sec.gov/Archives/edgar/data/107140/000010714000000012/0000107140-00-000012-index.htm", "finalLink": "https://www.sec.gov/Archives/edgar/data/107140/000010714000000012/0000107140-00-000012-0001.txt", "calculatedOtherExpenses": 53169000, "calculatedOperatingExpenses": 347594000, "calculatedNetInterest": -6373000, "calculatedOtherIncome": 0, "calculatedIncomeNonControlling": 0, "calculatedEbitda": 142173000}, {"date": "1999-04-30", "symbol": "WLY", "reportedCurrency": "USD", "cik": "0000107140", "fillingDate": "1999-07-01", "acceptedDate": "1999-07-01 00:00:00", "calendarYear": "1999", "period": "FY", "revenue": 508400000, "costOfRevenue": 142900000, "grossProfit": 365500000, "grossProfitRatio": 0.7189221086, "researchAndDevelopmentExpenses": 0, "generalAndAdministrativeExpenses": 0, "sellingAndMarketingExpenses": 0, "sellingGeneralAndAdministrativeExpenses": 261400000, "otherExpenses": 40500000, "operatingExpenses": 301900000, "costAndExpenses": 444800000, "interestIncome": 0, "interestExpense": 1600000, "depreciationAndAmortization": 40500000, "ebitda": 98400000, "ebitdaratio": 0.1935483871, "operatingIncome": 63600000, "operatingIncomeRatio": 0.1250983478, "totalOtherIncomeExpensesNet": 5700000, "incomeBeforeTax": 62000000, "incomeBeforeTaxRatio": 0.1219512195, "incomeTaxExpense": 22300000, "netIncome": 39700000, "netIncomeRatio": 0.0780881196, "eps": 0.63, "epsdiluted": 0.6, "weightedAverageShsOut": 63030159, "weightedAverageShsOutDil": 66181667, "link": "https://www.sec.gov/Archives/edgar/data/107140/000010714099000009/0000107140-99-000009-index.html", "finalLink": "https://www.sec.gov/Archives/edgar/data/107140/000010714099000009/", "calculatedOtherExpenses": 40500000, "calculatedOperatingExpenses": 301900000, "calculatedNetInterest": -1600000, "calculatedOtherIncome": 0, "calculatedIncomeNonControlling": 0, "calculatedEbitda": 104100000}, {"date": "1998-04-30", "symbol": "WLY", "reportedCurrency": "USD", "cik": "0000107140", "fillingDate": "1998-07-10", "acceptedDate": "1998-07-10 00:00:00", "calendarYear": "1998", "period": "FY", "revenue": 467100000, "costOfRevenue": 134800000, "grossProfit": 332300000, "grossProfitRatio": 0.7114108328, "researchAndDevelopmentExpenses": 0, "generalAndAdministrativeExpenses": 0, "sellingAndMarketingExpenses": 0, "sellingGeneralAndAdministrativeExpenses": 250000000, "otherExpenses": 41400000, "operatingExpenses": 291400000, "costAndExpenses": 426200000, "interestIncome": 0, "interestExpense": -17200000, "depreciationAndAmortization": 41400000, "ebitda": 57100000, "ebitdaratio": 0.1222436309, "operatingIncome": 40900000, "operatingIncomeRatio": 0.08756155, "totalOtherIncomeExpensesNet": 25200000, "incomeBeforeTax": 58100000, "incomeBeforeTaxRatio": 0.1243845001, "incomeTaxExpense": 21500000, "netIncome": 36600000, "netIncomeRatio": 0.0783558125, "eps": 0.58, "epsdiluted": 0.55, "weightedAverageShsOut": 63103448, "weightedAverageShsOutDil": 66545455, "link": "https://www.sec.gov/Archives/edgar/data/107140/000010714098000004/0000107140-98-000004-index.html", "finalLink": "https://www.sec.gov/Archives/edgar/data/107140/", "calculatedOtherExpenses": 41400000, "calculatedOperatingExpenses": 291400000, "calculatedNetInterest": 17200000, "calculatedOtherIncome": 0, "calculatedIncomeNonControlling": 0, "calculatedEbitda": 82300000}, {"date": "1997-04-30", "symbol": "WLY", "reportedCurrency": "USD", "cik": "0000107140", "fillingDate": "1997-07-01", "acceptedDate": "1997-07-01 00:00:00", "calendarYear": "1997", "period": "FY", "revenue": 432000000, "costOfRevenue": 129100000, "grossProfit": 302900000, "grossProfitRatio": 0.7011574074, "researchAndDevelopmentExpenses": 0, "generalAndAdministrativeExpenses": 0, "sellingAndMarketingExpenses": 0, "sellingGeneralAndAdministrativeExpenses": 233800000, "otherExpenses": 34300000, "operatingExpenses": 268100000, "costAndExpenses": 397200000, "interestIncome": 0, "interestExpense": 4000000, "depreciationAndAmortization": 34300000, "ebitda": 66800000, "ebitdaratio": 0.1546296296, "operatingIncome": 34800000, "operatingIncomeRatio": 0.0805555556, "totalOtherIncomeExpensesNet": 2300000, "incomeBeforeTax": 30800000, "incomeBeforeTaxRatio": 0.0712962963, "incomeTaxExpense": 10500000, "netIncome": 20300000, "netIncomeRatio": 0.0469907407, "eps": 0.31, "epsdiluted": 0.31, "weightedAverageShsOut": 65483871, "weightedAverageShsOutDil": 65483871, "link": "https://www.sec.gov/Archives/edgar/data/107140/000010714097000008/0000107140-97-000008-index.html", "finalLink": "https://www.sec.gov/Archives/edgar/data/107140/", "calculatedOtherExpenses": 34300000, "calculatedOperatingExpenses": 268100000, "calculatedNetInterest": -4000000, "calculatedOtherIncome": 0, "calculatedIncomeNonControlling": 0, "calculatedEbitda": 69100000}, {"date": "1996-04-30", "symbol": "WLY", "reportedCurrency": "USD", "cik": "0000107140", "fillingDate": "1996-06-26", "acceptedDate": "1996-06-26 00:00:00", "calendarYear": "1996", "period": "FY", "revenue": 362700000, "costOfRevenue": 104200000, "grossProfit": 258500000, "grossProfitRatio": 0.7127102288, "researchAndDevelopmentExpenses": 0, "generalAndAdministrativeExpenses": 0, "sellingAndMarketingExpenses": 0, "sellingGeneralAndAdministrativeExpenses": 198500000, "otherExpenses": 27000000, "operatingExpenses": 225500000, "costAndExpenses": 329700000, "interestIncome": 0, "interestExpense": -5800000, "depreciationAndAmortization": 27000000, "ebitda": 53800000, "ebitdaratio": 0.1483319548, "operatingIncome": 33000000, "operatingIncomeRatio": 0.0909842845, "totalOtherIncomeExpensesNet": 6200000, "incomeBeforeTax": 38800000, "incomeBeforeTaxRatio": 0.1069754618, "incomeTaxExpense": 14100000, "netIncome": 24700000, "netIncomeRatio": 0.0681003584, "eps": 0.38, "epsdiluted": 0.38, "weightedAverageShsOut": 65000000, "weightedAverageShsOutDil": 65000000, "link": "https://www.sec.gov/Archives/edgar/data/107140/000010714096000013/0000107140-96-000013-index.html", "finalLink": "https://www.sec.gov/Archives/edgar/data/107140/", "calculatedOtherExpenses": 27000000, "calculatedOperatingExpenses": 225500000, "calculatedNetInterest": 5800000, "calculatedOtherIncome": 0, "calculatedIncomeNonControlling": 0, "calculatedEbitda": 60000000}, {"date": "1995-04-30", "symbol": "WLY", "reportedCurrency": "USD", "cik": "0000107140", "fillingDate": "1995-07-24", "acceptedDate": "1995-07-24 00:00:00", "calendarYear": "1995", "period": "FY", "revenue": 331100000, "costOfRevenue": 94200000, "grossProfit": 236900000, "grossProfitRatio": 0.7154938085, "researchAndDevelopmentExpenses": 0, "generalAndAdministrativeExpenses": 0, "sellingAndMarketingExpenses": 0, "sellingGeneralAndAdministrativeExpenses": 187000000, "otherExpenses": 23000000, "operatingExpenses": 210000000, "costAndExpenses": 304200000, "interestIncome": 0, "interestExpense": 1100000, "depreciationAndAmortization": 23000000, "ebitda": 48100000, "ebitdaratio": 0.1452733313, "operatingIncome": 26900000, "operatingIncomeRatio": 0.0812443371, "totalOtherIncomeExpensesNet": 1800000, "incomeBeforeTax": 25800000, "incomeBeforeTaxRatio": 0.0779220779, "incomeTaxExpense": 7500000, "netIncome": 18300000, "netIncomeRatio": 0.0552703111, "eps": 0.29, "epsdiluted": 0.28, "weightedAverageShsOut": 63103448, "weightedAverageShsOutDil": 65357143, "link": "https://www.sec.gov/Archives/edgar/data/107140/000010714095000015/0000107140-95-000015-index.html", "finalLink": "https://www.sec.gov/Archives/edgar/data/107140/", "calculatedOtherExpenses": 23000000, "calculatedOperatingExpenses": 210000000, "calculatedNetInterest": -1100000, "calculatedOtherIncome": 0, "calculatedIncomeNonControlling": 0, "calculatedEbitda": 49900000}, {"date": "1994-04-30", "symbol": "WLY", "reportedCurrency": "USD", "cik": "0000107140", "fillingDate": "1994-04-30", "acceptedDate": "1994-04-30 00:00:00", "calendarYear": "1994", "period": "FY", "revenue": 294300000, "costOfRevenue": 81600000, "grossProfit": 212700000, "grossProfitRatio": 0.7227319062, "researchAndDevelopmentExpenses": 0, "generalAndAdministrativeExpenses": 0, "sellingAndMarketingExpenses": 0, "sellingGeneralAndAdministrativeExpenses": 170000000, "otherExpenses": 23800000, "operatingExpenses": 193800000, "costAndExpenses": 275400000, "interestIncome": 0, "interestExpense": 1900000, "depreciationAndAmortization": 23800000, "ebitda": 40900000, "ebitdaratio": 0.1389738362, "operatingIncome": 18900000, "operatingIncomeRatio": 0.0642201835, "totalOtherIncomeExpensesNet": 1800000, "incomeBeforeTax": 17000000, "incomeBeforeTaxRatio": 0.0577641862, "incomeTaxExpense": 4900000, "netIncome": 12100000, "netIncomeRatio": 0.041114509, "eps": 0.19, "epsdiluted": 0.19, "weightedAverageShsOut": 63684211, "weightedAverageShsOutDil": 63684211, "link": null, "finalLink": null, "calculatedOtherExpenses": 23800000, "calculatedOperatingExpenses": 193800000, "calculatedNetInterest": -1900000, "calculatedOtherIncome": 0, "calculatedIncomeNonControlling": 0, "calculatedEbitda": 42700000}, {"date": "1993-04-30", "symbol": "WLY", "reportedCurrency": "USD", "cik": "0000107140", "fillingDate": "1993-04-30", "acceptedDate": "1993-04-30 00:00:00", "calendarYear": "1993", "period": "FY", "revenue": 272900000, "costOfRevenue": 76000000, "grossProfit": 196900000, "grossProfitRatio": 0.7215097105, "researchAndDevelopmentExpenses": 0, "generalAndAdministrativeExpenses": 0, "sellingAndMarketingExpenses": 0, "sellingGeneralAndAdministrativeExpenses": 162400000, "otherExpenses": 21500000, "operatingExpenses": 183900000, "costAndExpenses": 259900000, "interestIncome": 0, "interestExpense": 2400000, "depreciationAndAmortization": 21500000, "ebitda": 32900000, "ebitdaratio": 0.1205569806, "operatingIncome": 13000000, "operatingIncomeRatio": 0.0476364969, "totalOtherIncomeExpensesNet": 1600000, "incomeBeforeTax": 10600000, "incomeBeforeTaxRatio": 0.0388420667, "incomeTaxExpense": 2900000, "netIncome": 7700000, "netIncomeRatio": 0.0282154635, "eps": 0.13, "epsdiluted": 0.13, "weightedAverageShsOut": 59230769, "weightedAverageShsOutDil": 59230769, "link": null, "finalLink": null, "calculatedOtherExpenses": 21500000, "calculatedOperatingExpenses": 183900000, "calculatedNetInterest": -2400000, "calculatedOtherIncome": 0, "calculatedIncomeNonControlling": 0, "calculatedEbitda": 34500000}, {"date": "1992-04-30", "symbol": "WLY", "reportedCurrency": "USD", "cik": "0000107140", "fillingDate": "1992-04-30", "acceptedDate": "1992-04-30 00:00:00", "calendarYear": "1992", "period": "FY", "revenue": 248200000, "costOfRevenue": 74000000, "grossProfit": 174200000, "grossProfitRatio": 0.7018533441, "researchAndDevelopmentExpenses": 0, "generalAndAdministrativeExpenses": 0, "sellingAndMarketingExpenses": 0, "sellingGeneralAndAdministrativeExpenses": 147500000, "otherExpenses": 20100000, "operatingExpenses": 167600000, "costAndExpenses": 241600000, "interestIncome": 0, "interestExpense": 500000, "depreciationAndAmortization": 20100000, "ebitda": 24400000, "ebitdaratio": 0.0983078163, "operatingIncome": 6600000, "operatingIncomeRatio": 0.0265914585, "totalOtherIncomeExpensesNet": 2300000, "incomeBeforeTax": 4300000, "incomeBeforeTaxRatio": 0.0173247381, "incomeTaxExpense": 700000, "netIncome": 3100000, "netIncomeRatio": 0.0124899275, "eps": 0.05, "epsdiluted": 0.05, "weightedAverageShsOut": 62000000, "weightedAverageShsOutDil": 62000000, "link": null, "finalLink": null, "calculatedOtherExpenses": 20100000, "calculatedOperatingExpenses": 167600000, "calculatedNetInterest": -500000, "calculatedOtherIncome": -1800000, "calculatedIncomeNonControlling": 500000, "calculatedEbitda": 26700000}, {"date": "1991-04-30", "symbol": "WLY", "reportedCurrency": "USD", "cik": "0000107140", "fillingDate": "1991-04-30", "acceptedDate": "1991-04-30 00:00:00", "calendarYear": "1991", "period": "FY", "revenue": 236900000, "costOfRevenue": 72500000, "grossProfit": 164400000, "grossProfitRatio": 0.6939636978, "researchAndDevelopmentExpenses": 0, "generalAndAdministrativeExpenses": 0, "sellingAndMarketingExpenses": 0, "sellingGeneralAndAdministrativeExpenses": 138700000, "otherExpenses": 20000000, "operatingExpenses": 158700000, "costAndExpenses": 231200000, "interestIncome": 0, "interestExpense": 300000, "depreciationAndAmortization": 20000000, "ebitda": 20500000, "ebitdaratio": 0.0865344027, "operatingIncome": 5700000, "operatingIncomeRatio": 0.0240607851, "totalOtherIncomeExpensesNet": 5200000, "incomeBeforeTax": 4900000, "incomeBeforeTaxRatio": 0.0206838328, "incomeTaxExpense": 1300000, "netIncome": 4100000, "netIncomeRatio": 0.0173068805, "eps": 0.07, "epsdiluted": 0.07, "weightedAverageShsOut": 58571429, "weightedAverageShsOutDil": 58571429, "link": null, "finalLink": null, "calculatedOtherExpenses": 20000000, "calculatedOperatingExpenses": 158700000, "calculatedNetInterest": -300000, "calculatedOtherIncome": -500000, "calculatedIncomeNonControlling": -500000, "calculatedEbitda": 25700000}, {"date": "1990-04-30", "symbol": "WLY", "reportedCurrency": "USD", "cik": "0000107140", "fillingDate": "1990-04-30", "acceptedDate": "1990-04-30 00:00:00", "calendarYear": "1990", "period": "FY", "revenue": 281700000, "costOfRevenue": 87400000, "grossProfit": 194300000, "grossProfitRatio": 0.6897408591, "researchAndDevelopmentExpenses": 0, "generalAndAdministrativeExpenses": 0, "sellingAndMarketingExpenses": 0, "sellingGeneralAndAdministrativeExpenses": 162200000, "otherExpenses": 23400000, "operatingExpenses": 185600000, "costAndExpenses": 273000000, "interestIncome": 0, "interestExpense": -3800000, "depreciationAndAmortization": 23400000, "ebitda": 22400000, "ebitdaratio": 0.0795172169, "operatingIncome": 8700000, "operatingIncomeRatio": 0.0308839191, "totalOtherIncomeExpensesNet": 9700000, "incomeBeforeTax": 12500000, "incomeBeforeTaxRatio": 0.0443734469, "incomeTaxExpense": 9800000, "netIncome": 2700000, "netIncomeRatio": 0.0095846645, "eps": 0.04, "epsdiluted": 0.04, "weightedAverageShsOut": 67500000, "weightedAverageShsOutDil": 67500000, "link": null, "finalLink": null, "calculatedOtherExpenses": 23400000, "calculatedOperatingExpenses": 185600000, "calculatedNetInterest": 3800000, "calculatedOtherIncome": 0, "calculatedIncomeNonControlling": 0, "calculatedEbitda": 32100000}, {"date": "1989-04-30", "symbol": "WLY", "reportedCurrency": "USD", "cik": "0000107140", "fillingDate": "1989-04-30", "acceptedDate": "1989-04-30 00:00:00", "calendarYear": "1989", "period": "FY", "revenue": 258900000, "costOfRevenue": 81100000, "grossProfit": 177800000, "grossProfitRatio": 0.6867516416, "researchAndDevelopmentExpenses": 0, "generalAndAdministrativeExpenses": 0, "sellingAndMarketingExpenses": 0, "sellingGeneralAndAdministrativeExpenses": 142100000, "otherExpenses": 22900000, "operatingExpenses": 165000000, "costAndExpenses": 246100000, "interestIncome": 0, "interestExpense": 6700000, "depreciationAndAmortization": 22900000, "ebitda": 37100000, "ebitdaratio": 0.1432985709, "operatingIncome": 12800000, "operatingIncomeRatio": 0.0494399382, "totalOtherIncomeExpensesNet": -1400000, "incomeBeforeTax": 7500000, "incomeBeforeTaxRatio": 0.0289687138, "incomeTaxExpense": 3400000, "netIncome": 4100000, "netIncomeRatio": 0.0158362302, "eps": 0.06, "epsdiluted": 0.06, "weightedAverageShsOut": 68333333, "weightedAverageShsOutDil": 68333333, "link": null, "finalLink": null, "calculatedOtherExpenses": 22900000, "calculatedOperatingExpenses": 165000000, "calculatedNetInterest": -6700000, "calculatedOtherIncome": 1400000, "calculatedIncomeNonControlling": 0, "calculatedEbitda": 35700000}, {"date": "1988-04-30", "symbol": "WLY", "reportedCurrency": "USD", "cik": "0000107140", "fillingDate": "1988-04-30", "acceptedDate": "1988-04-30 00:00:00", "calendarYear": "1988", "period": "FY", "revenue": 239500000, "costOfRevenue": 76500000, "grossProfit": 163000000, "grossProfitRatio": 0.6805845511, "researchAndDevelopmentExpenses": 0, "generalAndAdministrativeExpenses": 0, "sellingAndMarketingExpenses": 0, "sellingGeneralAndAdministrativeExpenses": 127000000, "otherExpenses": 21500000, "operatingExpenses": 148500000, "costAndExpenses": 225000000, "interestIncome": 0, "interestExpense": 6300000, "depreciationAndAmortization": 21500000, "ebitda": 37200000, "ebitdaratio": 0.1553235908, "operatingIncome": 14500000, "operatingIncomeRatio": 0.0605427975, "totalOtherIncomeExpensesNet": -1200000, "incomeBeforeTax": 9400000, "incomeBeforeTaxRatio": 0.0392484342, "incomeTaxExpense": 4700000, "netIncome": 4700000, "netIncomeRatio": 0.0196242171, "eps": 0.07, "epsdiluted": 0.07, "weightedAverageShsOut": 67142857, "weightedAverageShsOutDil": 67142857, "link": null, "finalLink": null, "calculatedOtherExpenses": 21500000, "calculatedOperatingExpenses": 148500000, "calculatedNetInterest": -6300000, "calculatedOtherIncome": 1200000, "calculatedIncomeNonControlling": 0, "calculatedEbitda": 36000000}, {"date": "1987-04-30", "symbol": "WLY", "reportedCurrency": "USD", "cik": "0000107140", "fillingDate": "1987-04-30", "acceptedDate": "1987-04-30 00:00:00", "calendarYear": "1987", "period": "FY", "revenue": 228500000, "costOfRevenue": 75000000, "grossProfit": 153500000, "grossProfitRatio": 0.6717724289, "researchAndDevelopmentExpenses": 0, "generalAndAdministrativeExpenses": 0, "sellingAndMarketingExpenses": 0, "sellingGeneralAndAdministrativeExpenses": 115200000, "otherExpenses": 19200000, "operatingExpenses": 134400000, "costAndExpenses": 209400000, "interestIncome": 0, "interestExpense": 10300000, "depreciationAndAmortization": 19200000, "ebitda": 45100000, "ebitdaratio": 0.1973741794, "operatingIncome": 19100000, "operatingIncomeRatio": 0.0835886214, "totalOtherIncomeExpensesNet": -6800000, "incomeBeforeTax": 8800000, "incomeBeforeTaxRatio": 0.038512035, "incomeTaxExpense": 3800000, "netIncome": 5000000, "netIncomeRatio": 0.0218818381, "eps": 0.08, "epsdiluted": 0.08, "weightedAverageShsOut": 62500000, "weightedAverageShsOutDil": 62500000, "link": null, "finalLink": null, "calculatedOtherExpenses": 19200000, "calculatedOperatingExpenses": 134400000, "calculatedNetInterest": -10300000, "calculatedOtherIncome": 0, "calculatedIncomeNonControlling": 0, "calculatedEbitda": 38300000}, {"date": "1986-04-30", "symbol": "WLY", "reportedCurrency": "USD", "cik": "0000107140", "fillingDate": "1986-04-30", "acceptedDate": "1986-04-30 00:00:00", "calendarYear": "1986", "period": "FY", "revenue": 213400000, "costOfRevenue": 72900000, "grossProfit": 140500000, "grossProfitRatio": 0.6583880037, "researchAndDevelopmentExpenses": 0, "generalAndAdministrativeExpenses": 0, "sellingAndMarketingExpenses": 0, "sellingGeneralAndAdministrativeExpenses": 111100000, "otherExpenses": 14100000, "operatingExpenses": 125200000, "costAndExpenses": 198100000, "interestIncome": 0, "interestExpense": 4800000, "depreciationAndAmortization": 14100000, "ebitda": 29800000, "ebitdaratio": 0.1396438613, "operatingIncome": 15300000, "operatingIncomeRatio": 0.0716963449, "totalOtherIncomeExpensesNet": -400000, "incomeBeforeTax": 10900000, "incomeBeforeTaxRatio": 0.0510777882, "incomeTaxExpense": 3300000, "netIncome": 7600000, "netIncomeRatio": 0.0356138707, "eps": 0.12, "epsdiluted": 0.12, "weightedAverageShsOut": 63333333, "weightedAverageShsOutDil": 63333333, "link": null, "finalLink": null, "calculatedOtherExpenses": 14100000, "calculatedOperatingExpenses": 125200000, "calculatedNetInterest": -4800000, "calculatedOtherIncome": 400000, "calculatedIncomeNonControlling": 0, "calculatedEbitda": 29400000}]}