{"originalCurrency": "USD", "convertedCurrency": "USD", "report": [{"date": "2023-12-31", "symbol": "WM", "reportedCurrency": "USD", "cik": "0000823768", "fillingDate": "2024-02-13", "acceptedDate": "2024-02-13 15:24:43", "calendarYear": "2023", "period": "FY", "revenue": 20426000000, "costOfRevenue": 12606000000, "grossProfit": 7820000000, "grossProfitRatio": 0.3828453931, "researchAndDevelopmentExpenses": 0, "generalAndAdministrativeExpenses": 1870000000, "sellingAndMarketingExpenses": 0, "sellingGeneralAndAdministrativeExpenses": 1870000000, "otherExpenses": 6000000, "operatingExpenses": 3997000000, "costAndExpenses": 16603000000, "interestIncome": 0, "interestExpense": 500000000, "depreciationAndAmortization": 2071000000, "ebitda": 5840000000, "ebitdaratio": 0.2859101146, "operatingIncome": 3575000000, "operatingIncomeRatio": 0.1750220307, "totalOtherIncomeExpensesNet": -302000000, "incomeBeforeTax": 3021000000, "incomeBeforeTaxRatio": 0.1478997356, "incomeTaxExpense": 745000000, "netIncome": 2304000000, "netIncomeRatio": 0.1127974151, "eps": 5.69, "epsdiluted": 5.66, "weightedAverageShsOut": 404900000, "weightedAverageShsOutDil": 406900000, "link": "https://www.sec.gov/Archives/edgar/data/823768/000155837024001049/0001558370-24-001049-index.htm", "finalLink": "https://www.sec.gov/Archives/edgar/data/823768/000155837024001049/wm-20231231x10k.htm", "calculatedOtherExpenses": 2375000000, "calculatedOperatingExpenses": 4245000000, "calculatedNetInterest": -500000000, "calculatedOtherIncome": -54000000, "calculatedIncomeNonControlling": -28000000, "calculatedEbitda": 5646000000}, {"date": "2022-12-31", "symbol": "WM", "reportedCurrency": "USD", "cik": "0000823768", "fillingDate": "2023-02-07", "acceptedDate": "2023-02-07 14:39:55", "calendarYear": "2022", "period": "FY", "revenue": 19698000000, "costOfRevenue": 12294000000, "grossProfit": 7404000000, "grossProfitRatio": 0.3758757234, "researchAndDevelopmentExpenses": 0, "generalAndAdministrativeExpenses": 1888000000, "sellingAndMarketingExpenses": 50000000, "sellingGeneralAndAdministrativeExpenses": 1938000000, "otherExpenses": 2038000000, "operatingExpenses": 3976000000, "costAndExpenses": 16270000000, "interestIncome": 378000000, "interestExpense": 378000000, "depreciationAndAmortization": 2032000000, "ebitda": 5397000000, "ebitdaratio": 0.2739872068, "operatingIncome": 3365000000, "operatingIncomeRatio": 0.1708295258, "totalOtherIncomeExpensesNet": -447000000, "incomeBeforeTax": 2918000000, "incomeBeforeTaxRatio": 0.1481368667, "incomeTaxExpense": 678000000, "netIncome": 2238000000, "netIncomeRatio": 0.1136155955, "eps": 5.42, "epsdiluted": 5.39, "weightedAverageShsOut": 412800000, "weightedAverageShsOutDil": 415000000, "link": "https://www.sec.gov/Archives/edgar/data/823768/000155837023000964/0001558370-23-000964-index.htm", "finalLink": "https://www.sec.gov/Archives/edgar/data/823768/000155837023000964/wm-20221231x10k.htm", "calculatedOtherExpenses": 2101000000, "calculatedOperatingExpenses": 4039000000, "calculatedNetInterest": 0, "calculatedOtherIncome": -447000000, "calculatedIncomeNonControlling": 2000000, "calculatedEbitda": 5397000000}, {"date": "2021-12-31", "symbol": "WM", "reportedCurrency": "USD", "cik": "0000823768", "fillingDate": "2022-02-15", "acceptedDate": "2022-02-15 14:22:45", "calendarYear": "2021", "period": "FY", "revenue": 17931000000, "costOfRevenue": 11111000000, "grossProfit": 6820000000, "grossProfitRatio": 0.3803468853, "researchAndDevelopmentExpenses": 0, "generalAndAdministrativeExpenses": 1827000000, "sellingAndMarketingExpenses": 37000000, "sellingGeneralAndAdministrativeExpenses": 1864000000, "otherExpenses": 1999000000, "operatingExpenses": 3863000000, "costAndExpenses": 14974000000, "interestIncome": 365000000, "interestExpense": 365000000, "depreciationAndAmortization": 1960000000, "ebitda": 4925000000, "ebitdaratio": 0.2746639897, "operatingIncome": 2965000000, "operatingIncomeRatio": 0.1653560872, "totalOtherIncomeExpensesNet": -616000000, "incomeBeforeTax": 2349000000, "incomeBeforeTaxRatio": 0.131002175, "incomeTaxExpense": 532000000, "netIncome": 1816000000, "netIncomeRatio": 0.1012771178, "eps": 4.32, "epsdiluted": 4.29, "weightedAverageShsOut": 420400000, "weightedAverageShsOutDil": 422900000, "link": "https://www.sec.gov/Archives/edgar/data/823768/000155837022001179/0001558370-22-001179-index.htm", "finalLink": "https://www.sec.gov/Archives/edgar/data/823768/000155837022001179/wm-20211231x10k.htm", "calculatedOtherExpenses": 1991000000, "calculatedOperatingExpenses": 3855000000, "calculatedNetInterest": 0, "calculatedOtherIncome": -616000000, "calculatedIncomeNonControlling": 1000000, "calculatedEbitda": 4925000000}, {"date": "2020-12-31", "symbol": "WM", "reportedCurrency": "USD", "cik": "0000823768", "fillingDate": "2021-02-22", "acceptedDate": "2021-02-22 12:48:17", "calendarYear": "2020", "period": "FY", "revenue": 15218000000, "costOfRevenue": 9341000000, "grossProfit": 5877000000, "grossProfitRatio": 0.3861874096, "researchAndDevelopmentExpenses": 0, "generalAndAdministrativeExpenses": 1674000000, "sellingAndMarketingExpenses": 54000000, "sellingGeneralAndAdministrativeExpenses": 1728000000, "otherExpenses": 1671000000, "operatingExpenses": 3399000000, "costAndExpenses": 12740000000, "interestIncome": 425000000, "interestExpense": 425000000, "depreciationAndAmortization": 1652000000, "ebitda": 4086000000, "ebitdaratio": 0.2684978315, "operatingIncome": 2434000000, "operatingIncomeRatio": 0.1599421737, "totalOtherIncomeExpensesNet": -541000000, "incomeBeforeTax": 1893000000, "incomeBeforeTaxRatio": 0.1243921672, "incomeTaxExpense": 397000000, "netIncome": 1496000000, "netIncomeRatio": 0.0983046392, "eps": 3.54, "epsdiluted": 3.52, "weightedAverageShsOut": 423000000, "weightedAverageShsOutDil": 425100000, "link": "https://www.sec.gov/Archives/edgar/data/823768/000155837021001348/0001558370-21-001348-index.htm", "finalLink": "https://www.sec.gov/Archives/edgar/data/823768/000155837021001348/wm-20201231x10k.htm", "calculatedOtherExpenses": 1715000000, "calculatedOperatingExpenses": 3443000000, "calculatedNetInterest": 0, "calculatedOtherIncome": -541000000, "calculatedIncomeNonControlling": 0, "calculatedEbitda": 4086000000}, {"date": "2019-12-31", "symbol": "WM", "reportedCurrency": "USD", "cik": "0000823768", "fillingDate": "2020-02-13", "acceptedDate": "2020-02-13 12:26:01", "calendarYear": "2019", "period": "FY", "revenue": 15455000000, "costOfRevenue": 9496000000, "grossProfit": 5959000000, "grossProfitRatio": 0.3855710126, "researchAndDevelopmentExpenses": 0, "generalAndAdministrativeExpenses": 1593000000, "sellingAndMarketingExpenses": 38000000, "sellingGeneralAndAdministrativeExpenses": 1631000000, "otherExpenses": 1574000000, "operatingExpenses": 3205000000, "costAndExpenses": 12701000000, "interestIncome": 411000000, "interestExpense": 411000000, "depreciationAndAmortization": 1517000000, "ebitda": 4223000000, "ebitdaratio": 0.2732449046, "operatingIncome": 2706000000, "operatingIncomeRatio": 0.175088968, "totalOtherIncomeExpensesNet": -601000000, "incomeBeforeTax": 2105000000, "incomeBeforeTaxRatio": 0.1362018764, "incomeTaxExpense": 434000000, "netIncome": 1670000000, "netIncomeRatio": 0.1080556454, "eps": 3.93, "epsdiluted": 3.91, "weightedAverageShsOut": 424600000, "weightedAverageShsOutDil": 427500000, "link": "https://www.sec.gov/Archives/edgar/data/823768/000155837020000762/0001558370-20-000762-index.htm", "finalLink": "https://www.sec.gov/Archives/edgar/data/823768/000155837020000762/wm-20191231x10kba4080.htm", "calculatedOtherExpenses": 1622000000, "calculatedOperatingExpenses": 3253000000, "calculatedNetInterest": 0, "calculatedOtherIncome": -601000000, "calculatedIncomeNonControlling": 1000000, "calculatedEbitda": 4223000000}, {"date": "2018-12-31", "symbol": "WM", "reportedCurrency": "USD", "cik": "0000823768", "fillingDate": "2019-02-14", "acceptedDate": "2019-02-14 11:54:21", "calendarYear": "2018", "period": "FY", "revenue": 14914000000, "costOfRevenue": 9249000000, "grossProfit": 5665000000, "grossProfitRatio": 0.3798444415, "researchAndDevelopmentExpenses": 0, "generalAndAdministrativeExpenses": 1400000000, "sellingAndMarketingExpenses": 53000000, "sellingGeneralAndAdministrativeExpenses": 1453000000, "otherExpenses": 2000000, "operatingExpenses": 2930000000, "costAndExpenses": 12179000000, "interestIncome": 0, "interestExpense": 374000000, "depreciationAndAmortization": 1477000000, "ebitda": 4173000000, "ebitdaratio": 0.2798042108, "operatingIncome": 2789000000, "operatingIncomeRatio": 0.1870054982, "totalOtherIncomeExpensesNet": 15000000, "incomeBeforeTax": 2376000000, "incomeBeforeTaxRatio": 0.1593133968, "incomeTaxExpense": 453000000, "netIncome": 1925000000, "netIncomeRatio": 0.1290733539, "eps": 4.49, "epsdiluted": 4.45, "weightedAverageShsOut": 429100000, "weightedAverageShsOutDil": 432200000, "link": "https://www.sec.gov/Archives/edgar/data/823768/000155837019000662/0001558370-19-000662-index.htm", "finalLink": "https://www.sec.gov/Archives/edgar/data/823768/000155837019000662/wm-20181231x10k.htm", "calculatedOtherExpenses": 1423000000, "calculatedOperatingExpenses": 2876000000, "calculatedNetInterest": -374000000, "calculatedOtherIncome": -39000000, "calculatedIncomeNonControlling": -2000000, "calculatedEbitda": 4266000000}, {"date": "2017-12-31", "symbol": "WM", "reportedCurrency": "USD", "cik": "0000823768", "fillingDate": "2018-02-15", "acceptedDate": "2018-02-15 12:17:48", "calendarYear": "2017", "period": "FY", "revenue": 14485000000, "costOfRevenue": 9021000000, "grossProfit": 5464000000, "grossProfitRatio": 0.3772178115, "researchAndDevelopmentExpenses": 0, "generalAndAdministrativeExpenses": 1426000000, "sellingAndMarketingExpenses": 42000000, "sellingGeneralAndAdministrativeExpenses": 1468000000, "otherExpenses": -8000000, "operatingExpenses": 2844000000, "costAndExpenses": 11865000000, "interestIncome": 0, "interestExpense": 363000000, "depreciationAndAmortization": 1376000000, "ebitda": 3920000000, "ebitdaratio": 0.2706247843, "operatingIncome": 2636000000, "operatingIncomeRatio": 0.18198136, "totalOtherIncomeExpensesNet": -66000000, "incomeBeforeTax": 2191000000, "incomeBeforeTaxRatio": 0.1512599241, "incomeTaxExpense": 242000000, "netIncome": 1949000000, "netIncomeRatio": 0.1345529858, "eps": 4.44, "epsdiluted": 4.41, "weightedAverageShsOut": 438800000, "weightedAverageShsOutDil": 441900000, "link": "https://www.sec.gov/Archives/edgar/data/823768/000155837018000716/0001558370-18-000716-index.htm", "finalLink": "https://www.sec.gov/Archives/edgar/data/823768/000155837018000716/wm-20171231x10k.htm", "calculatedOtherExpenses": 1360000000, "calculatedOperatingExpenses": 2828000000, "calculatedNetInterest": -363000000, "calculatedOtherIncome": -82000000, "calculatedIncomeNonControlling": 0, "calculatedEbitda": 4012000000}, {"date": "2016-12-31", "symbol": "WM", "reportedCurrency": "USD", "cik": "0000823768", "fillingDate": "2017-02-16", "acceptedDate": "2017-02-16 14:12:46", "calendarYear": "2016", "period": "FY", "revenue": 13609000000, "costOfRevenue": 8486000000, "grossProfit": 5123000000, "grossProfitRatio": 0.3764420604, "researchAndDevelopmentExpenses": 0, "generalAndAdministrativeExpenses": 1370000000, "sellingAndMarketingExpenses": 40000000, "sellingGeneralAndAdministrativeExpenses": 1410000000, "otherExpenses": -50000000, "operatingExpenses": 2711000000, "costAndExpenses": 11197000000, "interestIncome": 0, "interestExpense": 376000000, "depreciationAndAmortization": 1301000000, "ebitda": 3619000000, "ebitdaratio": 0.2659269601, "operatingIncome": 2296000000, "operatingIncomeRatio": 0.1687118818, "totalOtherIncomeExpensesNet": -214000000, "incomeBeforeTax": 1822000000, "incomeBeforeTaxRatio": 0.1338819899, "incomeTaxExpense": 642000000, "netIncome": 1182000000, "netIncomeRatio": 0.0868542876, "eps": 2.66, "epsdiluted": 2.65, "weightedAverageShsOut": 443500000, "weightedAverageShsOutDil": 446500000, "link": "https://www.sec.gov/Archives/edgar/data/823768/000119312517046480/0001193125-17-046480-index.htm", "finalLink": "https://www.sec.gov/Archives/edgar/data/823768/000119312517046480/d252547d10k.htm", "calculatedOtherExpenses": 1417000000, "calculatedOperatingExpenses": 2827000000, "calculatedNetInterest": -376000000, "calculatedOtherIncome": -98000000, "calculatedIncomeNonControlling": -2000000, "calculatedEbitda": 3597000000}, {"date": "2015-12-31", "symbol": "WM", "reportedCurrency": "USD", "cik": "0000823768", "fillingDate": "2016-02-18", "acceptedDate": "2016-02-18 11:45:02", "calendarYear": "2015", "period": "FY", "revenue": 12961000000, "costOfRevenue": 8231000000, "grossProfit": 4730000000, "grossProfitRatio": 0.3649409768, "researchAndDevelopmentExpenses": 0, "generalAndAdministrativeExpenses": 1307000000, "sellingAndMarketingExpenses": 36000000, "sellingGeneralAndAdministrativeExpenses": 1343000000, "otherExpenses": -7000000, "operatingExpenses": 2588000000, "costAndExpenses": 10819000000, "interestIncome": 0, "interestExpense": 385000000, "depreciationAndAmortization": 1245000000, "ebitda": 3342000000, "ebitdaratio": 0.2578504745, "operatingIncome": 2045000000, "operatingIncomeRatio": 0.1577810354, "totalOtherIncomeExpensesNet": -697000000, "incomeBeforeTax": 1060000000, "incomeBeforeTaxRatio": 0.081783813, "incomeTaxExpense": 308000000, "netIncome": 753000000, "netIncomeRatio": 0.058097369, "eps": 1.66, "epsdiluted": 1.65, "weightedAverageShsOut": 452700000, "weightedAverageShsOutDil": 455900000, "link": "https://www.sec.gov/Archives/edgar/data/823768/000119312516467957/0001193125-16-467957-index.htm", "finalLink": "https://www.sec.gov/Archives/edgar/data/823768/000119312516467957/d83265d10k.htm", "calculatedOtherExpenses": 1342000000, "calculatedOperatingExpenses": 2685000000, "calculatedNetInterest": -385000000, "calculatedOtherIncome": -600000000, "calculatedIncomeNonControlling": -1000000, "calculatedEbitda": 3290000000}, {"date": "2014-12-31", "symbol": "WM", "reportedCurrency": "USD", "cik": "0000823768", "fillingDate": "2015-02-17", "acceptedDate": "2015-02-17 12:21:00", "calendarYear": "2014", "period": "FY", "revenue": 13996000000, "costOfRevenue": 9002000000, "grossProfit": 4994000000, "grossProfitRatio": 0.3568162332, "researchAndDevelopmentExpenses": 0, "generalAndAdministrativeExpenses": 1440000000, "sellingAndMarketingExpenses": 41000000, "sellingGeneralAndAdministrativeExpenses": 1481000000, "otherExpenses": -29000000, "operatingExpenses": 2773000000, "costAndExpenses": 11775000000, "interestIncome": 5000000, "interestExpense": 471000000, "depreciationAndAmortization": 1292000000, "ebitda": 3436000000, "ebitdaratio": 0.2454987139, "operatingIncome": 2299000000, "operatingIncomeRatio": 0.1642612175, "totalOtherIncomeExpensesNet": -4000000, "incomeBeforeTax": 1751000000, "incomeBeforeTaxRatio": 0.1251071735, "incomeTaxExpense": 413000000, "netIncome": 1298000000, "netIncomeRatio": 0.0927407831, "eps": 2.8, "epsdiluted": 2.79, "weightedAverageShsOut": 462600000, "weightedAverageShsOutDil": 465600000, "link": "https://www.sec.gov/Archives/edgar/data/823768/000095012315002550/0000950123-15-002550-index.htm", "finalLink": "https://www.sec.gov/Archives/edgar/data/823768/000095012315002550/d793975d10k.htm", "calculatedOtherExpenses": 1214000000, "calculatedOperatingExpenses": 2695000000, "calculatedNetInterest": -466000000, "calculatedOtherIncome": -82000000, "calculatedIncomeNonControlling": 40000000, "calculatedEbitda": 3591000000}, {"date": "2013-12-31", "symbol": "WM", "reportedCurrency": "USD", "cik": "0000823768", "fillingDate": "2014-02-18", "acceptedDate": "2014-02-18 11:38:53", "calendarYear": "2013", "period": "FY", "revenue": 13983000000, "costOfRevenue": 9112000000, "grossProfit": 4871000000, "grossProfitRatio": 0.3483515698, "researchAndDevelopmentExpenses": 0, "generalAndAdministrativeExpenses": 1427000000, "sellingAndMarketingExpenses": 0, "sellingGeneralAndAdministrativeExpenses": 1427000000, "otherExpenses": -74000000, "operatingExpenses": 2801000000, "costAndExpenses": 11913000000, "interestIncome": 4000000, "interestExpense": 481000000, "depreciationAndAmortization": 1333000000, "ebitda": 3299000000, "ebitdaratio": 0.2359293428, "operatingIncome": 1079000000, "operatingIncomeRatio": 0.0771651291, "totalOtherIncomeExpensesNet": -1099000000, "incomeBeforeTax": 494000000, "incomeBeforeTaxRatio": 0.0353286133, "incomeTaxExpense": 364000000, "netIncome": 98000000, "netIncomeRatio": 0.0070085103, "eps": 0.21, "epsdiluted": 0.21, "weightedAverageShsOut": 467700000, "weightedAverageShsOutDil": 469800000, "link": "https://www.sec.gov/Archives/edgar/data/823768/000119312514056656/0001193125-14-056656-index.htm", "finalLink": "https://www.sec.gov/Archives/edgar/data/823768/000119312514056656/d581129d10k.htm", "calculatedOtherExpenses": 2365000000, "calculatedOperatingExpenses": 3792000000, "calculatedNetInterest": -477000000, "calculatedOtherIncome": -108000000, "calculatedIncomeNonControlling": 32000000, "calculatedEbitda": 2412000000}, {"date": "2012-12-31", "symbol": "WM", "reportedCurrency": "USD", "cik": "0000823768", "fillingDate": "2013-02-14", "acceptedDate": "2013-02-14 12:42:53", "calendarYear": "2012", "period": "FY", "revenue": 13649000000, "costOfRevenue": 8879000000, "grossProfit": 4770000000, "grossProfitRatio": 0.3494761521, "researchAndDevelopmentExpenses": 0, "generalAndAdministrativeExpenses": 0, "sellingAndMarketingExpenses": 0, "sellingGeneralAndAdministrativeExpenses": 1472000000, "otherExpenses": -18000000, "operatingExpenses": 2769000000, "costAndExpenses": 11648000000, "interestIncome": 4000000, "interestExpense": 488000000, "depreciationAndAmortization": 1297000000, "ebitda": 3238000000, "ebitdaratio": 0.237233497, "operatingIncome": 1851000000, "operatingIncomeRatio": 0.1356143307, "totalOtherIncomeExpensesNet": -214000000, "incomeBeforeTax": 1303000000, "incomeBeforeTaxRatio": 0.0954648692, "incomeTaxExpense": 443000000, "netIncome": 817000000, "netIncomeRatio": 0.059857865, "eps": 1.76, "epsdiluted": 1.76, "weightedAverageShsOut": 463600000, "weightedAverageShsOutDil": 464400000, "link": "https://www.sec.gov/Archives/edgar/data/823768/000119312513058892/0001193125-13-058892-index.htm", "finalLink": "https://www.sec.gov/Archives/edgar/data/823768/000119312513058892/d413187d10k.htm", "calculatedOtherExpenses": 1447000000, "calculatedOperatingExpenses": 2919000000, "calculatedNetInterest": -484000000, "calculatedOtherIncome": -64000000, "calculatedIncomeNonControlling": 43000000, "calculatedEbitda": 3148000000}, {"date": "2011-12-31", "symbol": "WM", "reportedCurrency": "USD", "cik": "0000823768", "fillingDate": "2012-02-16", "acceptedDate": "2012-02-16 16:20:58", "calendarYear": "2011", "period": "FY", "revenue": 13378000000, "costOfRevenue": 8541000000, "grossProfit": 4837000000, "grossProfitRatio": 0.3615637614, "researchAndDevelopmentExpenses": 0, "generalAndAdministrativeExpenses": 0, "sellingAndMarketingExpenses": 0, "sellingGeneralAndAdministrativeExpenses": 1551000000, "otherExpenses": 1229000000, "operatingExpenses": 2780000000, "costAndExpenses": 11321000000, "interestIncome": 8000000, "interestExpense": 481000000, "depreciationAndAmortization": 1229000000, "ebitda": 3263000000, "ebitdaratio": 0.2439079085, "operatingIncome": 2028000000, "operatingIncomeRatio": 0.1515921662, "totalOtherIncomeExpensesNet": -64000000, "incomeBeforeTax": 1520000000, "incomeBeforeTaxRatio": 0.1136193751, "incomeTaxExpense": 511000000, "netIncome": 961000000, "netIncomeRatio": 0.0718343549, "eps": 2.05, "epsdiluted": 2.04, "weightedAverageShsOut": 469700000, "weightedAverageShsOutDil": 471400000, "link": "https://www.sec.gov/Archives/edgar/data/823768/000119312512065370/0001193125-12-065370-index.htm", "finalLink": "https://www.sec.gov/Archives/edgar/data/823768/000119312512065370/d260235d10k.htm", "calculatedOtherExpenses": 1258000000, "calculatedOperatingExpenses": 2809000000, "calculatedNetInterest": -473000000, "calculatedOtherIncome": -35000000, "calculatedIncomeNonControlling": 48000000, "calculatedEbitda": 3257000000}, {"date": "2010-12-31", "symbol": "WM", "reportedCurrency": "USD", "cik": "0000823768", "fillingDate": "2011-02-17", "acceptedDate": "2011-02-17 17:21:55", "calendarYear": "2010", "period": "FY", "revenue": 12515000000, "costOfRevenue": 7824000000, "grossProfit": 4691000000, "grossProfitRatio": 0.3748302038, "researchAndDevelopmentExpenses": 0, "generalAndAdministrativeExpenses": 0, "sellingAndMarketingExpenses": 0, "sellingGeneralAndAdministrativeExpenses": 1461000000, "otherExpenses": 1194000000, "operatingExpenses": 2655000000, "costAndExpenses": 10479000000, "interestIncome": 4000000, "interestExpense": 473000000, "depreciationAndAmortization": 1194000000, "ebitda": 3234000000, "ebitdaratio": 0.2584099081, "operatingIncome": 2116000000, "operatingIncomeRatio": 0.1690771075, "totalOtherIncomeExpensesNet": 64000000, "incomeBeforeTax": 1631000000, "incomeBeforeTaxRatio": 0.1303236117, "incomeTaxExpense": 629000000, "netIncome": 953000000, "netIncomeRatio": 0.0761486217, "eps": 1.98, "epsdiluted": 1.98, "weightedAverageShsOut": 480200000, "weightedAverageShsOutDil": 482200000, "link": "https://www.sec.gov/Archives/edgar/data/823768/000095012311015242/0000950123-11-015242-index.htm", "finalLink": "https://www.sec.gov/Archives/edgar/data/823768/000095012311015242/h76657e10vk.htm", "calculatedOtherExpenses": 1114000000, "calculatedOperatingExpenses": 2575000000, "calculatedNetInterest": -469000000, "calculatedOtherIncome": -16000000, "calculatedIncomeNonControlling": 49000000, "calculatedEbitda": 3310000000}, {"date": "2009-12-31", "symbol": "WM", "reportedCurrency": "USD", "cik": "0000823768", "fillingDate": "2010-02-16", "acceptedDate": "2010-02-16 13:22:01", "calendarYear": "2009", "period": "FY", "revenue": 11791000000, "costOfRevenue": 7241000000, "grossProfit": 4550000000, "grossProfitRatio": 0.3858875413, "researchAndDevelopmentExpenses": 0, "generalAndAdministrativeExpenses": 0, "sellingAndMarketingExpenses": 0, "sellingGeneralAndAdministrativeExpenses": 1364000000, "otherExpenses": 1166000000, "operatingExpenses": 2530000000, "costAndExpenses": 9771000000, "interestIncome": 13000000, "interestExpense": 426000000, "depreciationAndAmortization": 1166000000, "ebitda": 3197000000, "ebitdaratio": 0.2711390043, "operatingIncome": 1887000000, "operatingIncomeRatio": 0.1600373166, "totalOtherIncomeExpensesNet": -134000000, "incomeBeforeTax": 1473000000, "incomeBeforeTaxRatio": 0.1249257909, "incomeTaxExpense": 413000000, "netIncome": 994000000, "netIncomeRatio": 0.084301586, "eps": 2.02, "epsdiluted": 2.01, "weightedAverageShsOut": 491200000, "weightedAverageShsOutDil": 493600000, "link": "https://www.sec.gov/Archives/edgar/data/823768/000095012310013022/0000950123-10-013022-index.htm", "finalLink": "https://www.sec.gov/Archives/edgar/data/823768/000095012310013022/h69024e10vk.htm", "calculatedOtherExpenses": 1299000000, "calculatedOperatingExpenses": 2663000000, "calculatedNetInterest": -413000000, "calculatedOtherIncome": -1000000, "calculatedIncomeNonControlling": 66000000, "calculatedEbitda": 3053000000}, {"date": "2008-12-31", "symbol": "WM", "reportedCurrency": "USD", "cik": "0000823768", "fillingDate": "2009-02-17", "acceptedDate": "2009-02-17 11:25:23", "calendarYear": "2008", "period": "FY", "revenue": 13388000000, "costOfRevenue": 8466000000, "grossProfit": 4922000000, "grossProfitRatio": 0.3676426651, "researchAndDevelopmentExpenses": 0, "generalAndAdministrativeExpenses": 0, "sellingAndMarketingExpenses": 0, "sellingGeneralAndAdministrativeExpenses": 1477000000, "otherExpenses": 1238000000, "operatingExpenses": 2715000000, "costAndExpenses": 11181000000, "interestIncome": 48000000, "interestExpense": 455000000, "depreciationAndAmortization": 1238000000, "ebitda": 3452000000, "ebitdaratio": 0.2578428443, "operatingIncome": 2234000000, "operatingIncomeRatio": 0.16686585, "totalOtherIncomeExpensesNet": -3000000, "incomeBeforeTax": 1756000000, "incomeBeforeTaxRatio": 0.1311622348, "incomeTaxExpense": 669000000, "netIncome": 1087000000, "netIncomeRatio": 0.0811921123, "eps": 2.21, "epsdiluted": 2.19, "weightedAverageShsOut": 492100000, "weightedAverageShsOutDil": 495400000, "link": "https://www.sec.gov/Archives/edgar/data/823768/000095012909000426/0000950129-09-000426-index.htm", "finalLink": "https://www.sec.gov/Archives/edgar/data/823768/000095012909000426/h65751e10vk.htm", "calculatedOtherExpenses": 1211000000, "calculatedOperatingExpenses": 2688000000, "calculatedNetInterest": -407000000, "calculatedOtherIncome": -71000000, "calculatedIncomeNonControlling": 0, "calculatedEbitda": 3472000000}, {"date": "2007-12-31", "symbol": "WM", "reportedCurrency": "USD", "cik": "0000823768", "fillingDate": "2008-02-19", "acceptedDate": "2008-02-19 06:05:18", "calendarYear": "2007", "period": "FY", "revenue": 13310000000, "costOfRevenue": 8402000000, "grossProfit": 4908000000, "grossProfitRatio": 0.3687453043, "researchAndDevelopmentExpenses": 0, "generalAndAdministrativeExpenses": 0, "sellingAndMarketingExpenses": 0, "sellingGeneralAndAdministrativeExpenses": 1432000000, "otherExpenses": 1271000000, "operatingExpenses": 2703000000, "costAndExpenses": 11105000000, "interestIncome": 47000000, "interestExpense": -521000000, "depreciationAndAmortization": 1259000000, "ebitda": 3423000000, "ebitdaratio": 0.2571750563, "operatingIncome": 2254000000, "operatingIncomeRatio": 0.1693463561, "totalOtherIncomeExpensesNet": 6000000, "incomeBeforeTax": 1703000000, "incomeBeforeTaxRatio": 0.1279489106, "incomeTaxExpense": 540000000, "netIncome": 1163000000, "netIncomeRatio": 0.0873779113, "eps": 2.25, "epsdiluted": 2.23, "weightedAverageShsOut": 516888889, "weightedAverageShsOutDil": 521524664, "link": "https://www.sec.gov/Archives/edgar/data/823768/000095013408002947/0000950134-08-002947-index.htm", "finalLink": "https://www.sec.gov/Archives/edgar/data/823768/000095013408002947/h53869e10vk.htm", "calculatedOtherExpenses": 1222000000, "calculatedOperatingExpenses": 2654000000, "calculatedNetInterest": 568000000, "calculatedOtherIncome": -1119000000, "calculatedIncomeNonControlling": 0, "calculatedEbitda": 3513000000}, {"date": "2006-12-31", "symbol": "WM", "reportedCurrency": "USD", "cik": "0000823768", "fillingDate": "2007-02-15", "acceptedDate": "2007-02-15 16:50:33", "calendarYear": "2006", "period": "FY", "revenue": 13363000000, "costOfRevenue": 8587000000, "grossProfit": 4776000000, "grossProfitRatio": 0.3574047744, "researchAndDevelopmentExpenses": 0, "generalAndAdministrativeExpenses": 0, "sellingAndMarketingExpenses": 0, "sellingGeneralAndAdministrativeExpenses": 1388000000, "otherExpenses": 1334000000, "operatingExpenses": 2722000000, "costAndExpenses": 11309000000, "interestIncome": 69000000, "interestExpense": -545000000, "depreciationAndAmortization": 1334000000, "ebitda": 3412000000, "ebitdaratio": 0.2553318866, "operatingIncome": 2029000000, "operatingIncomeRatio": 0.1518371623, "totalOtherIncomeExpensesNet": -60000000, "incomeBeforeTax": 1474000000, "incomeBeforeTaxRatio": 0.1103045723, "incomeTaxExpense": 325000000, "netIncome": 1149000000, "netIncomeRatio": 0.0859836863, "eps": 2.13, "epsdiluted": 2.1, "weightedAverageShsOut": 539436620, "weightedAverageShsOutDil": 547142857, "link": "https://www.sec.gov/Archives/edgar/data/823768/000095013407003484/0000950134-07-003484-index.htm", "finalLink": "https://www.sec.gov/Archives/edgar/data/823768/000095013407003484/h43426e10vk.htm", "calculatedOtherExpenses": 1359000000, "calculatedOperatingExpenses": 2747000000, "calculatedNetInterest": 614000000, "calculatedOtherIncome": -1169000000, "calculatedIncomeNonControlling": 0, "calculatedEbitda": 3363000000}, {"date": "2005-12-31", "symbol": "WM", "reportedCurrency": "USD", "cik": "0000823768", "fillingDate": "2006-02-21", "acceptedDate": "2006-02-21 16:07:38", "calendarYear": "2005", "period": "FY", "revenue": 13074000000, "costOfRevenue": 8631000000, "grossProfit": 4443000000, "grossProfitRatio": 0.3398347866, "researchAndDevelopmentExpenses": 0, "generalAndAdministrativeExpenses": 0, "sellingAndMarketingExpenses": 0, "sellingGeneralAndAdministrativeExpenses": 1276000000, "otherExpenses": 1429000000, "operatingExpenses": 2705000000, "costAndExpenses": 11336000000, "interestIncome": 31000000, "interestExpense": -496000000, "depreciationAndAmortization": 1361000000, "ebitda": 3193000000, "ebitdaratio": 0.2442251797, "operatingIncome": 1710000000, "operatingIncomeRatio": 0.1307939422, "totalOtherIncomeExpensesNet": -201000000, "incomeBeforeTax": 1092000000, "incomeBeforeTaxRatio": 0.0835245525, "incomeTaxExpense": -90000000, "netIncome": 1182000000, "netIncomeRatio": 0.0904084442, "eps": 2.11, "epsdiluted": 2.09, "weightedAverageShsOut": 560189573, "weightedAverageShsOutDil": 565550239, "link": "https://www.sec.gov/Archives/edgar/data/823768/000095012906001649/0000950129-06-001649-index.htm", "finalLink": "https://www.sec.gov/Archives/edgar/data/823768/000095012906001649/h32785e10vk.htm", "calculatedOtherExpenses": 1457000000, "calculatedOperatingExpenses": 2733000000, "calculatedNetInterest": 527000000, "calculatedOtherIncome": -1145000000, "calculatedIncomeNonControlling": 0, "calculatedEbitda": 3071000000}, {"date": "2004-12-31", "symbol": "WM", "reportedCurrency": "USD", "cik": "0000823768", "fillingDate": "2005-02-17", "acceptedDate": "2005-02-17 16:35:32", "calendarYear": "2004", "period": "FY", "revenue": 12516000000, "costOfRevenue": 8228000000, "grossProfit": 4288000000, "grossProfitRatio": 0.3426014701, "researchAndDevelopmentExpenses": 0, "generalAndAdministrativeExpenses": 0, "sellingAndMarketingExpenses": 0, "sellingGeneralAndAdministrativeExpenses": 1267000000, "otherExpenses": 1323000000, "operatingExpenses": 2590000000, "costAndExpenses": 10818000000, "interestIncome": 70000000, "interestExpense": -455000000, "depreciationAndAmortization": 1336000000, "ebitda": 3022000000, "ebitdaratio": 0.2414509428, "operatingIncome": 1699000000, "operatingIncomeRatio": 0.1357462448, "totalOtherIncomeExpensesNet": -86000000, "incomeBeforeTax": 1178000000, "incomeBeforeTaxRatio": 0.094119527, "incomeTaxExpense": 247000000, "netIncome": 939000000, "netIncomeRatio": 0.0750239693, "eps": 1.63, "epsdiluted": 1.61, "weightedAverageShsOut": 576073620, "weightedAverageShsOutDil": 583229814, "link": "https://www.sec.gov/Archives/edgar/data/823768/000095012905001427/0000950129-05-001427-index.htm", "finalLink": "https://www.sec.gov/Archives/edgar/data/823768/000095012905001427/h22314e10vk.htm", "calculatedOtherExpenses": 1322000000, "calculatedOperatingExpenses": 2589000000, "calculatedNetInterest": 525000000, "calculatedOtherIncome": -1046000000, "calculatedIncomeNonControlling": -8000000, "calculatedEbitda": 3035000000}, {"date": "2003-12-31", "symbol": "WM", "reportedCurrency": "USD", "cik": "0000823768", "fillingDate": "2004-02-20", "acceptedDate": "2004-02-20 10:23:26", "calendarYear": "2003", "period": "FY", "revenue": 11574000000, "costOfRevenue": 7517000000, "grossProfit": 4057000000, "grossProfitRatio": 0.3505270434, "researchAndDevelopmentExpenses": 0, "generalAndAdministrativeExpenses": 0, "sellingAndMarketingExpenses": 0, "sellingGeneralAndAdministrativeExpenses": 1216000000, "otherExpenses": 1257000000, "operatingExpenses": 2473000000, "costAndExpenses": 9990000000, "interestIncome": 12000000, "interestExpense": -439000000, "depreciationAndAmortization": 1265000000, "ebitda": 2869000000, "ebitdaratio": 0.2478831865, "operatingIncome": 1540000000, "operatingIncomeRatio": 0.1330568516, "totalOtherIncomeExpensesNet": -20000000, "incomeBeforeTax": 1123000000, "incomeBeforeTaxRatio": 0.097027821, "incomeTaxExpense": 404000000, "netIncome": 630000000, "netIncomeRatio": 0.0544323484, "eps": 1.07, "epsdiluted": 1.06, "weightedAverageShsOut": 588785047, "weightedAverageShsOutDil": 594339623, "link": "https://www.sec.gov/Archives/edgar/data/823768/000095012904000722/0000950129-04-000722-index.htm", "finalLink": "https://www.sec.gov/Archives/edgar/data/823768/000095012904000722/h12380e10vk.htm", "calculatedOtherExpenses": 1301000000, "calculatedOperatingExpenses": 2517000000, "calculatedNetInterest": 451000000, "calculatedOtherIncome": -868000000, "calculatedIncomeNonControlling": 89000000, "calculatedEbitda": 2805000000}, {"date": "2002-12-31", "symbol": "WM", "reportedCurrency": "USD", "cik": "0000823768", "fillingDate": "2003-02-24", "acceptedDate": "2003-02-24 16:51:17", "calendarYear": "2002", "period": "FY", "revenue": 11142000000, "costOfRevenue": 6743000000, "grossProfit": 4399000000, "grossProfitRatio": 0.3948124215, "researchAndDevelopmentExpenses": 0, "generalAndAdministrativeExpenses": 0, "sellingAndMarketingExpenses": 0, "sellingGeneralAndAdministrativeExpenses": 1529000000, "otherExpenses": 1188000000, "operatingExpenses": 2717000000, "costAndExpenses": 9460000000, "interestIncome": 0, "interestExpense": 0, "depreciationAndAmortization": 1222000000, "ebitda": 2857000000, "ebitdaratio": 0.2564171603, "operatingIncome": 1644000000, "operatingIncomeRatio": 0.1475498115, "totalOtherIncomeExpensesNet": 47000000, "incomeBeforeTax": 1247000000, "incomeBeforeTaxRatio": 0.1119188656, "incomeTaxExpense": 424000000, "netIncome": 822000000, "netIncomeRatio": 0.0737749058, "eps": 1.34, "epsdiluted": 1.33, "weightedAverageShsOut": 613432836, "weightedAverageShsOutDil": 618045113, "link": "https://www.sec.gov/Archives/edgar/data/823768/000095012903000958/0000950129-03-000958-index.htm", "finalLink": "https://www.sec.gov/Archives/edgar/data/823768/000095012903000958/h02934e10vk.txt", "calculatedOtherExpenses": 1226000000, "calculatedOperatingExpenses": 2755000000, "calculatedNetInterest": 0, "calculatedOtherIncome": -397000000, "calculatedIncomeNonControlling": 1000000, "calculatedEbitda": 2866000000}, {"date": "2001-12-31", "symbol": "WM", "reportedCurrency": "USD", "cik": "0000823768", "fillingDate": "2002-03-12", "acceptedDate": "2002-03-12 00:00:00", "calendarYear": "2001", "period": "FY", "revenue": 11322000000, "costOfRevenue": 6666000000, "grossProfit": 4656000000, "grossProfitRatio": 0.4112347642, "researchAndDevelopmentExpenses": 0, "generalAndAdministrativeExpenses": 1622000000, "sellingAndMarketingExpenses": 0, "sellingGeneralAndAdministrativeExpenses": 1622000000, "otherExpenses": 1751000000, "operatingExpenses": 3373000000, "costAndExpenses": 10039000000, "interestIncome": 0, "interestExpense": 0, "depreciationAndAmortization": 1371000000, "ebitda": 3021000000, "ebitdaratio": 0.2668256492, "operatingIncome": 1283000000, "operatingIncomeRatio": 0.1133192016, "totalOtherIncomeExpensesNet": -367000000, "incomeBeforeTax": 787000000, "incomeBeforeTaxRatio": 0.0695106872, "incomeTaxExpense": 284000000, "netIncome": 503000000, "netIncomeRatio": 0.0444267797, "eps": 0.8, "epsdiluted": 0.8, "weightedAverageShsOut": 628750000, "weightedAverageShsOutDil": 628750000, "link": "https://www.sec.gov/Archives/edgar/data/823768/000095012902001250/0000950129-02-001250-index.htm", "finalLink": "https://www.sec.gov/Archives/edgar/data/823768/000095012902001250/h93477e10-k.txt", "calculatedOtherExpenses": 1751000000, "calculatedOperatingExpenses": 3373000000, "calculatedNetInterest": 0, "calculatedOtherIncome": -496000000, "calculatedIncomeNonControlling": 0, "calculatedEbitda": 2654000000}, {"date": "2000-12-31", "symbol": "WM", "reportedCurrency": "USD", "cik": "0000823768", "fillingDate": "2001-03-13", "acceptedDate": "2001-03-13 00:00:00", "calendarYear": "2000", "period": "FY", "revenue": 12492000000, "costOfRevenue": 7538000000, "grossProfit": 4954000000, "grossProfitRatio": 0.3965738072, "researchAndDevelopmentExpenses": 0, "generalAndAdministrativeExpenses": 1738000000, "sellingAndMarketingExpenses": 0, "sellingGeneralAndAdministrativeExpenses": 1738000000, "otherExpenses": 1429000000, "operatingExpenses": 3167000000, "costAndExpenses": 10705000000, "interestIncome": 0, "interestExpense": 0, "depreciationAndAmortization": 1429000000, "ebitda": 3942000000, "ebitdaratio": 0.3155619597, "operatingIncome": 1787000000, "operatingIncomeRatio": 0.143051553, "totalOtherIncomeExpensesNet": -726000000, "incomeBeforeTax": 321000000, "incomeBeforeTaxRatio": 0.0256964457, "incomeTaxExpense": 418000000, "netIncome": -97000000, "netIncomeRatio": -0.0077649696, "eps": -0.16, "epsdiluted": -0.16, "weightedAverageShsOut": 606250000, "weightedAverageShsOutDil": 606250000, "link": "https://www.sec.gov/Archives/edgar/data/823768/000095012901001398/0000950129-01-001398-index.htm", "finalLink": "https://www.sec.gov/Archives/edgar/data/823768/000095012901001398/h84376e10-k.txt", "calculatedOtherExpenses": 1429000000, "calculatedOperatingExpenses": 3167000000, "calculatedNetInterest": 0, "calculatedOtherIncome": -1466000000, "calculatedIncomeNonControlling": 0, "calculatedEbitda": 3216000000}, {"date": "1999-12-31", "symbol": "WM", "reportedCurrency": "USD", "cik": "0000823768", "fillingDate": "2000-03-30", "acceptedDate": "2000-03-30 00:00:00", "calendarYear": "1999", "period": "FY", "revenue": 13126900000, "costOfRevenue": 8269000000, "grossProfit": 4857900000, "grossProfitRatio": 0.3700721419, "researchAndDevelopmentExpenses": 0, "generalAndAdministrativeExpenses": 1920300000, "sellingAndMarketingExpenses": 0, "sellingGeneralAndAdministrativeExpenses": 1920300000, "otherExpenses": 1614200000, "operatingExpenses": 3534500000, "costAndExpenses": 11803500000, "interestIncome": 0, "interestExpense": 0, "depreciationAndAmortization": 1614200000, "ebitda": 3668400000, "ebitdaratio": 0.2794566882, "operatingIncome": 1323400000, "operatingIncomeRatio": 0.1008158819, "totalOtherIncomeExpensesNet": -730800000, "incomeBeforeTax": -162800000, "incomeBeforeTaxRatio": -0.0124020142, "incomeTaxExpense": 232300000, "netIncome": -397600000, "netIncomeRatio": -0.0302889486, "eps": -0.65, "epsdiluted": -0.65, "weightedAverageShsOut": 612307692, "weightedAverageShsOutDil": 612307692, "link": "https://www.sec.gov/Archives/edgar/data/823768/000095012900001540/0000950129-00-001540-index.html", "finalLink": "https://www.sec.gov/Archives/edgar/data/823768/000095012900001540/", "calculatedOtherExpenses": 1614200000, "calculatedOperatingExpenses": 3534500000, "calculatedNetInterest": 0, "calculatedOtherIncome": -1486200000, "calculatedIncomeNonControlling": 2500000, "calculatedEbitda": 2937600000}, {"date": "1998-12-31", "symbol": "WM", "reportedCurrency": "USD", "cik": "0000823768", "fillingDate": "1999-03-31", "acceptedDate": "1999-03-31 00:00:00", "calendarYear": "1998", "period": "FY", "revenue": 12703500000, "costOfRevenue": 7383800000, "grossProfit": 5319700000, "grossProfitRatio": 0.4187586098, "researchAndDevelopmentExpenses": 0, "generalAndAdministrativeExpenses": 1309900000, "sellingAndMarketingExpenses": 0, "sellingGeneralAndAdministrativeExpenses": 1309900000, "otherExpenses": 1498700000, "operatingExpenses": 2808600000, "costAndExpenses": 10192400000, "interestIncome": 0, "interestExpense": 0, "depreciationAndAmortization": 1498700000, "ebitda": 6515000000, "ebitdaratio": 0.5128507892, "operatingIncome": 2511100000, "operatingIncomeRatio": 0.1976699335, "totalOtherIncomeExpensesNet": -2505200000, "incomeBeforeTax": -699900000, "incomeBeforeTaxRatio": -0.0550950525, "incomeTaxExpense": 66900000, "netIncome": -770700000, "netIncomeRatio": -0.0606683198, "eps": -1.32, "epsdiluted": -1.32, "weightedAverageShsOut": 584301000, "weightedAverageShsOutDil": 584301000, "link": "https://www.sec.gov/Archives/edgar/data/823768/000095012999001268/0000950129-99-001268-index.html", "finalLink": "https://www.sec.gov/Archives/edgar/data/823768/", "calculatedOtherExpenses": 1498700000, "calculatedOperatingExpenses": 2808600000, "calculatedNetInterest": 0, "calculatedOtherIncome": -3211000000, "calculatedIncomeNonControlling": 3900000, "calculatedEbitda": 4009800000}, {"date": "1997-12-31", "symbol": "WM", "reportedCurrency": "USD", "cik": "0000823768", "fillingDate": "1998-03-31", "acceptedDate": "1998-03-31 00:00:00", "calendarYear": "1997", "period": "FY", "revenue": 2613800000, "costOfRevenue": 1345800000, "grossProfit": 1268000000, "grossProfitRatio": 0.4851174535, "researchAndDevelopmentExpenses": 0, "generalAndAdministrativeExpenses": 284900000, "sellingAndMarketingExpenses": 0, "sellingGeneralAndAdministrativeExpenses": 284900000, "otherExpenses": 303200000, "operatingExpenses": 588100000, "costAndExpenses": 1933900000, "interestIncome": 0, "interestExpense": 0, "depreciationAndAmortization": 303200000, "ebitda": 1095400000, "ebitdaratio": 0.419083327, "operatingIncome": 679900000, "operatingIncomeRatio": 0.2601193664, "totalOtherIncomeExpensesNet": -112300000, "incomeBeforeTax": 463200000, "incomeBeforeTaxRatio": 0.1772132527, "incomeTaxExpense": 189900000, "netIncome": 267000000, "netIncomeRatio": 0.1021501263, "eps": -1.68, "epsdiluted": -1.68, "weightedAverageShsOut": 207848101, "weightedAverageShsOutDil": 218933333, "link": "https://www.sec.gov/Archives/edgar/data/823768/000095012998001354/0000950129-98-001354-index.html", "finalLink": "https://www.sec.gov/Archives/edgar/data/823768/", "calculatedOtherExpenses": 303200000, "calculatedOperatingExpenses": 588100000, "calculatedNetInterest": 0, "calculatedOtherIncome": -216700000, "calculatedIncomeNonControlling": 6300000, "calculatedEbitda": 983100000}, {"date": "1996-12-31", "symbol": "WM", "reportedCurrency": "USD", "cik": "0000823768", "fillingDate": "1997-03-31", "acceptedDate": "1997-03-31 00:00:00", "calendarYear": "1996", "period": "FY", "revenue": 1313400000, "costOfRevenue": 704900000, "grossProfit": 608500000, "grossProfitRatio": 0.4633013553, "researchAndDevelopmentExpenses": 0, "generalAndAdministrativeExpenses": 160500000, "sellingAndMarketingExpenses": 0, "sellingGeneralAndAdministrativeExpenses": 160500000, "otherExpenses": 153200000, "operatingExpenses": 313700000, "costAndExpenses": 1018600000, "interestIncome": 0, "interestExpense": 0, "depreciationAndAmortization": 153200000, "ebitda": 619100000, "ebitdaratio": 0.4713720116, "operatingIncome": 294800000, "operatingIncomeRatio": 0.2244556114, "totalOtherIncomeExpensesNet": -171100000, "incomeBeforeTax": 78000000, "incomeBeforeTaxRatio": 0.0593878483, "incomeTaxExpense": 45100000, "netIncome": 32900000, "netIncomeRatio": 0.0250494899, "eps": 0.05, "epsdiluted": 0.04, "weightedAverageShsOut": 139586000, "weightedAverageShsOutDil": 139586000, "link": "https://www.sec.gov/Archives/edgar/data/823768/000095012997001363/0000950129-97-001363-index.html", "finalLink": "https://www.sec.gov/Archives/edgar/data/823768/", "calculatedOtherExpenses": 153200000, "calculatedOperatingExpenses": 313700000, "calculatedNetInterest": 0, "calculatedOtherIncome": -216800000, "calculatedIncomeNonControlling": 0, "calculatedEbitda": 448000000}, {"date": "1995-12-31", "symbol": "WM", "reportedCurrency": "USD", "cik": "0000823768", "fillingDate": "1996-03-22", "acceptedDate": "1996-03-22 00:00:00", "calendarYear": "1995", "period": "FY", "revenue": 457100000, "costOfRevenue": 253900000, "grossProfit": 203200000, "grossProfitRatio": 0.4445416758, "researchAndDevelopmentExpenses": 0, "generalAndAdministrativeExpenses": 62200000, "sellingAndMarketingExpenses": 0, "sellingGeneralAndAdministrativeExpenses": 62200000, "otherExpenses": 56400000, "operatingExpenses": 118600000, "costAndExpenses": 372500000, "interestIncome": 0, "interestExpense": 0, "depreciationAndAmortization": 56400000, "ebitda": 165400000, "ebitdaratio": 0.3618464231, "operatingIncome": 84600000, "operatingIncomeRatio": 0.1850798512, "totalOtherIncomeExpensesNet": -24400000, "incomeBeforeTax": 18900000, "incomeBeforeTaxRatio": 0.0413476263, "incomeTaxExpense": -11400000, "netIncome": 30300000, "netIncomeRatio": 0.0662874644, "eps": 0.56, "epsdiluted": 0.54, "weightedAverageShsOut": 51764706, "weightedAverageShsOutDil": 51764706, "link": "https://www.sec.gov/Archives/edgar/data/823768/000095013496000861/0000950134-96-000861-index.html", "finalLink": "https://www.sec.gov/Archives/edgar/data/823768/", "calculatedOtherExpenses": 56400000, "calculatedOperatingExpenses": 118600000, "calculatedNetInterest": 0, "calculatedOtherIncome": -65700000, "calculatedIncomeNonControlling": 0, "calculatedEbitda": 141000000}, {"date": "1994-12-31", "symbol": "WM", "reportedCurrency": "USD", "cik": "0000823768", "fillingDate": "1994-12-31", "acceptedDate": "1994-12-30 19:00:00", "calendarYear": "1994", "period": "FY", "revenue": 176200000, "costOfRevenue": 101100000, "grossProfit": 75100000, "grossProfitRatio": 0.4262202043, "researchAndDevelopmentExpenses": 0, "generalAndAdministrativeExpenses": 0, "sellingAndMarketingExpenses": 0, "sellingGeneralAndAdministrativeExpenses": 23500000, "otherExpenses": 18800000, "operatingExpenses": 42300000, "costAndExpenses": 143400000, "interestIncome": 0, "interestExpense": 0, "depreciationAndAmortization": 18800000, "ebitda": 52500000, "ebitdaratio": 0.2979568672, "operatingIncome": 32800000, "operatingIncomeRatio": 0.1861520999, "totalOtherIncomeExpensesNet": -900000, "incomeBeforeTax": 21600000, "incomeBeforeTaxRatio": 0.1225879682, "incomeTaxExpense": 7800000, "netIncome": 13800000, "netIncomeRatio": 0.0783200908, "eps": 0.08, "epsdiluted": 0.08, "weightedAverageShsOut": 21388889, "weightedAverageShsOutDil": 21388889, "link": "", "finalLink": "", "calculatedOtherExpenses": 18800000, "calculatedOperatingExpenses": 42300000, "calculatedNetInterest": 0, "calculatedOtherIncome": -11200000, "calculatedIncomeNonControlling": 0, "calculatedEbitda": 51600000}, {"date": "1993-12-31", "symbol": "WM", "reportedCurrency": "USD", "cik": "0000823768", "fillingDate": "1993-12-31", "acceptedDate": "1993-12-30 19:00:00", "calendarYear": "1993", "period": "FY", "revenue": 78100000, "costOfRevenue": 38900000, "grossProfit": 39200000, "grossProfitRatio": 0.5019206146, "researchAndDevelopmentExpenses": 0, "generalAndAdministrativeExpenses": 0, "sellingAndMarketingExpenses": 0, "sellingGeneralAndAdministrativeExpenses": 11300000, "otherExpenses": 8200000, "operatingExpenses": 19500000, "costAndExpenses": 58400000, "interestIncome": 0, "interestExpense": 0, "depreciationAndAmortization": 8200000, "ebitda": 26600000, "ebitdaratio": 0.3405889885, "operatingIncome": 19700000, "operatingIncomeRatio": 0.252240717, "totalOtherIncomeExpensesNet": 1300000, "incomeBeforeTax": 15000000, "incomeBeforeTaxRatio": 0.1920614597, "incomeTaxExpense": 5400000, "netIncome": 9600000, "netIncomeRatio": 0.1229193342, "eps": 0.32, "epsdiluted": 0.32, "weightedAverageShsOut": 11864407, "weightedAverageShsOutDil": 11864407, "link": "", "finalLink": "", "calculatedOtherExpenses": 8200000, "calculatedOperatingExpenses": 19500000, "calculatedNetInterest": 0, "calculatedOtherIncome": -4700000, "calculatedIncomeNonControlling": 0, "calculatedEbitda": 27900000}, {"date": "1992-12-31", "symbol": "WM", "reportedCurrency": "USD", "cik": "0000823768", "fillingDate": "1992-12-31", "acceptedDate": "1992-12-30 19:00:00", "calendarYear": "1992", "period": "FY", "revenue": 52200000, "costOfRevenue": 25200000, "grossProfit": 27000000, "grossProfitRatio": 0.5172413793, "researchAndDevelopmentExpenses": 0, "generalAndAdministrativeExpenses": 0, "sellingAndMarketingExpenses": 0, "sellingGeneralAndAdministrativeExpenses": 8000000, "otherExpenses": 4800000, "operatingExpenses": 12800000, "costAndExpenses": 38000000, "interestIncome": 0, "interestExpense": 0, "depreciationAndAmortization": 4800000, "ebitda": 17900000, "ebitdaratio": 0.3429118774, "operatingIncome": 14200000, "operatingIncomeRatio": 0.2720306513, "totalOtherIncomeExpensesNet": 1100000, "incomeBeforeTax": 11400000, "incomeBeforeTaxRatio": 0.2183908046, "incomeTaxExpense": 4100000, "netIncome": 7300000, "netIncomeRatio": 0.1398467433, "eps": 0.65, "epsdiluted": 0.65, "weightedAverageShsOut": 11230769, "weightedAverageShsOutDil": 11230769, "link": "", "finalLink": "", "calculatedOtherExpenses": 4800000, "calculatedOperatingExpenses": 12800000, "calculatedNetInterest": 0, "calculatedOtherIncome": -2800000, "calculatedIncomeNonControlling": 0, "calculatedEbitda": 19000000}, {"date": "1991-12-31", "symbol": "WM", "reportedCurrency": "USD", "cik": "0000823768", "fillingDate": "1991-12-31", "acceptedDate": "1991-12-30 19:00:00", "calendarYear": "1991", "period": "FY", "revenue": 18300000, "costOfRevenue": 7400000, "grossProfit": 10900000, "grossProfitRatio": 0.5956284153, "researchAndDevelopmentExpenses": 0, "generalAndAdministrativeExpenses": 0, "sellingAndMarketingExpenses": 0, "sellingGeneralAndAdministrativeExpenses": 4100000, "otherExpenses": 1600000, "operatingExpenses": 5700000, "costAndExpenses": 13100000, "interestIncome": 0, "interestExpense": 0, "depreciationAndAmortization": 1600000, "ebitda": 5700000, "ebitdaratio": 0.3114754098, "operatingIncome": 5200000, "operatingIncomeRatio": 0.2841530055, "totalOtherIncomeExpensesNet": 1100000, "incomeBeforeTax": 4400000, "incomeBeforeTaxRatio": 0.2404371585, "incomeTaxExpense": 1400000, "netIncome": 3000000, "netIncomeRatio": 0.1639344262, "eps": 0.32, "epsdiluted": 0.32, "weightedAverageShsOut": 9375000, "weightedAverageShsOutDil": 9375000, "link": "", "finalLink": "", "calculatedOtherExpenses": 1600000, "calculatedOperatingExpenses": 5700000, "calculatedNetInterest": 0, "calculatedOtherIncome": -800000, "calculatedIncomeNonControlling": 0, "calculatedEbitda": 6800000}, {"date": "1990-12-31", "symbol": "WM", "reportedCurrency": "USD", "cik": "0000823768", "fillingDate": "1990-12-31", "acceptedDate": "1990-12-30 19:00:00", "calendarYear": "1990", "period": "FY", "revenue": 3700000, "costOfRevenue": 1600000, "grossProfit": 2100000, "grossProfitRatio": 0.5675675676, "researchAndDevelopmentExpenses": 0, "generalAndAdministrativeExpenses": 0, "sellingAndMarketingExpenses": 0, "sellingGeneralAndAdministrativeExpenses": 1200000, "otherExpenses": 700000, "operatingExpenses": 1900000, "costAndExpenses": 3500000, "interestIncome": 0, "interestExpense": 0, "depreciationAndAmortization": 700000, "ebitda": 800000, "ebitdaratio": 0.2162162162, "operatingIncome": 200000, "operatingIncomeRatio": 0.0540540541, "totalOtherIncomeExpensesNet": 100000, "incomeBeforeTax": 300000, "incomeBeforeTaxRatio": 0.0810810811, "incomeTaxExpense": 0, "netIncome": 200000, "netIncomeRatio": 0.0540540541, "eps": 0.08, "epsdiluted": 0.08, "weightedAverageShsOut": 3333333, "weightedAverageShsOutDil": 3333333, "link": "", "finalLink": "", "calculatedOtherExpenses": 700000, "calculatedOperatingExpenses": 1900000, "calculatedNetInterest": 0, "calculatedOtherIncome": 100000, "calculatedIncomeNonControlling": 100000, "calculatedEbitda": 900000}, {"date": "1989-12-31", "symbol": "WM", "reportedCurrency": "USD", "cik": "0000823768", "fillingDate": "1989-12-31", "acceptedDate": "1989-12-30 19:00:00", "calendarYear": "1989", "period": "FY", "revenue": 2600000, "costOfRevenue": 1300000, "grossProfit": 1300000, "grossProfitRatio": 0.5, "researchAndDevelopmentExpenses": 0, "generalAndAdministrativeExpenses": 0, "sellingAndMarketingExpenses": 0, "sellingGeneralAndAdministrativeExpenses": 900000, "otherExpenses": 400000, "operatingExpenses": 1300000, "costAndExpenses": 2600000, "interestIncome": 0, "interestExpense": 0, "depreciationAndAmortization": 400000, "ebitda": 200000, "ebitdaratio": 0.0769230769, "operatingIncome": -200000, "operatingIncomeRatio": -0.0769230769, "totalOtherIncomeExpensesNet": 200000, "incomeBeforeTax": 0, "incomeBeforeTaxRatio": 0, "incomeTaxExpense": -100000, "netIncome": 100000, "netIncomeRatio": 0.0384615385, "eps": 0.03, "epsdiluted": 0.03, "weightedAverageShsOut": 3333333, "weightedAverageShsOutDil": 3333333, "link": "", "finalLink": "", "calculatedOtherExpenses": 600000, "calculatedOperatingExpenses": 1500000, "calculatedNetInterest": 0, "calculatedOtherIncome": 200000, "calculatedIncomeNonControlling": 0, "calculatedEbitda": 200000}, {"date": "1988-12-31", "symbol": "WM", "reportedCurrency": "USD", "cik": "0000823768", "fillingDate": "1988-12-31", "acceptedDate": "1988-12-30 19:00:00", "calendarYear": "1988", "period": "FY", "revenue": 1900000, "costOfRevenue": 700000, "grossProfit": 1200000, "grossProfitRatio": 0.6315789474, "researchAndDevelopmentExpenses": 0, "generalAndAdministrativeExpenses": 0, "sellingAndMarketingExpenses": 0, "sellingGeneralAndAdministrativeExpenses": 800000, "otherExpenses": 200000, "operatingExpenses": 1000000, "costAndExpenses": 1700000, "interestIncome": 0, "interestExpense": 0, "depreciationAndAmortization": 200000, "ebitda": 300000, "ebitdaratio": 0.1578947368, "operatingIncome": 200000, "operatingIncomeRatio": 0.1052631579, "totalOtherIncomeExpensesNet": 100000, "incomeBeforeTax": 300000, "incomeBeforeTaxRatio": 0.1578947368, "incomeTaxExpense": 100000, "netIncome": 200000, "netIncomeRatio": 0.1052631579, "eps": 0.09, "epsdiluted": 0.09, "weightedAverageShsOut": 2222222, "weightedAverageShsOutDil": 2222222, "link": "", "finalLink": "", "calculatedOtherExpenses": 200000, "calculatedOperatingExpenses": 1000000, "calculatedNetInterest": 0, "calculatedOtherIncome": 100000, "calculatedIncomeNonControlling": 0, "calculatedEbitda": 400000}, {"date": "1987-12-31", "symbol": "WM", "reportedCurrency": "USD", "cik": "0000823768", "fillingDate": "1987-12-31", "acceptedDate": "1987-12-30 19:00:00", "calendarYear": "1987", "period": "FY", "revenue": 1700000, "costOfRevenue": 600000, "grossProfit": 1100000, "grossProfitRatio": 0.6470588235, "researchAndDevelopmentExpenses": 0, "generalAndAdministrativeExpenses": 0, "sellingAndMarketingExpenses": 0, "sellingGeneralAndAdministrativeExpenses": 200000, "otherExpenses": 200000, "operatingExpenses": 400000, "costAndExpenses": 1000000, "interestIncome": 0, "interestExpense": 0, "depreciationAndAmortization": 200000, "ebitda": 900000, "ebitdaratio": 0.5294117647, "operatingIncome": 700000, "operatingIncomeRatio": 0.4117647059, "totalOtherIncomeExpensesNet": 0, "incomeBeforeTax": 0, "incomeBeforeTaxRatio": 0, "incomeTaxExpense": 300000, "netIncome": 400000, "netIncomeRatio": 0.2352941176, "eps": 0.24, "epsdiluted": 0.24, "weightedAverageShsOut": 1666667, "weightedAverageShsOutDil": 1666667, "link": "", "finalLink": "", "calculatedOtherExpenses": 200000, "calculatedOperatingExpenses": 400000, "calculatedNetInterest": 0, "calculatedOtherIncome": -700000, "calculatedIncomeNonControlling": -700000, "calculatedEbitda": 900000}]}