{"originalCurrency": "USD", "convertedCurrency": "USD", "report": [{"date": "2023-12-31", "symbol": "WMB", "reportedCurrency": "USD", "cik": "0000107263", "fillingDate": "2024-02-21", "acceptedDate": "2024-02-21 16:07:47", "calendarYear": "2023", "period": "FY", "revenue": 10907000000, "costOfRevenue": 6090000000, "grossProfit": 4817000000, "grossProfitRatio": 0.4416429816, "researchAndDevelopmentExpenses": 0, "generalAndAdministrativeExpenses": 0, "sellingAndMarketingExpenses": 0, "sellingGeneralAndAdministrativeExpenses": 665000000, "otherExpenses": 99000000, "operatingExpenses": 665000000, "costAndExpenses": 6755000000, "interestIncome": 108000000, "interestExpense": 1236000000, "depreciationAndAmortization": 2071000000, "ebitda": 6223000000, "ebitdaratio": 0.5705510223, "operatingIncome": 4152000000, "operatingIncomeRatio": 0.3806729623, "totalOtherIncomeExpensesNet": 253000000, "incomeBeforeTax": 4405000000, "incomeBeforeTaxRatio": 0.4038690749, "incomeTaxExpense": 1005000000, "netIncome": 3179000000, "netIncomeRatio": 0.2914641973, "eps": 2.61, "epsdiluted": 2.6, "weightedAverageShsOut": 1217784000, "weightedAverageShsOutDil": 1222715000, "link": "https://www.sec.gov/Archives/edgar/data/107263/000010726324000019/0000107263-24-000019-index.htm", "finalLink": "https://www.sec.gov/Archives/edgar/data/107263/000010726324000019/wmb-20231231.htm", "calculatedOtherExpenses": 0, "calculatedOperatingExpenses": 665000000, "calculatedNetInterest": -1128000000, "calculatedOtherIncome": 1381000000, "calculatedIncomeNonControlling": 221000000, "calculatedEbitda": 6223000000}, {"date": "2022-12-31", "symbol": "WMB", "reportedCurrency": "USD", "cik": "0000107263", "fillingDate": "2023-02-27", "acceptedDate": "2023-02-27 08:24:01", "calendarYear": "2022", "period": "FY", "revenue": 10965000000, "costOfRevenue": 7283000000, "grossProfit": 3682000000, "grossProfitRatio": 0.3357957136, "researchAndDevelopmentExpenses": 0, "generalAndAdministrativeExpenses": 0, "sellingAndMarketingExpenses": 0, "sellingGeneralAndAdministrativeExpenses": 636000000, "otherExpenses": 28000000, "operatingExpenses": 664000000, "costAndExpenses": 7947000000, "interestIncome": 16000000, "interestExpense": 1147000000, "depreciationAndAmortization": 2664000000, "ebitda": 5682000000, "ebitdaratio": 0.5181942544, "operatingIncome": 3018000000, "operatingIncomeRatio": 0.2752393981, "totalOtherIncomeExpensesNet": -476000000, "incomeBeforeTax": 2542000000, "incomeBeforeTaxRatio": 0.2318285454, "incomeTaxExpense": 425000000, "netIncome": 2049000000, "netIncomeRatio": 0.1868673051, "eps": 1.68, "epsdiluted": 1.67, "weightedAverageShsOut": 1218362000, "weightedAverageShsOutDil": 1222672000, "link": "https://www.sec.gov/Archives/edgar/data/107263/000010726323000007/0000107263-23-000007-index.htm", "finalLink": "https://www.sec.gov/Archives/edgar/data/107263/000010726323000007/wmb-20221231.htm", "calculatedOtherExpenses": 28000000, "calculatedOperatingExpenses": 664000000, "calculatedNetInterest": -1131000000, "calculatedOtherIncome": 655000000, "calculatedIncomeNonControlling": 68000000, "calculatedEbitda": 5682000000}, {"date": "2021-12-31", "symbol": "WMB", "reportedCurrency": "USD", "cik": "0000107263", "fillingDate": "2022-02-28", "acceptedDate": "2022-02-28 16:11:30", "calendarYear": "2021", "period": "FY", "revenue": 10627000000, "costOfRevenue": 7422000000, "grossProfit": 3205000000, "grossProfitRatio": 0.3015902889, "researchAndDevelopmentExpenses": 0, "generalAndAdministrativeExpenses": 0, "sellingAndMarketingExpenses": 0, "sellingGeneralAndAdministrativeExpenses": 558000000, "otherExpenses": 14000000, "operatingExpenses": 572000000, "costAndExpenses": 7994000000, "interestIncome": 7000000, "interestExpense": 1179000000, "depreciationAndAmortization": 2458000000, "ebitda": 5089000000, "ebitdaratio": 0.4788745648, "operatingIncome": 2631000000, "operatingIncomeRatio": 0.2475769267, "totalOtherIncomeExpensesNet": -558000000, "incomeBeforeTax": 2073000000, "incomeBeforeTaxRatio": 0.1950691635, "incomeTaxExpense": 511000000, "netIncome": 1517000000, "netIncomeRatio": 0.1427496001, "eps": 1.25, "epsdiluted": 1.24, "weightedAverageShsOut": 1215221000, "weightedAverageShsOutDil": 1218215000, "link": "https://www.sec.gov/Archives/edgar/data/107263/000010726322000007/0000107263-22-000007-index.htm", "finalLink": "https://www.sec.gov/Archives/edgar/data/107263/000010726322000007/wmb-20211231.htm", "calculatedOtherExpenses": 16000000, "calculatedOperatingExpenses": 574000000, "calculatedNetInterest": -1172000000, "calculatedOtherIncome": 614000000, "calculatedIncomeNonControlling": 45000000, "calculatedEbitda": 5089000000}, {"date": "2020-12-31", "symbol": "WMB", "reportedCurrency": "USD", "cik": "0000107263", "fillingDate": "2021-02-24", "acceptedDate": "2021-02-24 16:03:07", "calendarYear": "2020", "period": "FY", "revenue": 7719000000, "costOfRevenue": 4660000000, "grossProfit": 3059000000, "grossProfitRatio": 0.3962948568, "researchAndDevelopmentExpenses": 0, "generalAndAdministrativeExpenses": 0, "sellingAndMarketingExpenses": 0, "sellingGeneralAndAdministrativeExpenses": 466000000, "otherExpenses": 22000000, "operatingExpenses": 488000000, "costAndExpenses": 5148000000, "interestIncome": 8000000, "interestExpense": 1172000000, "depreciationAndAmortization": 2375000000, "ebitda": 4577000000, "ebitdaratio": 0.592952455, "operatingIncome": 2202000000, "operatingIncomeRatio": 0.2852701127, "totalOtherIncomeExpensesNet": -1925000000, "incomeBeforeTax": 277000000, "incomeBeforeTaxRatio": 0.0358854774, "incomeTaxExpense": 79000000, "netIncome": 211000000, "netIncomeRatio": 0.027335147, "eps": 0.17, "epsdiluted": 0.17, "weightedAverageShsOut": 1213631000, "weightedAverageShsOutDil": 1215165000, "link": "https://www.sec.gov/Archives/edgar/data/107263/000010726321000006/0000107263-21-000006-index.htm", "finalLink": "https://www.sec.gov/Archives/edgar/data/107263/000010726321000006/wmb-20201231.htm", "calculatedOtherExpenses": 391000000, "calculatedOperatingExpenses": 857000000, "calculatedNetInterest": -1164000000, "calculatedOtherIncome": -761000000, "calculatedIncomeNonControlling": -13000000, "calculatedEbitda": 4577000000}, {"date": "2019-12-31", "symbol": "WMB", "reportedCurrency": "USD", "cik": "0000107263", "fillingDate": "2020-02-24", "acceptedDate": "2020-02-24 16:18:43", "calendarYear": "2019", "period": "FY", "revenue": 8201000000, "costOfRevenue": 5248000000, "grossProfit": 2953000000, "grossProfitRatio": 0.3600780393, "researchAndDevelopmentExpenses": 0, "generalAndAdministrativeExpenses": 0, "sellingAndMarketingExpenses": 0, "sellingGeneralAndAdministrativeExpenses": 558000000, "otherExpenses": 8000000, "operatingExpenses": 566000000, "costAndExpenses": 5814000000, "interestIncome": 14000000, "interestExpense": 1186000000, "depreciationAndAmortization": 1714000000, "ebitda": 4509000000, "ebitdaratio": 0.5498109987, "operatingIncome": 2795000000, "operatingIncomeRatio": 0.3408120961, "totalOtherIncomeExpensesNet": -1731000000, "incomeBeforeTax": 1064000000, "incomeBeforeTaxRatio": 0.1297402756, "incomeTaxExpense": 335000000, "netIncome": 850000000, "netIncomeRatio": 0.1036458968, "eps": 0.7, "epsdiluted": 0.7, "weightedAverageShsOut": 1212037000, "weightedAverageShsOutDil": 1214011000, "link": "https://www.sec.gov/Archives/edgar/data/107263/000010726320000005/0000107263-20-000005-index.htm", "finalLink": "https://www.sec.gov/Archives/edgar/data/107263/000010726320000005/wmb2019123110k.htm", "calculatedOtherExpenses": -400000000, "calculatedOperatingExpenses": 158000000, "calculatedNetInterest": -1172000000, "calculatedOtherIncome": -559000000, "calculatedIncomeNonControlling": -121000000, "calculatedEbitda": 4509000000}, {"date": "2018-12-31", "symbol": "WMB", "reportedCurrency": "USD", "cik": "0000107263", "fillingDate": "2019-02-21", "acceptedDate": "2019-02-21 08:42:08", "calendarYear": "2018", "period": "FY", "revenue": 8686000000, "costOfRevenue": 6100000000, "grossProfit": 2586000000, "grossProfitRatio": 0.2977204697, "researchAndDevelopmentExpenses": 0, "generalAndAdministrativeExpenses": 0, "sellingAndMarketingExpenses": 0, "sellingGeneralAndAdministrativeExpenses": 549000000, "otherExpenses": 92000000, "operatingExpenses": 549000000, "costAndExpenses": 6649000000, "interestIncome": 219000000, "interestExpense": 1160000000, "depreciationAndAmortization": 1758000000, "ebitda": 3795000000, "ebitdaratio": 0.4369099701, "operatingIncome": 2037000000, "operatingIncomeRatio": 0.234515312, "totalOtherIncomeExpensesNet": -1706000000, "incomeBeforeTax": 331000000, "incomeBeforeTaxRatio": 0.0381072991, "incomeTaxExpense": 138000000, "netIncome": -155000000, "netIncomeRatio": -0.0178448077, "eps": -0.16, "epsdiluted": -0.16, "weightedAverageShsOut": 973626000, "weightedAverageShsOutDil": 973626000, "link": "https://www.sec.gov/Archives/edgar/data/107263/000010726319000007/0000107263-19-000007-index.htm", "finalLink": "https://www.sec.gov/Archives/edgar/data/107263/000010726319000007/wmb_20181231x10k.htm", "calculatedOtherExpenses": 0, "calculatedOperatingExpenses": 549000000, "calculatedNetInterest": -941000000, "calculatedOtherIncome": -765000000, "calculatedIncomeNonControlling": 348000000, "calculatedEbitda": 3795000000}, {"date": "2017-12-31", "symbol": "WMB", "reportedCurrency": "USD", "cik": "0000107263", "fillingDate": "2018-02-22", "acceptedDate": "2018-02-22 08:40:25", "calendarYear": "2017", "period": "FY", "revenue": 8031000000, "costOfRevenue": 4036000000, "grossProfit": 3995000000, "grossProfitRatio": 0.4974473914, "researchAndDevelopmentExpenses": 0, "generalAndAdministrativeExpenses": 0, "sellingAndMarketingExpenses": 0, "sellingGeneralAndAdministrativeExpenses": 608000000, "otherExpenses": -2000000, "operatingExpenses": 2264000000, "costAndExpenses": 6300000000, "interestIncome": 0, "interestExpense": 1083000000, "depreciationAndAmortization": 1736000000, "ebitda": 2163000000, "ebitdaratio": 0.2693313411, "operatingIncome": 904000000, "operatingIncomeRatio": 0.1125638152, "totalOtherIncomeExpensesNet": -113000000, "incomeBeforeTax": 535000000, "incomeBeforeTaxRatio": 0.0666168597, "incomeTaxExpense": -1974000000, "netIncome": 2174000000, "netIncomeRatio": 0.2707010335, "eps": 2.63, "epsdiluted": 2.62, "weightedAverageShsOut": 826000000, "weightedAverageShsOutDil": 828518000, "link": "https://www.sec.gov/Archives/edgar/data/107263/000010726318000006/0000107263-18-000006-index.htm", "finalLink": "https://www.sec.gov/Archives/edgar/data/107263/000010726318000006/wmb_20171231x10k.htm", "calculatedOtherExpenses": 2483000000, "calculatedOperatingExpenses": 3091000000, "calculatedNetInterest": -1083000000, "calculatedOtherIncome": 714000000, "calculatedIncomeNonControlling": 335000000, "calculatedEbitda": 2640000000}, {"date": "2016-12-31", "symbol": "WMB", "reportedCurrency": "USD", "cik": "0000107263", "fillingDate": "2017-02-22", "acceptedDate": "2017-02-22 09:11:36", "calendarYear": "2016", "period": "FY", "revenue": 7499000000, "costOfRevenue": 3488000000, "grossProfit": 4011000000, "grossProfitRatio": 0.5348713162, "researchAndDevelopmentExpenses": 0, "generalAndAdministrativeExpenses": 0, "sellingAndMarketingExpenses": 0, "sellingGeneralAndAdministrativeExpenses": 723000000, "otherExpenses": 74000000, "operatingExpenses": 2445000000, "costAndExpenses": 5933000000, "interestIncome": 0, "interestExpense": 1179000000, "depreciationAndAmortization": 1763000000, "ebitda": 2037000000, "ebitdaratio": 0.2716362182, "operatingIncome": 700000000, "operatingIncomeRatio": 0.0933457794, "totalOtherIncomeExpensesNet": -762000000, "incomeBeforeTax": -375000000, "incomeBeforeTaxRatio": -0.0500066676, "incomeTaxExpense": -25000000, "netIncome": -424000000, "netIncomeRatio": -0.0565408721, "eps": -0.57, "epsdiluted": -0.56, "weightedAverageShsOut": 750000000, "weightedAverageShsOutDil": 750673000, "link": "https://www.sec.gov/Archives/edgar/data/107263/000010726317000003/0000107263-17-000003-index.htm", "finalLink": "https://www.sec.gov/Archives/edgar/data/107263/000010726317000003/wmb_20161231x10k.htm", "calculatedOtherExpenses": 2588000000, "calculatedOperatingExpenses": 3311000000, "calculatedNetInterest": -1179000000, "calculatedOtherIncome": 104000000, "calculatedIncomeNonControlling": 74000000, "calculatedEbitda": 2463000000}, {"date": "2015-12-31", "symbol": "WMB", "reportedCurrency": "USD", "cik": "0000107263", "fillingDate": "2016-02-26", "acceptedDate": "2016-02-26 17:32:15", "calendarYear": "2015", "period": "FY", "revenue": 7360000000, "costOfRevenue": 3505000000, "grossProfit": 3855000000, "grossProfitRatio": 0.5237771739, "researchAndDevelopmentExpenses": 0, "generalAndAdministrativeExpenses": 0, "sellingAndMarketingExpenses": 0, "sellingGeneralAndAdministrativeExpenses": 741000000, "otherExpenses": 102000000, "operatingExpenses": 2657000000, "costAndExpenses": 6162000000, "interestIncome": 0, "interestExpense": 1044000000, "depreciationAndAmortization": 1738000000, "ebitda": 1635000000, "ebitdaratio": 0.2221467391, "operatingIncome": 226000000, "operatingIncomeRatio": 0.0307065217, "totalOtherIncomeExpensesNet": -1828000000, "incomeBeforeTax": -1674000000, "incomeBeforeTaxRatio": -0.2274456522, "incomeTaxExpense": -390000000, "netIncome": -557000000, "netIncomeRatio": -0.0756793478, "eps": -0.74, "epsdiluted": -0.74, "weightedAverageShsOut": 749000000, "weightedAverageShsOutDil": 749271000, "link": "https://www.sec.gov/Archives/edgar/data/107263/000010726316000021/0000107263-16-000021-index.htm", "finalLink": "https://www.sec.gov/Archives/edgar/data/107263/000010726316000021/wmb_20151231x10k.htm", "calculatedOtherExpenses": 2888000000, "calculatedOperatingExpenses": 3629000000, "calculatedNetInterest": -1044000000, "calculatedOtherIncome": -856000000, "calculatedIncomeNonControlling": -727000000, "calculatedEbitda": 1964000000}, {"date": "2014-12-31", "symbol": "WMB", "reportedCurrency": "USD", "cik": "0000107263", "fillingDate": "2015-02-25", "acceptedDate": "2015-02-25 10:42:20", "calendarYear": "2014", "period": "FY", "revenue": 7637000000, "costOfRevenue": 4192000000, "grossProfit": 3445000000, "grossProfitRatio": 0.4510933613, "researchAndDevelopmentExpenses": 0, "generalAndAdministrativeExpenses": 0, "sellingAndMarketingExpenses": 0, "sellingGeneralAndAdministrativeExpenses": 661000000, "otherExpenses": 31000000, "operatingExpenses": 2108000000, "costAndExpenses": 6300000000, "interestIncome": 0, "interestExpense": 747000000, "depreciationAndAmortization": 1176000000, "ebitda": 4056000000, "ebitdaratio": 0.5310985989, "operatingIncome": 1569000000, "operatingIncomeRatio": 0.2054471651, "totalOtherIncomeExpensesNet": 2994000000, "incomeBeforeTax": 3584000000, "incomeBeforeTaxRatio": 0.4692942255, "incomeTaxExpense": 1249000000, "netIncome": 2114000000, "netIncomeRatio": 0.2768102658, "eps": 2.83, "epsdiluted": 2.83, "weightedAverageShsOut": 725085910, "weightedAverageShsOutDil": 747000000, "link": "https://www.sec.gov/Archives/edgar/data/107263/000010726315000003/0000107263-15-000003-index.htm", "finalLink": "https://www.sec.gov/Archives/edgar/data/107263/000010726315000003/wmb_20141231x10k.htm", "calculatedOtherExpenses": 1215000000, "calculatedOperatingExpenses": 1876000000, "calculatedNetInterest": -747000000, "calculatedOtherIncome": 2762000000, "calculatedIncomeNonControlling": 221000000, "calculatedEbitda": 2745000000}, {"date": "2013-12-31", "symbol": "WMB", "reportedCurrency": "USD", "cik": "0000107263", "fillingDate": "2014-02-26", "acceptedDate": "2014-02-26 16:38:16", "calendarYear": "2013", "period": "FY", "revenue": 6860000000, "costOfRevenue": 3842000000, "grossProfit": 3018000000, "grossProfitRatio": 0.439941691, "researchAndDevelopmentExpenses": 0, "generalAndAdministrativeExpenses": 0, "sellingAndMarketingExpenses": 0, "sellingGeneralAndAdministrativeExpenses": 512000000, "otherExpenses": 34000000, "operatingExpenses": 1643000000, "costAndExpenses": 5485000000, "interestIncome": 0, "interestExpense": 510000000, "depreciationAndAmortization": 815000000, "ebitda": 1509000000, "ebitdaratio": 0.2199708455, "operatingIncome": 1375000000, "operatingIncomeRatio": 0.2004373178, "totalOtherIncomeExpensesNet": 215000000, "incomeBeforeTax": 1080000000, "incomeBeforeTaxRatio": 0.1574344023, "incomeTaxExpense": 401000000, "netIncome": 430000000, "netIncomeRatio": 0.0626822157, "eps": 0.63, "epsdiluted": 0.62, "weightedAverageShsOut": 683000000, "weightedAverageShsOutDil": 687185000, "link": "https://www.sec.gov/Archives/edgar/data/107263/000010726314000003/0000107263-14-000003-index.htm", "finalLink": "https://www.sec.gov/Archives/edgar/data/107263/000010726314000003/wmb_20131231x10k.htm", "calculatedOtherExpenses": 1131000000, "calculatedOperatingExpenses": 1643000000, "calculatedNetInterest": -510000000, "calculatedOtherIncome": 215000000, "calculatedIncomeNonControlling": 249000000, "calculatedEbitda": 2190000000}, {"date": "2012-12-31", "symbol": "WMB", "reportedCurrency": "USD", "cik": "0000107263", "fillingDate": "2013-02-27", "acceptedDate": "2013-02-27 16:19:41", "calendarYear": "2012", "period": "FY", "revenue": 7517000000, "costOfRevenue": 4283000000, "grossProfit": 3234000000, "grossProfitRatio": 0.4302248237, "researchAndDevelopmentExpenses": 0, "generalAndAdministrativeExpenses": 0, "sellingAndMarketingExpenses": 0, "sellingGeneralAndAdministrativeExpenses": 571000000, "otherExpenses": -2000000, "operatingExpenses": 1622000000, "costAndExpenses": 5905000000, "interestIncome": 0, "interestExpense": 509000000, "depreciationAndAmortization": 756000000, "ebitda": 1721000000, "ebitdaratio": 0.2289477185, "operatingIncome": 1612000000, "operatingIncomeRatio": 0.2144472529, "totalOtherIncomeExpensesNet": 186000000, "incomeBeforeTax": 1289000000, "incomeBeforeTaxRatio": 0.1714779832, "incomeTaxExpense": 360000000, "netIncome": 859000000, "netIncomeRatio": 0.1142743116, "eps": 1.26, "epsdiluted": 1.26, "weightedAverageShsOut": 681000000, "weightedAverageShsOutDil": 681000000, "link": "https://www.sec.gov/Archives/edgar/data/107263/000119312513080025/0001193125-13-080025-index.htm", "finalLink": "https://www.sec.gov/Archives/edgar/data/107263/000119312513080025/d476830d10k.htm", "calculatedOtherExpenses": 1051000000, "calculatedOperatingExpenses": 1622000000, "calculatedNetInterest": -509000000, "calculatedOtherIncome": 186000000, "calculatedIncomeNonControlling": 70000000, "calculatedEbitda": 2368000000}, {"date": "2011-12-31", "symbol": "WMB", "reportedCurrency": "USD", "cik": "0000107263", "fillingDate": "2012-02-28", "acceptedDate": "2012-02-27 20:47:35", "calendarYear": "2011", "period": "FY", "revenue": 7930000000, "costOfRevenue": 5550000000, "grossProfit": 2380000000, "grossProfitRatio": 0.3001261034, "researchAndDevelopmentExpenses": 0, "generalAndAdministrativeExpenses": 0, "sellingAndMarketingExpenses": 0, "sellingGeneralAndAdministrativeExpenses": 512000000, "otherExpenses": 1000000, "operatingExpenses": 512000000, "costAndExpenses": 6062000000, "interestIncome": 25000000, "interestExpense": 598000000, "depreciationAndAmortization": 1614000000, "ebitda": 3507000000, "ebitdaratio": 0.4422446406, "operatingIncome": 1867000000, "operatingIncomeRatio": 0.2354350567, "totalOtherIncomeExpensesNet": -93000000, "incomeBeforeTax": 1202000000, "incomeBeforeTaxRatio": 0.1515762926, "incomeTaxExpense": 124000000, "netIncome": 376000000, "netIncomeRatio": 0.0474148802, "eps": 0.64, "epsdiluted": 0.63, "weightedAverageShsOut": 588553000, "weightedAverageShsOutDil": 598175000, "link": "https://www.sec.gov/Archives/edgar/data/107263/000119312512082513/0001193125-12-082513-index.htm", "finalLink": "https://www.sec.gov/Archives/edgar/data/107263/000119312512082513/d282641d10k.htm", "calculatedOtherExpenses": 1000000, "calculatedOperatingExpenses": 513000000, "calculatedNetInterest": -573000000, "calculatedOtherIncome": -92000000, "calculatedIncomeNonControlling": 702000000, "calculatedEbitda": 3481000000}, {"date": "2010-12-31", "symbol": "WMB", "reportedCurrency": "USD", "cik": "0000107263", "fillingDate": "2011-02-25", "acceptedDate": "2011-02-24 21:43:46", "calendarYear": "2010", "period": "FY", "revenue": 9616000000, "costOfRevenue": 7185000000, "grossProfit": 2431000000, "grossProfitRatio": 0.2528078203, "researchAndDevelopmentExpenses": 0, "generalAndAdministrativeExpenses": 0, "sellingAndMarketingExpenses": 0, "sellingGeneralAndAdministrativeExpenses": 498000000, "otherExpenses": -24000000, "operatingExpenses": 7880000000, "costAndExpenses": 15065000000, "interestIncome": 51000000, "interestExpense": 581000000, "depreciationAndAmortization": 1507000000, "ebitda": 1736000000, "ebitdaratio": 0.1805324459, "operatingIncome": 44000000, "operatingIncomeRatio": 0.0045757072, "totalOtherIncomeExpensesNet": -2101000000, "incomeBeforeTax": -946000000, "incomeBeforeTaxRatio": -0.0983777038, "incomeTaxExpense": -30000000, "netIncome": -1097000000, "netIncomeRatio": -0.1140806988, "eps": -1.88, "epsdiluted": -1.88, "weightedAverageShsOut": 585000000, "weightedAverageShsOutDil": 585000000, "link": "https://www.sec.gov/Archives/edgar/data/107263/000095012311018126/0000950123-11-018126-index.htm", "finalLink": "https://www.sec.gov/Archives/edgar/data/107263/000095012311018126/c61448e10vk.htm", "calculatedOtherExpenses": 1889000000, "calculatedOperatingExpenses": 2387000000, "calculatedNetInterest": -530000000, "calculatedOtherIncome": -460000000, "calculatedIncomeNonControlling": 181000000, "calculatedEbitda": 1551000000}, {"date": "2009-12-31", "symbol": "WMB", "reportedCurrency": "USD", "cik": "0000107263", "fillingDate": "2010-02-26", "acceptedDate": "2010-02-25 19:56:50", "calendarYear": "2009", "period": "FY", "revenue": 8255000000, "costOfRevenue": 6081000000, "grossProfit": 2174000000, "grossProfitRatio": 0.2633555421, "researchAndDevelopmentExpenses": 0, "generalAndAdministrativeExpenses": -2376000000, "sellingAndMarketingExpenses": 3052000000, "sellingGeneralAndAdministrativeExpenses": 676000000, "otherExpenses": 181000000, "operatingExpenses": 693000000, "costAndExpenses": 6774000000, "interestIncome": 122000000, "interestExpense": 661000000, "depreciationAndAmortization": 1469000000, "ebitda": 1603000000, "ebitdaratio": 0.1941853422, "operatingIncome": 1481000000, "operatingIncomeRatio": 0.1794064204, "totalOtherIncomeExpensesNet": 1000000, "incomeBeforeTax": 943000000, "incomeBeforeTaxRatio": 0.1142337977, "incomeTaxExpense": 359000000, "netIncome": 285000000, "netIncomeRatio": 0.0345245306, "eps": 0.49, "epsdiluted": 0.49, "weightedAverageShsOut": 581121000, "weightedAverageShsOutDil": 589385000, "link": "https://www.sec.gov/Archives/edgar/data/107263/000095012310017267/0000950123-10-017267-index.htm", "finalLink": "https://www.sec.gov/Archives/edgar/data/107263/000095012310017267/c55976e10vk.htm", "calculatedOtherExpenses": 17000000, "calculatedOperatingExpenses": 693000000, "calculatedNetInterest": -539000000, "calculatedOtherIncome": 1000000, "calculatedIncomeNonControlling": 299000000, "calculatedEbitda": 2950000000}, {"date": "2008-12-31", "symbol": "WMB", "reportedCurrency": "USD", "cik": "0000107263", "fillingDate": "2009-02-25", "acceptedDate": "2009-02-24 21:45:25", "calendarYear": "2008", "period": "FY", "revenue": 12352000000, "costOfRevenue": 9156000000, "grossProfit": 3196000000, "grossProfitRatio": 0.2587435233, "researchAndDevelopmentExpenses": 0, "generalAndAdministrativeExpenses": -5759000000, "sellingAndMarketingExpenses": 6412000000, "sellingGeneralAndAdministrativeExpenses": 653000000, "otherExpenses": 0, "operatingExpenses": 653000000, "costAndExpenses": 9809000000, "interestIncome": 0, "interestExpense": 594000000, "depreciationAndAmortization": 1310000000, "ebitda": 3679000000, "ebitdaratio": 0.2978465026, "operatingIncome": 2625000000, "operatingIncomeRatio": 0.2125161917, "totalOtherIncomeExpensesNet": 98000000, "incomeBeforeTax": 2047000000, "incomeBeforeTaxRatio": 0.1657221503, "incomeTaxExpense": 713000000, "netIncome": 1418000000, "netIncomeRatio": 0.1147992228, "eps": 2.44, "epsdiluted": 2.4, "weightedAverageShsOut": 581342000, "weightedAverageShsOutDil": 592719000, "link": "https://www.sec.gov/Archives/edgar/data/107263/000095013409003632/0000950134-09-003632-index.htm", "finalLink": "https://www.sec.gov/Archives/edgar/data/107263/000095013409003632/d66296e10vk.htm", "calculatedOtherExpenses": -82000000, "calculatedOperatingExpenses": 571000000, "calculatedNetInterest": -594000000, "calculatedOtherIncome": 16000000, "calculatedIncomeNonControlling": -84000000, "calculatedEbitda": 3935000000}, {"date": "2007-12-31", "symbol": "WMB", "reportedCurrency": "USD", "cik": "0000107263", "fillingDate": "2008-02-26", "acceptedDate": "2008-02-26 14:55:29", "calendarYear": "2007", "period": "FY", "revenue": 10558000000, "costOfRevenue": 8079000000, "grossProfit": 2479000000, "grossProfitRatio": 0.2347982572, "researchAndDevelopmentExpenses": 0, "generalAndAdministrativeExpenses": -4001000000, "sellingAndMarketingExpenses": 4633000000, "sellingGeneralAndAdministrativeExpenses": 632000000, "otherExpenses": 0, "operatingExpenses": 632000000, "costAndExpenses": 8711000000, "interestIncome": 0, "interestExpense": 653000000, "depreciationAndAmortization": 1082000000, "ebitda": 2839000000, "ebitdaratio": 0.2688956242, "operatingIncome": 1865000000, "operatingIncomeRatio": 0.1766433037, "totalOtherIncomeExpensesNet": 177000000, "incomeBeforeTax": 1371000000, "incomeBeforeTaxRatio": 0.129854139, "incomeTaxExpense": 524000000, "netIncome": 990000000, "netIncomeRatio": 0.093767759, "eps": 1.66, "epsdiluted": 1.63, "weightedAverageShsOut": 596174000, "weightedAverageShsOutDil": 609866000, "link": "https://www.sec.gov/Archives/edgar/data/107263/000095013408003448/0000950134-08-003448-index.htm", "finalLink": "https://www.sec.gov/Archives/edgar/data/107263/000095013408003448/d54039e10vk.htm", "calculatedOtherExpenses": -18000000, "calculatedOperatingExpenses": 614000000, "calculatedNetInterest": -653000000, "calculatedOtherIncome": 159000000, "calculatedIncomeNonControlling": -143000000, "calculatedEbitda": 2947000000}, {"date": "2006-12-31", "symbol": "WMB", "reportedCurrency": "USD", "cik": "0000107263", "fillingDate": "2007-02-28", "acceptedDate": "2007-02-28 08:03:30", "calendarYear": "2006", "period": "FY", "revenue": 11812900000, "costOfRevenue": 9973600000, "grossProfit": 1839300000, "grossProfitRatio": 0.155702664, "researchAndDevelopmentExpenses": 0, "generalAndAdministrativeExpenses": 0, "sellingAndMarketingExpenses": 0, "sellingGeneralAndAdministrativeExpenses": 581300000, "otherExpenses": 10192700000, "operatingExpenses": 10774000000, "costAndExpenses": 10774000000, "interestIncome": 0, "interestExpense": 0, "depreciationAndAmortization": 909400000, "ebitda": 1843700000, "ebitdaratio": 0.1560751382, "operatingIncome": 1038900000, "operatingIncomeRatio": 0.0879462283, "totalOtherIncomeExpensesNet": 104600000, "incomeBeforeTax": 539100000, "incomeBeforeTaxRatio": 0.0456365499, "incomeTaxExpense": 206300000, "netIncome": 308500000, "netIncomeRatio": 0.0261155178, "eps": 0.52, "epsdiluted": 0.51, "weightedAverageShsOut": 595053000, "weightedAverageShsOutDil": 608627000, "link": "https://www.sec.gov/Archives/edgar/data/107263/000095013407004337/0000950134-07-004337-index.htm", "finalLink": "https://www.sec.gov/Archives/edgar/data/107263/000095013407004337/d43810e10vk.htm", "calculatedOtherExpenses": 219100000, "calculatedOperatingExpenses": 800400000, "calculatedNetInterest": 0, "calculatedOtherIncome": -499800000, "calculatedIncomeNonControlling": 24300000, "calculatedEbitda": 1948300000}, {"date": "2005-12-31", "symbol": "WMB", "reportedCurrency": "USD", "cik": "0000107263", "fillingDate": "2006-03-09", "acceptedDate": "2006-03-09 17:11:29", "calendarYear": "2005", "period": "FY", "revenue": 12583600000, "costOfRevenue": 10871000000, "grossProfit": 1712600000, "grossProfitRatio": 0.1360977781, "researchAndDevelopmentExpenses": 0, "generalAndAdministrativeExpenses": 0, "sellingAndMarketingExpenses": 0, "sellingGeneralAndAdministrativeExpenses": 480300000, "otherExpenses": 10871000000, "operatingExpenses": 11351300000, "costAndExpenses": 11351300000, "interestIncome": 0, "interestExpense": 0, "depreciationAndAmortization": 752700000, "ebitda": 2019500000, "ebitdaratio": 0.1604866652, "operatingIncome": 1232300000, "operatingIncomeRatio": 0.0979290505, "totalOtherIncomeExpensesNet": -34500000, "incomeBeforeTax": 531300000, "incomeBeforeTaxRatio": 0.0422216218, "incomeTaxExpense": 213900000, "netIncome": 313600000, "netIncomeRatio": 0.0249213262, "eps": 0.55, "epsdiluted": 0.53, "weightedAverageShsOut": 570420000, "weightedAverageShsOutDil": 605847000, "link": "https://www.sec.gov/Archives/edgar/data/107263/000095013406004636/0000950134-06-004636-index.htm", "finalLink": "https://www.sec.gov/Archives/edgar/data/107263/000095013406004636/d33568e10vk.htm", "calculatedOtherExpenses": 0, "calculatedOperatingExpenses": 480300000, "calculatedNetInterest": 0, "calculatedOtherIncome": -701000000, "calculatedIncomeNonControlling": 3800000, "calculatedEbitda": 1985000000}, {"date": "2004-12-31", "symbol": "WMB", "reportedCurrency": "USD", "cik": "0000107263", "fillingDate": "2005-03-11", "acceptedDate": "2005-03-11 17:22:25", "calendarYear": "2004", "period": "FY", "revenue": 12461300000, "costOfRevenue": 10751700000, "grossProfit": 1709600000, "grossProfitRatio": 0.1371927488, "researchAndDevelopmentExpenses": 0, "generalAndAdministrativeExpenses": 0, "sellingAndMarketingExpenses": 0, "sellingGeneralAndAdministrativeExpenses": 475300000, "otherExpenses": 10751700000, "operatingExpenses": 11227000000, "costAndExpenses": 11227000000, "interestIncome": 0, "interestExpense": 0, "depreciationAndAmortization": 678000000, "ebitda": 2068000000, "ebitdaratio": 0.1659537929, "operatingIncome": 1234300000, "operatingIncomeRatio": 0.0990506608, "totalOtherIncomeExpensesNet": -155700000, "incomeBeforeTax": 224500000, "incomeBeforeTaxRatio": 0.0180157768, "incomeTaxExpense": 131300000, "netIncome": 163700000, "netIncomeRatio": 0.0131366711, "eps": 0.31, "epsdiluted": 0.31, "weightedAverageShsOut": 528064516, "weightedAverageShsOutDil": 528064516, "link": "https://www.sec.gov/Archives/edgar/data/107263/000095013405004772/0000950134-05-004772-index.htm", "finalLink": "https://www.sec.gov/Archives/edgar/data/107263/000095013405004772/d22803e10vk.htm", "calculatedOtherExpenses": 0, "calculatedOperatingExpenses": 475300000, "calculatedNetInterest": 0, "calculatedOtherIncome": -1009800000, "calculatedIncomeNonControlling": -70500000, "calculatedEbitda": 1912300000}, {"date": "2003-12-31", "symbol": "WMB", "reportedCurrency": "USD", "cik": "0000107263", "fillingDate": "2004-03-15", "acceptedDate": "2004-03-15 15:11:13", "calendarYear": "2003", "period": "FY", "revenue": 16834100000, "costOfRevenue": 15156800000, "grossProfit": 1677300000, "grossProfitRatio": 0.0996370462, "researchAndDevelopmentExpenses": 0, "generalAndAdministrativeExpenses": 0, "sellingAndMarketingExpenses": 0, "sellingGeneralAndAdministrativeExpenses": 499200000, "otherExpenses": 15156800000, "operatingExpenses": 15656000000, "costAndExpenses": 15656000000, "interestIncome": 0, "interestExpense": 0, "depreciationAndAmortization": 843900000, "ebitda": 1886000000, "ebitdaratio": 0.1120345014, "operatingIncome": 1178100000, "operatingIncomeRatio": 0.0699829513, "totalOtherIncomeExpensesNet": 136000000, "incomeBeforeTax": 51600000, "incomeBeforeTaxRatio": 0.0030652069, "incomeTaxExpense": 36400000, "netIncome": -492200000, "netIncomeRatio": -0.0292382723, "eps": -0.95, "epsdiluted": -0.95, "weightedAverageShsOut": 516534653, "weightedAverageShsOutDil": 516534653, "link": "https://www.sec.gov/Archives/edgar/data/107263/000095013404003499/0000950134-04-003499-index.htm", "finalLink": "https://www.sec.gov/Archives/edgar/data/107263/000095013404003499/d12870e10vk.htm", "calculatedOtherExpenses": 0, "calculatedOperatingExpenses": 499200000, "calculatedNetInterest": 0, "calculatedOtherIncome": -1126500000, "calculatedIncomeNonControlling": 507400000, "calculatedEbitda": 2022000000}, {"date": "2002-12-31", "symbol": "WMB", "reportedCurrency": "USD", "cik": "0000107263", "fillingDate": "2003-03-19", "acceptedDate": "2003-03-19 16:24:45", "calendarYear": "2002", "period": "FY", "revenue": 5608400000, "costOfRevenue": 0, "grossProfit": 5608400000, "grossProfitRatio": 1, "researchAndDevelopmentExpenses": 0, "generalAndAdministrativeExpenses": 0, "sellingAndMarketingExpenses": 0, "sellingGeneralAndAdministrativeExpenses": 723900000, "otherExpenses": 3920500000, "operatingExpenses": 4644400000, "costAndExpenses": 4644400000, "interestIncome": 0, "interestExpense": 0, "depreciationAndAmortization": 886000000, "ebitda": 2230700000, "ebitdaratio": 0.3977426717, "operatingIncome": 964000000, "operatingIncomeRatio": 0.1718850296, "totalOtherIncomeExpensesNet": -380700000, "incomeBeforeTax": -696500000, "incomeBeforeTaxRatio": -0.1241887169, "incomeTaxExpense": -195000000, "netIncome": -754700000, "netIncomeRatio": -0.1345660081, "eps": -1.46, "epsdiluted": -1.46, "weightedAverageShsOut": 516688000, "weightedAverageShsOutDil": 518282209, "link": "https://www.sec.gov/Archives/edgar/data/107263/000095013403004171/0000950134-03-004171-index.htm", "finalLink": "https://www.sec.gov/Archives/edgar/data/107263/000095013403004171/d03793e10vk.txt", "calculatedOtherExpenses": 3920500000, "calculatedOperatingExpenses": 4644400000, "calculatedNetInterest": 0, "calculatedOtherIncome": -1660500000, "calculatedIncomeNonControlling": 253200000, "calculatedEbitda": 1850000000}, {"date": "2001-12-31", "symbol": "WMB", "reportedCurrency": "USD", "cik": "0000107263", "fillingDate": "2002-03-07", "acceptedDate": "2002-03-07 00:00:00", "calendarYear": "2001", "period": "FY", "revenue": 11034700000, "costOfRevenue": 0, "grossProfit": 11034700000, "grossProfitRatio": 1, "researchAndDevelopmentExpenses": 0, "generalAndAdministrativeExpenses": 0, "sellingAndMarketingExpenses": 0, "sellingGeneralAndAdministrativeExpenses": 934900000, "otherExpenses": 7678900000, "operatingExpenses": 8613800000, "costAndExpenses": 8613800000, "interestIncome": 0, "interestExpense": 0, "depreciationAndAmortization": 797700000, "ebitda": 3359600000, "ebitdaratio": 0.304457756, "operatingIncome": 2420900000, "operatingIncomeRatio": 0.2193897433, "totalOtherIncomeExpensesNet": -141000000, "incomeBeforeTax": 1465600000, "incomeBeforeTaxRatio": 0.1328173852, "incomeTaxExpense": 630200000, "netIncome": -477700000, "netIncomeRatio": -0.0432907102, "eps": -0.98, "epsdiluted": -0.95, "weightedAverageShsOut": 489813000, "weightedAverageShsOutDil": 502842105, "link": "https://www.sec.gov/Archives/edgar/data/107263/000095013402001868/0000950134-02-001868-index.htm", "finalLink": "https://www.sec.gov/Archives/edgar/data/107263/000095013402001868/d93687e10-k.txt", "calculatedOtherExpenses": 7678900000, "calculatedOperatingExpenses": 8613800000, "calculatedNetInterest": 0, "calculatedOtherIncome": -955300000, "calculatedIncomeNonControlling": 1313100000, "calculatedEbitda": 3218600000}, {"date": "2000-12-31", "symbol": "WMB", "reportedCurrency": "USD", "cik": "0000107263", "fillingDate": "2001-03-12", "acceptedDate": "2001-03-12 00:00:00", "calendarYear": "2000", "period": "FY", "revenue": 10398000000, "costOfRevenue": 0, "grossProfit": 10398000000, "grossProfitRatio": 1, "researchAndDevelopmentExpenses": 0, "generalAndAdministrativeExpenses": 0, "sellingAndMarketingExpenses": 0, "sellingGeneralAndAdministrativeExpenses": 1138300000, "otherExpenses": 7489600000, "operatingExpenses": 8627900000, "costAndExpenses": 8627900000, "interestIncome": 0, "interestExpense": 0, "depreciationAndAmortization": 831900000, "ebitda": 1947300000, "ebitdaratio": 0.1872763993, "operatingIncome": 1770100000, "operatingIncomeRatio": 0.1702346605, "totalOtherIncomeExpensesNet": 654700000, "incomeBeforeTax": 1427200000, "incomeBeforeTaxRatio": 0.1372571648, "incomeTaxExpense": 554000000, "netIncome": 524300000, "netIncomeRatio": 0.0504231583, "eps": 1.17, "epsdiluted": 1.17, "weightedAverageShsOut": 443914000, "weightedAverageShsOutDil": 448119658, "link": "https://www.sec.gov/Archives/edgar/data/107263/000095013401002063/0000950134-01-002063-index.htm", "finalLink": "https://www.sec.gov/Archives/edgar/data/107263/000095013401002063/d84653e10-k405.txt", "calculatedOtherExpenses": 7489600000, "calculatedOperatingExpenses": 8627900000, "calculatedNetInterest": 0, "calculatedOtherIncome": -342900000, "calculatedIncomeNonControlling": 348900000, "calculatedEbitda": 2602000000}, {"date": "1999-12-31", "symbol": "WMB", "reportedCurrency": "USD", "cik": "0000107263", "fillingDate": "2000-03-28", "acceptedDate": "2000-03-28 00:00:00", "calendarYear": "1999", "period": "FY", "revenue": 8593100000, "costOfRevenue": 0, "grossProfit": 8593100000, "grossProfitRatio": 1, "researchAndDevelopmentExpenses": 0, "generalAndAdministrativeExpenses": 0, "sellingAndMarketingExpenses": 0, "sellingGeneralAndAdministrativeExpenses": 1372600000, "otherExpenses": 6358000000, "operatingExpenses": 7730600000, "costAndExpenses": 7730600000, "interestIncome": 0, "interestExpense": 0, "depreciationAndAmortization": 690500000, "ebitda": 1553000000, "ebitdaratio": 0.1807263968, "operatingIncome": 862500000, "operatingIncomeRatio": 0.1003712281, "totalOtherIncomeExpensesNet": 51500000, "incomeBeforeTax": 323000000, "incomeBeforeTaxRatio": 0.0375882976, "incomeTaxExpense": 161200000, "netIncome": 221400000, "netIncomeRatio": 0.0257648579, "eps": 0.5, "epsdiluted": 0.35, "weightedAverageShsOut": 441111111, "weightedAverageShsOutDil": 441111111, "link": "https://www.sec.gov/Archives/edgar/data/107263/000095013400002540/0000950134-00-002540-index.html", "finalLink": "https://www.sec.gov/Archives/edgar/data/107263/000095013400002540/", "calculatedOtherExpenses": 6358000000, "calculatedOperatingExpenses": 7730600000, "calculatedNetInterest": 0, "calculatedOtherIncome": -539500000, "calculatedIncomeNonControlling": -59600000, "calculatedEbitda": 1553000000}, {"date": "1998-12-31", "symbol": "WMB", "reportedCurrency": "USD", "cik": "0000107263", "fillingDate": "1999-03-30", "acceptedDate": "1999-03-30 00:00:00", "calendarYear": "1998", "period": "FY", "revenue": 7658300000, "costOfRevenue": 0, "grossProfit": 7658300000, "grossProfitRatio": 1, "researchAndDevelopmentExpenses": 0, "generalAndAdministrativeExpenses": 0, "sellingAndMarketingExpenses": 0, "sellingGeneralAndAdministrativeExpenses": 1204900000, "otherExpenses": 5532400000, "operatingExpenses": 6737300000, "costAndExpenses": 6737300000, "interestIncome": 0, "interestExpense": 0, "depreciationAndAmortization": 835400000, "ebitda": 1756400000, "ebitdaratio": 0.2293459384, "operatingIncome": 921000000, "operatingIncomeRatio": 0.1202616769, "totalOtherIncomeExpensesNet": -189100000, "incomeBeforeTax": 257000000, "incomeBeforeTaxRatio": 0.0335583615, "incomeTaxExpense": 110400000, "netIncome": 127500000, "netIncomeRatio": 0.0166486035, "eps": 0.28, "epsdiluted": 0.28, "weightedAverageShsOut": 430000000, "weightedAverageShsOutDil": 430000000, "link": "https://www.sec.gov/Archives/edgar/data/107263/000095013499002181/0000950134-99-002181-index.html", "finalLink": "https://www.sec.gov/Archives/edgar/data/107263/", "calculatedOtherExpenses": 5532400000, "calculatedOperatingExpenses": 6737300000, "calculatedNetInterest": 0, "calculatedOtherIncome": -664000000, "calculatedIncomeNonControlling": 19100000, "calculatedEbitda": 1756400000}, {"date": "1997-12-31", "symbol": "WMB", "reportedCurrency": "USD", "cik": "0000107263", "fillingDate": "1998-03-30", "acceptedDate": "1998-03-30 00:00:00", "calendarYear": "1997", "period": "FY", "revenue": 4409600000, "costOfRevenue": 0, "grossProfit": 4409600000, "grossProfitRatio": 1, "researchAndDevelopmentExpenses": 0, "generalAndAdministrativeExpenses": 0, "sellingAndMarketingExpenses": 0, "sellingGeneralAndAdministrativeExpenses": 831000000, "otherExpenses": 2620000000, "operatingExpenses": 3451000000, "costAndExpenses": 3451000000, "interestIncome": 0, "interestExpense": 0, "depreciationAndAmortization": 527000000, "ebitda": 1485600000, "ebitdaratio": 0.3369013062, "operatingIncome": 958600000, "operatingIncomeRatio": 0.2173893324, "totalOtherIncomeExpensesNet": -27500000, "incomeBeforeTax": 528500000, "incomeBeforeTaxRatio": 0.1198521408, "incomeTaxExpense": 178000000, "netIncome": 271400000, "netIncomeRatio": 0.0615475327, "eps": 0.81, "epsdiluted": 0.8, "weightedAverageShsOut": 324098361, "weightedAverageShsOutDil": 324098361, "link": "https://www.sec.gov/Archives/edgar/data/107263/000095013498002643/0000950134-98-002643-index.html", "finalLink": "https://www.sec.gov/Archives/edgar/data/107263/", "calculatedOtherExpenses": 2620000000, "calculatedOperatingExpenses": 3451000000, "calculatedNetInterest": 0, "calculatedOtherIncome": -430100000, "calculatedIncomeNonControlling": 79100000, "calculatedEbitda": 1485600000}, {"date": "1996-12-31", "symbol": "WMB", "reportedCurrency": "USD", "cik": "0000107263", "fillingDate": "1997-03-26", "acceptedDate": "1997-03-26 00:00:00", "calendarYear": "1996", "period": "FY", "revenue": 3531200000, "costOfRevenue": 0, "grossProfit": 3531200000, "grossProfitRatio": 1, "researchAndDevelopmentExpenses": 0, "generalAndAdministrativeExpenses": 0, "sellingAndMarketingExpenses": 0, "sellingGeneralAndAdministrativeExpenses": 626900000, "otherExpenses": 2064100000, "operatingExpenses": 2691000000, "costAndExpenses": 2691000000, "interestIncome": 0, "interestExpense": 0, "depreciationAndAmortization": 353200000, "ebitda": 1193400000, "ebitdaratio": 0.3379587676, "operatingIncome": 840200000, "operatingIncomeRatio": 0.2379361124, "totalOtherIncomeExpensesNet": 58200000, "incomeBeforeTax": 545400000, "incomeBeforeTaxRatio": 0.1544517444, "incomeTaxExpense": 183100000, "netIncome": 362300000, "netIncomeRatio": 0.1025996828, "eps": 1.1, "epsdiluted": 1.07, "weightedAverageShsOut": 408545455, "weightedAverageShsOutDil": 408545455, "link": "https://www.sec.gov/Archives/edgar/data/107263/000095013497002224/0000950134-97-002224-index.html", "finalLink": "https://www.sec.gov/Archives/edgar/data/107263/", "calculatedOtherExpenses": 2064100000, "calculatedOperatingExpenses": 2691000000, "calculatedNetInterest": 0, "calculatedOtherIncome": -294800000, "calculatedIncomeNonControlling": 0, "calculatedEbitda": 1193400000}, {"date": "1995-12-31", "symbol": "WMB", "reportedCurrency": "USD", "cik": "0000107263", "fillingDate": "1996-03-27", "acceptedDate": "1996-03-27 00:00:00", "calendarYear": "1995", "period": "FY", "revenue": 2855700000, "costOfRevenue": 0, "grossProfit": 2855700000, "grossProfitRatio": 1, "researchAndDevelopmentExpenses": 0, "generalAndAdministrativeExpenses": 0, "sellingAndMarketingExpenses": 0, "sellingGeneralAndAdministrativeExpenses": 526500000, "otherExpenses": 1742100000, "operatingExpenses": 2268600000, "costAndExpenses": 2268600000, "interestIncome": 0, "interestExpense": 0, "depreciationAndAmortization": 291700000, "ebitda": 878800000, "ebitdaratio": 0.3077354064, "operatingIncome": 587100000, "operatingIncomeRatio": 0.2055888224, "totalOtherIncomeExpensesNet": 77700000, "incomeBeforeTax": 401400000, "incomeBeforeTaxRatio": 0.1405609833, "incomeTaxExpense": 102000000, "netIncome": 1318200000, "netIncomeRatio": 0.4616031096, "eps": 4.3, "epsdiluted": 4.17, "weightedAverageShsOut": 303000000, "weightedAverageShsOutDil": 312446043, "link": "https://www.sec.gov/Archives/edgar/data/107263/000095013496000927/0000950134-96-000927-index.html", "finalLink": "https://www.sec.gov/Archives/edgar/data/107263/", "calculatedOtherExpenses": 1742100000, "calculatedOperatingExpenses": 2268600000, "calculatedNetInterest": 0, "calculatedOtherIncome": -185700000, "calculatedIncomeNonControlling": -1018800000, "calculatedEbitda": 878800000}, {"date": "1994-12-31", "symbol": "WMB", "reportedCurrency": "USD", "cik": "0000107263", "fillingDate": "1995-03-02", "acceptedDate": "1995-03-02 00:00:00", "calendarYear": "1994", "period": "FY", "revenue": 1751100000, "costOfRevenue": 0, "grossProfit": 1751100000, "grossProfitRatio": 1, "researchAndDevelopmentExpenses": 0, "generalAndAdministrativeExpenses": 0, "sellingAndMarketingExpenses": 0, "sellingGeneralAndAdministrativeExpenses": 257200000, "otherExpenses": 1187700000, "operatingExpenses": 1444900000, "costAndExpenses": 1444900000, "interestIncome": 0, "interestExpense": 0, "depreciationAndAmortization": 70100000, "ebitda": 376300000, "ebitdaratio": 0.2148934955, "operatingIncome": 306200000, "operatingIncomeRatio": 0.1748615156, "totalOtherIncomeExpensesNet": 80200000, "incomeBeforeTax": 246600000, "incomeBeforeTaxRatio": 0.1408257667, "incomeTaxExpense": 81700000, "netIncome": 246700000, "netIncomeRatio": 0.1408828736, "eps": 0.73, "epsdiluted": 0.73, "weightedAverageShsOut": 325890411, "weightedAverageShsOutDil": 325890411, "link": "https://www.sec.gov/Archives/edgar/data/107263/000095013495000291/0000950134-95-000291-index.html", "finalLink": "https://www.sec.gov/Archives/edgar/data/107263/", "calculatedOtherExpenses": 1187700000, "calculatedOperatingExpenses": 1444900000, "calculatedNetInterest": 0, "calculatedOtherIncome": -59600000, "calculatedIncomeNonControlling": -81800000, "calculatedEbitda": 376300000}, {"date": "1993-12-31", "symbol": "WMB", "reportedCurrency": "USD", "cik": "0000107263", "fillingDate": "1994-03-29", "acceptedDate": "1994-03-29 00:00:00", "calendarYear": "1993", "period": "FY", "revenue": 2438200000, "costOfRevenue": 0, "grossProfit": 2438200000, "grossProfitRatio": 1, "researchAndDevelopmentExpenses": 0, "generalAndAdministrativeExpenses": 0, "sellingAndMarketingExpenses": 0, "sellingGeneralAndAdministrativeExpenses": 0, "otherExpenses": 0, "operatingExpenses": 0, "costAndExpenses": 0, "interestIncome": 0, "interestExpense": 0, "depreciationAndAmortization": 0, "ebitda": 2438200000, "ebitdaratio": 1, "operatingIncome": 2438200000, "operatingIncomeRatio": 1, "totalOtherIncomeExpensesNet": 0, "incomeBeforeTax": 0, "incomeBeforeTaxRatio": 0, "incomeTaxExpense": -231800000, "netIncome": 231800000, "netIncomeRatio": 0.0950701337, "eps": 0.72, "epsdiluted": 0.72, "weightedAverageShsOut": 305555556, "weightedAverageShsOutDil": 305555556, "link": "https://www.sec.gov/Archives/edgar/data/107263/000095013494000275/0000950134-94-000275-index.html", "finalLink": "https://www.sec.gov/Archives/edgar/data/107263/", "calculatedOtherExpenses": 0, "calculatedOperatingExpenses": 0, "calculatedNetInterest": 0, "calculatedOtherIncome": -2438200000, "calculatedIncomeNonControlling": 0, "calculatedEbitda": 2438200000}, {"date": "1992-12-31", "symbol": "WMB", "reportedCurrency": "USD", "cik": "0000107263", "fillingDate": "1992-12-31", "acceptedDate": "1992-12-30 19:00:00", "calendarYear": "1992", "period": "FY", "revenue": 2448100000, "costOfRevenue": 0, "grossProfit": 2448100000, "grossProfitRatio": 1, "researchAndDevelopmentExpenses": 0, "generalAndAdministrativeExpenses": 0, "sellingAndMarketingExpenses": 0, "sellingGeneralAndAdministrativeExpenses": 0, "otherExpenses": 0, "operatingExpenses": 0, "costAndExpenses": 0, "interestIncome": 0, "interestExpense": 0, "depreciationAndAmortization": 0, "ebitda": 2448100000, "ebitdaratio": 1, "operatingIncome": 2448100000, "operatingIncomeRatio": 1, "totalOtherIncomeExpensesNet": 0, "incomeBeforeTax": 0, "incomeBeforeTaxRatio": 0, "incomeTaxExpense": -138200000, "netIncome": 138200000, "netIncomeRatio": 0.0564519423, "eps": 0.46, "epsdiluted": 0.46, "weightedAverageShsOut": 268913043, "weightedAverageShsOutDil": 268913043, "link": "", "finalLink": "", "calculatedOtherExpenses": 0, "calculatedOperatingExpenses": 0, "calculatedNetInterest": 0, "calculatedOtherIncome": -2448100000, "calculatedIncomeNonControlling": 0, "calculatedEbitda": 2448100000}, {"date": "1991-12-31", "symbol": "WMB", "reportedCurrency": "USD", "cik": "0000107263", "fillingDate": "1991-12-31", "acceptedDate": "1991-12-30 19:00:00", "calendarYear": "1991", "period": "FY", "revenue": 2104700000, "costOfRevenue": 0, "grossProfit": 2104700000, "grossProfitRatio": 1, "researchAndDevelopmentExpenses": 0, "generalAndAdministrativeExpenses": 0, "sellingAndMarketingExpenses": 0, "sellingGeneralAndAdministrativeExpenses": 0, "otherExpenses": 0, "operatingExpenses": 0, "costAndExpenses": 0, "interestIncome": 0, "interestExpense": 0, "depreciationAndAmortization": 0, "ebitda": 2104700000, "ebitdaratio": 1, "operatingIncome": 2104700000, "operatingIncomeRatio": 1, "totalOtherIncomeExpensesNet": 0, "incomeBeforeTax": 0, "incomeBeforeTaxRatio": 0, "incomeTaxExpense": -110000000, "netIncome": 110000000, "netIncomeRatio": 0.0522639806, "eps": 0.4, "epsdiluted": 0.4, "weightedAverageShsOut": 246000000, "weightedAverageShsOutDil": 246000000, "link": "", "finalLink": "", "calculatedOtherExpenses": 0, "calculatedOperatingExpenses": 0, "calculatedNetInterest": 0, "calculatedOtherIncome": -2104700000, "calculatedIncomeNonControlling": 0, "calculatedEbitda": 2104700000}, {"date": "1990-12-31", "symbol": "WMB", "reportedCurrency": "USD", "cik": "0000107263", "fillingDate": "1990-12-31", "acceptedDate": "1990-12-30 19:00:00", "calendarYear": "1990", "period": "FY", "revenue": 1822100000, "costOfRevenue": 0, "grossProfit": 1822100000, "grossProfitRatio": 1, "researchAndDevelopmentExpenses": 0, "generalAndAdministrativeExpenses": 0, "sellingAndMarketingExpenses": 0, "sellingGeneralAndAdministrativeExpenses": 0, "otherExpenses": 0, "operatingExpenses": 0, "costAndExpenses": 0, "interestIncome": 0, "interestExpense": 0, "depreciationAndAmortization": 0, "ebitda": 1822100000, "ebitdaratio": 1, "operatingIncome": 1822100000, "operatingIncomeRatio": 1, "totalOtherIncomeExpensesNet": 0, "incomeBeforeTax": 0, "incomeBeforeTaxRatio": 0, "incomeTaxExpense": -77000000, "netIncome": 77000000, "netIncomeRatio": 0.042258932, "eps": 0.27, "epsdiluted": 0.27, "weightedAverageShsOut": 242222222, "weightedAverageShsOutDil": 242222222, "link": "", "finalLink": "", "calculatedOtherExpenses": 0, "calculatedOperatingExpenses": 0, "calculatedNetInterest": 0, "calculatedOtherIncome": -1822100000, "calculatedIncomeNonControlling": 0, "calculatedEbitda": 1822100000}, {"date": "1989-12-31", "symbol": "WMB", "reportedCurrency": "USD", "cik": "0000107263", "fillingDate": "1989-12-31", "acceptedDate": "1989-12-30 19:00:00", "calendarYear": "1989", "period": "FY", "revenue": 1717400000, "costOfRevenue": 0, "grossProfit": 1717400000, "grossProfitRatio": 1, "researchAndDevelopmentExpenses": 0, "generalAndAdministrativeExpenses": 0, "sellingAndMarketingExpenses": 0, "sellingGeneralAndAdministrativeExpenses": 0, "otherExpenses": 0, "operatingExpenses": 0, "costAndExpenses": 0, "interestIncome": 0, "interestExpense": 0, "depreciationAndAmortization": 0, "ebitda": 1717400000, "ebitdaratio": 1, "operatingIncome": 1717400000, "operatingIncomeRatio": 1, "totalOtherIncomeExpensesNet": 0, "incomeBeforeTax": 0, "incomeBeforeTaxRatio": 0, "incomeTaxExpense": -52500000, "netIncome": 52500000, "netIncomeRatio": 0.0305694655, "eps": 0.2, "epsdiluted": 0.2, "weightedAverageShsOut": 224000000, "weightedAverageShsOutDil": 224000000, "link": "", "finalLink": "", "calculatedOtherExpenses": 0, "calculatedOperatingExpenses": 0, "calculatedNetInterest": 0, "calculatedOtherIncome": -1717400000, "calculatedIncomeNonControlling": 0, "calculatedEbitda": 1717400000}, {"date": "1988-12-31", "symbol": "WMB", "reportedCurrency": "USD", "cik": "0000107263", "fillingDate": "1988-12-31", "acceptedDate": "1988-12-30 19:00:00", "calendarYear": "1988", "period": "FY", "revenue": 1673100000, "costOfRevenue": 0, "grossProfit": 1673100000, "grossProfitRatio": 1, "researchAndDevelopmentExpenses": 0, "generalAndAdministrativeExpenses": 0, "sellingAndMarketingExpenses": 0, "sellingGeneralAndAdministrativeExpenses": 0, "otherExpenses": 0, "operatingExpenses": 0, "costAndExpenses": 0, "interestIncome": 0, "interestExpense": 0, "depreciationAndAmortization": 0, "ebitda": 1673100000, "ebitdaratio": 1, "operatingIncome": 1673100000, "operatingIncomeRatio": 1, "totalOtherIncomeExpensesNet": 0, "incomeBeforeTax": 0, "incomeBeforeTaxRatio": 0, "incomeTaxExpense": -98000000, "netIncome": 98000000, "netIncomeRatio": 0.0585739047, "eps": 0.42, "epsdiluted": 0.42, "weightedAverageShsOut": 233333333, "weightedAverageShsOutDil": 233333333, "link": "", "finalLink": "", "calculatedOtherExpenses": 0, "calculatedOperatingExpenses": 0, "calculatedNetInterest": 0, "calculatedOtherIncome": -1673100000, "calculatedIncomeNonControlling": 0, "calculatedEbitda": 1673100000}, {"date": "1987-12-31", "symbol": "WMB", "reportedCurrency": "USD", "cik": "0000107263", "fillingDate": "1987-12-31", "acceptedDate": "1987-12-30 19:00:00", "calendarYear": "1987", "period": "FY", "revenue": 1779800000, "costOfRevenue": 0, "grossProfit": 1779800000, "grossProfitRatio": 1, "researchAndDevelopmentExpenses": 0, "generalAndAdministrativeExpenses": 0, "sellingAndMarketingExpenses": 0, "sellingGeneralAndAdministrativeExpenses": 0, "otherExpenses": 0, "operatingExpenses": 0, "costAndExpenses": 0, "interestIncome": 0, "interestExpense": 0, "depreciationAndAmortization": 0, "ebitda": 1779800000, "ebitdaratio": 1, "operatingIncome": 1779800000, "operatingIncomeRatio": 1, "totalOtherIncomeExpensesNet": 0, "incomeBeforeTax": 0, "incomeBeforeTaxRatio": 0, "incomeTaxExpense": -90300000, "netIncome": 90300000, "netIncomeRatio": 0.0507360378, "eps": 0.43, "epsdiluted": 0.43, "weightedAverageShsOut": 210000000, "weightedAverageShsOutDil": 210000000, "link": "", "finalLink": "", "calculatedOtherExpenses": 0, "calculatedOperatingExpenses": 0, "calculatedNetInterest": 0, "calculatedOtherIncome": -1779800000, "calculatedIncomeNonControlling": 0, "calculatedEbitda": 1779800000}, {"date": "1986-12-31", "symbol": "WMB", "reportedCurrency": "USD", "cik": "0000107263", "fillingDate": "1986-12-31", "acceptedDate": "1986-12-30 19:00:00", "calendarYear": "1986", "period": "FY", "revenue": 1858600000, "costOfRevenue": 0, "grossProfit": 1858600000, "grossProfitRatio": 1, "researchAndDevelopmentExpenses": 0, "generalAndAdministrativeExpenses": 0, "sellingAndMarketingExpenses": 0, "sellingGeneralAndAdministrativeExpenses": 0, "otherExpenses": 0, "operatingExpenses": 0, "costAndExpenses": 0, "interestIncome": 0, "interestExpense": 0, "depreciationAndAmortization": 0, "ebitda": 1858600000, "ebitdaratio": 1, "operatingIncome": 1858600000, "operatingIncomeRatio": 1, "totalOtherIncomeExpensesNet": 0, "incomeBeforeTax": 0, "incomeBeforeTaxRatio": 0, "incomeTaxExpense": 249300000, "netIncome": -249300000, "netIncomeRatio": -0.1341332186, "eps": -1.22, "epsdiluted": -1.22, "weightedAverageShsOut": 204344262, "weightedAverageShsOutDil": 204344262, "link": "", "finalLink": "", "calculatedOtherExpenses": 0, "calculatedOperatingExpenses": 0, "calculatedNetInterest": 0, "calculatedOtherIncome": -1858600000, "calculatedIncomeNonControlling": 0, "calculatedEbitda": 1858600000}, {"date": "1985-12-31", "symbol": "WMB", "reportedCurrency": "USD", "cik": "0000107263", "fillingDate": "1985-12-31", "acceptedDate": "1985-12-30 19:00:00", "calendarYear": "1985", "period": "FY", "revenue": 3139600000, "costOfRevenue": 0, "grossProfit": 3139600000, "grossProfitRatio": 1, "researchAndDevelopmentExpenses": 0, "generalAndAdministrativeExpenses": 0, "sellingAndMarketingExpenses": 0, "sellingGeneralAndAdministrativeExpenses": 0, "otherExpenses": 0, "operatingExpenses": 0, "costAndExpenses": 0, "interestIncome": 0, "interestExpense": 0, "depreciationAndAmortization": 0, "ebitda": 3139600000, "ebitdaratio": 1, "operatingIncome": 3139600000, "operatingIncomeRatio": 1, "totalOtherIncomeExpensesNet": 0, "incomeBeforeTax": 0, "incomeBeforeTaxRatio": 0, "incomeTaxExpense": -31600000, "netIncome": 31600000, "netIncomeRatio": 0.0100649764, "eps": 0.16, "epsdiluted": 0.16, "weightedAverageShsOut": 197500000, "weightedAverageShsOutDil": 197500000, "link": "", "finalLink": "", "calculatedOtherExpenses": 0, "calculatedOperatingExpenses": 0, "calculatedNetInterest": 0, "calculatedOtherIncome": -3139600000, "calculatedIncomeNonControlling": 0, "calculatedEbitda": 3139600000}]}