{"originalCurrency": "USD", "convertedCurrency": "USD", "report": [{"date": "2023-09-30", "symbol": "WMG", "reportedCurrency": "USD", "cik": "0001319161", "fillingDate": "2023-11-21", "acceptedDate": "2023-11-21 07:22:12", "calendarYear": "2023", "period": "FY", "revenue": 6037000000, "costOfRevenue": 3177000000, "grossProfit": 2860000000, "grossProfitRatio": 0.4737452377, "researchAndDevelopmentExpenses": 0, "generalAndAdministrativeExpenses": 991000000, "sellingAndMarketingExpenses": 835000000, "sellingGeneralAndAdministrativeExpenses": 1826000000, "otherExpenses": -36000000, "operatingExpenses": 2071000000, "costAndExpenses": 5248000000, "interestIncome": 0, "interestExpense": 141000000, "depreciationAndAmortization": 332000000, "ebitda": 1085000000, "ebitdaratio": 0.179725029, "operatingIncome": 790000000, "operatingIncomeRatio": 0.1308596985, "totalOtherIncomeExpensesNet": -39000000, "incomeBeforeTax": 609000000, "incomeBeforeTaxRatio": 0.1008779195, "incomeTaxExpense": 170000000, "netIncome": 430000000, "netIncomeRatio": 0.0712274308, "eps": 0.82, "epsdiluted": 0.82, "weightedAverageShsOut": 515720000, "weightedAverageShsOutDil": 515720000, "link": "https://www.sec.gov/Archives/edgar/data/1319161/000131916123000036/0001319161-23-000036-index.htm", "finalLink": "https://www.sec.gov/Archives/edgar/data/1319161/000131916123000036/wmg-20230930.htm", "calculatedOtherExpenses": 244000000, "calculatedOperatingExpenses": 2070000000, "calculatedNetInterest": -141000000, "calculatedOtherIncome": -40000000, "calculatedIncomeNonControlling": 9000000, "calculatedEbitda": 1122000000}, {"date": "2022-09-30", "symbol": "WMG", "reportedCurrency": "USD", "cik": "0001319161", "fillingDate": "2022-11-22", "acceptedDate": "2022-11-22 07:37:35", "calendarYear": "2022", "period": "FY", "revenue": 5919000000, "costOfRevenue": 3080000000, "grossProfit": 2839000000, "grossProfitRatio": 0.4796418314, "researchAndDevelopmentExpenses": 0, "generalAndAdministrativeExpenses": 939000000, "sellingAndMarketingExpenses": 923000000, "sellingGeneralAndAdministrativeExpenses": 1862000000, "otherExpenses": 151000000, "operatingExpenses": 2125000000, "costAndExpenses": 5205000000, "interestIncome": 0, "interestExpense": 125000000, "depreciationAndAmortization": 339000000, "ebitda": 1204000000, "ebitdaratio": 0.2034127386, "operatingIncome": 714000000, "operatingIncomeRatio": 0.1206284845, "totalOtherIncomeExpensesNet": 151000000, "incomeBeforeTax": 740000000, "incomeBeforeTaxRatio": 0.1250211184, "incomeTaxExpense": 185000000, "netIncome": 551000000, "netIncomeRatio": 0.093090049, "eps": 1.06, "epsdiluted": 1.06, "weightedAverageShsOut": 514708318, "weightedAverageShsOutDil": 514708318, "link": "https://www.sec.gov/Archives/edgar/data/1319161/000131916122000035/0001319161-22-000035-index.htm", "finalLink": "https://www.sec.gov/Archives/edgar/data/1319161/000131916122000035/wmg-20220930.htm", "calculatedOtherExpenses": 263000000, "calculatedOperatingExpenses": 2125000000, "calculatedNetInterest": -125000000, "calculatedOtherIncome": 151000000, "calculatedIncomeNonControlling": 4000000, "calculatedEbitda": 1053000000}, {"date": "2021-09-30", "symbol": "WMG", "reportedCurrency": "USD", "cik": "0001319161", "fillingDate": "2021-11-23", "acceptedDate": "2021-11-23 16:43:39", "calendarYear": "2021", "period": "FY", "revenue": 5301000000, "costOfRevenue": 2742000000, "grossProfit": 2559000000, "grossProfitRatio": 0.4827391058, "researchAndDevelopmentExpenses": 0, "generalAndAdministrativeExpenses": 870000000, "sellingAndMarketingExpenses": 851000000, "sellingGeneralAndAdministrativeExpenses": 1721000000, "otherExpenses": -9000000, "operatingExpenses": 1950000000, "costAndExpenses": 4692000000, "interestIncome": 0, "interestExpense": 122000000, "depreciationAndAmortization": 306000000, "ebitda": 906000000, "ebitdaratio": 0.1709111488, "operatingIncome": 609000000, "operatingIncomeRatio": 0.1148839842, "totalOtherIncomeExpensesNet": -31000000, "incomeBeforeTax": 456000000, "incomeBeforeTaxRatio": 0.0860215054, "incomeTaxExpense": 149000000, "netIncome": 304000000, "netIncomeRatio": 0.0573476703, "eps": 0.58, "epsdiluted": 0.58, "weightedAverageShsOut": 513472260, "weightedAverageShsOutDil": 513472260, "link": "https://www.sec.gov/Archives/edgar/data/1319161/000131916121000036/0001319161-21-000036-index.htm", "finalLink": "https://www.sec.gov/Archives/edgar/data/1319161/000131916121000036/wmg-20210930.htm", "calculatedOtherExpenses": 229000000, "calculatedOperatingExpenses": 1950000000, "calculatedNetInterest": -122000000, "calculatedOtherIncome": -31000000, "calculatedIncomeNonControlling": 3000000, "calculatedEbitda": 915000000}, {"date": "2020-09-30", "symbol": "WMG", "reportedCurrency": "USD", "cik": "0001319161", "fillingDate": "2020-11-23", "acceptedDate": "2020-11-23 07:46:29", "calendarYear": "2020", "period": "FY", "revenue": 4463000000, "costOfRevenue": 2333000000, "grossProfit": 2130000000, "grossProfitRatio": 0.4772574501, "researchAndDevelopmentExpenses": 0, "generalAndAdministrativeExpenses": 1434000000, "sellingAndMarketingExpenses": 735000000, "sellingGeneralAndAdministrativeExpenses": 2169000000, "otherExpenses": -57000000, "operatingExpenses": 2359000000, "costAndExpenses": 4692000000, "interestIncome": 0, "interestExpense": 127000000, "depreciationAndAmortization": 261000000, "ebitda": -25000000, "ebitdaratio": -0.0056016133, "operatingIncome": -229000000, "operatingIncomeRatio": -0.0513107775, "totalOtherIncomeExpensesNet": -91000000, "incomeBeforeTax": -447000000, "incomeBeforeTaxRatio": -0.1001568452, "incomeTaxExpense": 23000000, "netIncome": -475000000, "netIncomeRatio": -0.106430652, "eps": -0.93, "epsdiluted": -0.93, "weightedAverageShsOut": 510028361, "weightedAverageShsOutDil": 510028361, "link": "https://www.sec.gov/Archives/edgar/data/1319161/000131916120000032/0001319161-20-000032-index.htm", "finalLink": "https://www.sec.gov/Archives/edgar/data/1319161/000131916120000032/wmg-20200930.htm", "calculatedOtherExpenses": 190000000, "calculatedOperatingExpenses": 2359000000, "calculatedNetInterest": -127000000, "calculatedOtherIncome": -91000000, "calculatedIncomeNonControlling": 5000000, "calculatedEbitda": 32000000}, {"date": "2019-09-30", "symbol": "WMG", "reportedCurrency": "USD", "cik": "0001319161", "fillingDate": "2019-11-27", "acceptedDate": "2019-11-27 08:28:29", "calendarYear": "2019", "period": "FY", "revenue": 4475000000, "costOfRevenue": 2401000000, "grossProfit": 2074000000, "grossProfitRatio": 0.4634636872, "researchAndDevelopmentExpenses": 0, "generalAndAdministrativeExpenses": 764000000, "sellingAndMarketingExpenses": 746000000, "sellingGeneralAndAdministrativeExpenses": 1510000000, "otherExpenses": 60000000, "operatingExpenses": 1718000000, "costAndExpenses": 4119000000, "interestIncome": 0, "interestExpense": 142000000, "depreciationAndAmortization": 269000000, "ebitda": 685000000, "ebitdaratio": 0.1530726257, "operatingIncome": 356000000, "operatingIncomeRatio": 0.0795530726, "totalOtherIncomeExpensesNet": 53000000, "incomeBeforeTax": 267000000, "incomeBeforeTaxRatio": 0.0596648045, "incomeTaxExpense": 9000000, "netIncome": 256000000, "netIncomeRatio": 0.0572067039, "eps": 0.5, "epsdiluted": 0.5, "weightedAverageShsOut": 510000000, "weightedAverageShsOutDil": 510000000, "link": "https://www.sec.gov/Archives/edgar/data/1319161/000131916119000010/0001319161-19-000010-index.htm", "finalLink": "https://www.sec.gov/Archives/edgar/data/1319161/000131916119000010/wmg-20190930x10k.htm", "calculatedOtherExpenses": 208000000, "calculatedOperatingExpenses": 1718000000, "calculatedNetInterest": -142000000, "calculatedOtherIncome": 53000000, "calculatedIncomeNonControlling": 2000000, "calculatedEbitda": 625000000}, {"date": "2018-09-30", "symbol": "WMG", "reportedCurrency": "USD", "cik": "0001319161", "fillingDate": "2018-12-20", "acceptedDate": "2018-12-20 07:48:21", "calendarYear": "2018", "period": "FY", "revenue": 4005000000, "costOfRevenue": 2171000000, "grossProfit": 1834000000, "grossProfitRatio": 0.4579275905, "researchAndDevelopmentExpenses": 0, "generalAndAdministrativeExpenses": 814000000, "sellingAndMarketingExpenses": 597000000, "sellingGeneralAndAdministrativeExpenses": 1411000000, "otherExpenses": 394000000, "operatingExpenses": 1617000000, "costAndExpenses": 3788000000, "interestIncome": 0, "interestExpense": 138000000, "depreciationAndAmortization": 261000000, "ebitda": 872000000, "ebitdaratio": 0.2177278402, "operatingIncome": 217000000, "operatingIncomeRatio": 0.0541822722, "totalOtherIncomeExpensesNet": 363000000, "incomeBeforeTax": 442000000, "incomeBeforeTaxRatio": 0.1103620474, "incomeTaxExpense": 130000000, "netIncome": 307000000, "netIncomeRatio": 0.0766541823, "eps": 0.61, "epsdiluted": 0.61, "weightedAverageShsOut": 501991944, "weightedAverageShsOutDil": 501991944, "link": "https://www.sec.gov/Archives/edgar/data/1319161/000156459018031166/0001564590-18-031166-index.htm", "finalLink": "https://www.sec.gov/Archives/edgar/data/1319161/000156459018031166/wmg-10k_20180930.htm", "calculatedOtherExpenses": 206000000, "calculatedOperatingExpenses": 1617000000, "calculatedNetInterest": -138000000, "calculatedOtherIncome": 363000000, "calculatedIncomeNonControlling": 5000000, "calculatedEbitda": 478000000}, {"date": "2017-09-30", "symbol": "WMG", "reportedCurrency": "USD", "cik": "0001319161", "fillingDate": "2017-12-05", "acceptedDate": "2017-12-05 07:47:10", "calendarYear": "2017", "period": "FY", "revenue": 3576000000, "costOfRevenue": 1931000000, "grossProfit": 1645000000, "grossProfitRatio": 0.4600111857, "researchAndDevelopmentExpenses": 0, "generalAndAdministrativeExpenses": 684000000, "sellingAndMarketingExpenses": 538000000, "sellingGeneralAndAdministrativeExpenses": 1222000000, "otherExpenses": -40000000, "operatingExpenses": 1423000000, "costAndExpenses": 3354000000, "interestIncome": 0, "interestExpense": 149000000, "depreciationAndAmortization": 251000000, "ebitda": 433000000, "ebitdaratio": 0.1210850112, "operatingIncome": 222000000, "operatingIncomeRatio": 0.0620805369, "totalOtherIncomeExpensesNet": -75000000, "incomeBeforeTax": -2000000, "incomeBeforeTaxRatio": -0.0005592841, "incomeTaxExpense": -151000000, "netIncome": 143000000, "netIncomeRatio": 0.0399888143, "eps": 0.28, "epsdiluted": 0.28, "weightedAverageShsOut": 501991944, "weightedAverageShsOutDil": 501991944, "link": "https://www.sec.gov/Archives/edgar/data/1319161/000156459017024528/0001564590-17-024528-index.htm", "finalLink": "https://www.sec.gov/Archives/edgar/data/1319161/000156459017024528/wmg-10k_20170930.htm", "calculatedOtherExpenses": 201000000, "calculatedOperatingExpenses": 1423000000, "calculatedNetInterest": -149000000, "calculatedOtherIncome": -75000000, "calculatedIncomeNonControlling": 6000000, "calculatedEbitda": 473000000}, {"date": "2016-09-30", "symbol": "WMG", "reportedCurrency": "USD", "cik": "0001319161", "fillingDate": "2016-12-08", "acceptedDate": "2016-12-08 07:47:41", "calendarYear": "2016", "period": "FY", "revenue": 3246000000, "costOfRevenue": 1707000000, "grossProfit": 1539000000, "grossProfitRatio": 0.4741219963, "researchAndDevelopmentExpenses": 0, "generalAndAdministrativeExpenses": 584000000, "sellingAndMarketingExpenses": 498000000, "sellingGeneralAndAdministrativeExpenses": 1082000000, "otherExpenses": 18000000, "operatingExpenses": 1325000000, "costAndExpenses": 3032000000, "interestIncome": 0, "interestExpense": 173000000, "depreciationAndAmortization": 293000000, "ebitda": 525000000, "ebitdaratio": 0.1617375231, "operatingIncome": 214000000, "operatingIncomeRatio": 0.0659272951, "totalOtherIncomeExpensesNet": -173000000, "incomeBeforeTax": 41000000, "incomeBeforeTaxRatio": 0.0126309304, "incomeTaxExpense": 11000000, "netIncome": 25000000, "netIncomeRatio": 0.0077017868, "eps": 0.0498, "epsdiluted": 0.0498, "weightedAverageShsOut": 501991944, "weightedAverageShsOutDil": 501991944, "link": "https://www.sec.gov/Archives/edgar/data/1319161/000156459016029963/0001564590-16-029963-index.htm", "finalLink": "https://www.sec.gov/Archives/edgar/data/1319161/000156459016029963/wmg-10k_20160930.htm", "calculatedOtherExpenses": 243000000, "calculatedOperatingExpenses": 1325000000, "calculatedNetInterest": -173000000, "calculatedOtherIncome": 0, "calculatedIncomeNonControlling": 5000000, "calculatedEbitda": 507000000}, {"date": "2015-09-30", "symbol": "WMG", "reportedCurrency": "USD", "cik": "0001319161", "fillingDate": "2015-12-10", "acceptedDate": "2015-12-10 08:25:58", "calendarYear": "2015", "period": "FY", "revenue": 2966000000, "costOfRevenue": 1511000000, "grossProfit": 1455000000, "grossProfitRatio": 0.4905596763, "researchAndDevelopmentExpenses": 0, "generalAndAdministrativeExpenses": 586000000, "sellingAndMarketingExpenses": 487000000, "sellingGeneralAndAdministrativeExpenses": 1073000000, "otherExpenses": -21000000, "operatingExpenses": 1328000000, "costAndExpenses": 2839000000, "interestIncome": 0, "interestExpense": 181000000, "depreciationAndAmortization": 309000000, "ebitda": 415000000, "ebitdaratio": 0.1399190829, "operatingIncome": 127000000, "operatingIncomeRatio": 0.0428186109, "totalOtherIncomeExpensesNet": -21000000, "incomeBeforeTax": -75000000, "incomeBeforeTaxRatio": -0.0252865813, "incomeTaxExpense": 13000000, "netIncome": -91000000, "netIncomeRatio": -0.0306810519, "eps": -0.18, "epsdiluted": -0.18, "weightedAverageShsOut": 501991944, "weightedAverageShsOutDil": 501991944, "link": "https://www.sec.gov/Archives/edgar/data/1319161/000156459015011396/0001564590-15-011396-index.htm", "finalLink": "https://www.sec.gov/Archives/edgar/data/1319161/000156459015011396/wmg-10k_20150930.htm", "calculatedOtherExpenses": 255000000, "calculatedOperatingExpenses": 1328000000, "calculatedNetInterest": -181000000, "calculatedOtherIncome": -21000000, "calculatedIncomeNonControlling": 3000000, "calculatedEbitda": 436000000}, {"date": "2014-09-30", "symbol": "WMG", "reportedCurrency": "USD", "cik": "0001319161", "fillingDate": "2014-12-11", "acceptedDate": "2014-12-11 08:01:42", "calendarYear": "2014", "period": "FY", "revenue": 3027000000, "costOfRevenue": 1570000000, "grossProfit": 1457000000, "grossProfitRatio": 0.4813346548, "researchAndDevelopmentExpenses": 0, "generalAndAdministrativeExpenses": 659000000, "sellingAndMarketingExpenses": 513000000, "sellingGeneralAndAdministrativeExpenses": 1172000000, "otherExpenses": -4000000, "operatingExpenses": 1438000000, "costAndExpenses": 3008000000, "interestIncome": 0, "interestExpense": 203000000, "depreciationAndAmortization": 321000000, "ebitda": 336000000, "ebitdaratio": 0.1110009911, "operatingIncome": 19000000, "operatingIncomeRatio": 0.0062768418, "totalOtherIncomeExpensesNet": -145000000, "incomeBeforeTax": -329000000, "incomeBeforeTaxRatio": -0.1086884704, "incomeTaxExpense": -26000000, "netIncome": -308000000, "netIncomeRatio": -0.1017509085, "eps": -0.61, "epsdiluted": -0.61, "weightedAverageShsOut": 501991944, "weightedAverageShsOutDil": 501991944, "link": "https://www.sec.gov/Archives/edgar/data/1319161/000156459014006162/0001564590-14-006162-index.htm", "finalLink": "https://www.sec.gov/Archives/edgar/data/1319161/000156459014006162/wmg-10k_20140930.htm", "calculatedOtherExpenses": 266000000, "calculatedOperatingExpenses": 1438000000, "calculatedNetInterest": -203000000, "calculatedOtherIncome": -145000000, "calculatedIncomeNonControlling": 5000000, "calculatedEbitda": 340000000}, {"date": "2013-09-30", "symbol": "WMG", "reportedCurrency": "USD", "cik": "0001319161", "fillingDate": "2013-12-12", "acceptedDate": "2013-12-12 08:02:18", "calendarYear": "2013", "period": "FY", "revenue": 2871000000, "costOfRevenue": 1492000000, "grossProfit": 1379000000, "grossProfitRatio": 0.4803204458, "researchAndDevelopmentExpenses": 0, "generalAndAdministrativeExpenses": 616000000, "sellingAndMarketingExpenses": 481000000, "sellingGeneralAndAdministrativeExpenses": 1097000000, "otherExpenses": -12000000, "operatingExpenses": 1304000000, "costAndExpenses": 2796000000, "interestIncome": 0, "interestExpense": 203000000, "depreciationAndAmortization": 258000000, "ebitda": 321000000, "ebitdaratio": 0.1118077325, "operatingIncome": 75000000, "operatingIncomeRatio": 0.026123302, "totalOtherIncomeExpensesNet": -97000000, "incomeBeforeTax": -225000000, "incomeBeforeTaxRatio": -0.078369906, "incomeTaxExpense": -31000000, "netIncome": -198000000, "netIncomeRatio": -0.0689655172, "eps": -0.39, "epsdiluted": -0.39, "weightedAverageShsOut": 501991944, "weightedAverageShsOutDil": 501991944, "link": "https://www.sec.gov/Archives/edgar/data/1319161/000119312513470757/0001193125-13-470757-index.htm", "finalLink": "https://www.sec.gov/Archives/edgar/data/1319161/000119312513470757/d604647d10k.htm", "calculatedOtherExpenses": 207000000, "calculatedOperatingExpenses": 1304000000, "calculatedNetInterest": -203000000, "calculatedOtherIncome": -97000000, "calculatedIncomeNonControlling": 4000000, "calculatedEbitda": 333000000}, {"date": "2012-09-30", "symbol": "WMG", "reportedCurrency": "USD", "cik": "0001319161", "fillingDate": "2012-12-13", "acceptedDate": "2012-12-13 07:56:20", "calendarYear": "2012", "period": "FY", "revenue": 2780000000, "costOfRevenue": 1455000000, "grossProfit": 1325000000, "grossProfitRatio": 0.476618705, "researchAndDevelopmentExpenses": 0, "generalAndAdministrativeExpenses": 578000000, "sellingAndMarketingExpenses": 445000000, "sellingGeneralAndAdministrativeExpenses": 1023000000, "otherExpenses": 8000000, "operatingExpenses": 1216000000, "costAndExpenses": 2671000000, "interestIncome": 0, "interestExpense": 225000000, "depreciationAndAmortization": 244000000, "ebitda": 361000000, "ebitdaratio": 0.1298561151, "operatingIncome": 109000000, "operatingIncomeRatio": 0.0392086331, "totalOtherIncomeExpensesNet": 8000000, "incomeBeforeTax": -108000000, "incomeBeforeTaxRatio": -0.0388489209, "incomeTaxExpense": 1000000, "netIncome": -112000000, "netIncomeRatio": -0.0402877698, "eps": -0.22, "epsdiluted": -0.22, "weightedAverageShsOut": 501991944, "weightedAverageShsOutDil": 501991944, "link": "https://www.sec.gov/Archives/edgar/data/1319161/000119312512500884/0001193125-12-500884-index.htm", "finalLink": "https://www.sec.gov/Archives/edgar/data/1319161/000119312512500884/d411258d10k.htm", "calculatedOtherExpenses": 193000000, "calculatedOperatingExpenses": 1216000000, "calculatedNetInterest": -225000000, "calculatedOtherIncome": 8000000, "calculatedIncomeNonControlling": 3000000, "calculatedEbitda": 353000000}, {"date": "2010-09-30", "symbol": "WMG", "reportedCurrency": "USD", "cik": "0001319161", "fillingDate": "2010-11-17", "acceptedDate": "2010-11-17 08:08:31", "calendarYear": "2010", "period": "FY", "revenue": 2984000000, "costOfRevenue": 1572000000, "grossProfit": 1412000000, "grossProfitRatio": 0.4731903485, "researchAndDevelopmentExpenses": 0, "generalAndAdministrativeExpenses": 0, "sellingAndMarketingExpenses": 0, "sellingGeneralAndAdministrativeExpenses": 1103000000, "otherExpenses": 0, "operatingExpenses": 1322000000, "costAndExpenses": 2894000000, "interestIncome": 0, "interestExpense": 0, "depreciationAndAmortization": 258000000, "ebitda": 352000000, "ebitdaratio": 0.1179624665, "operatingIncome": 90000000, "operatingIncomeRatio": 0.0301608579, "totalOtherIncomeExpensesNet": -4000000, "incomeBeforeTax": -104000000, "incomeBeforeTaxRatio": -0.0348525469, "incomeTaxExpense": 41000000, "netIncome": -143000000, "netIncomeRatio": -0.047922252, "eps": -0.96, "epsdiluted": -0.96, "weightedAverageShsOut": 149700000, "weightedAverageShsOutDil": 149700000, "link": "https://www.sec.gov/Archives/edgar/data/1319161/000119312510262567/0001193125-10-262567-index.htm", "finalLink": "https://www.sec.gov/Archives/edgar/data/1319161/000119312510262567/d10k.htm", "calculatedOtherExpenses": 219000000, "calculatedOperatingExpenses": 1322000000, "calculatedNetInterest": 0, "calculatedOtherIncome": -194000000, "calculatedIncomeNonControlling": -2000000, "calculatedEbitda": 348000000}, {"date": "2009-09-30", "symbol": "WMG", "reportedCurrency": "USD", "cik": "0001319161", "fillingDate": "2009-11-24", "acceptedDate": "2009-11-24 08:18:23", "calendarYear": "2009", "period": "FY", "revenue": 3198000000, "costOfRevenue": 1719000000, "grossProfit": 1479000000, "grossProfitRatio": 0.4624765478, "researchAndDevelopmentExpenses": 0, "generalAndAdministrativeExpenses": 0, "sellingAndMarketingExpenses": 0, "sellingGeneralAndAdministrativeExpenses": 1119000000, "otherExpenses": 0, "operatingExpenses": 1344000000, "costAndExpenses": 3063000000, "interestIncome": 0, "interestExpense": 195000000, "depreciationAndAmortization": 262000000, "ebitda": 391000000, "ebitdaratio": 0.1222639149, "operatingIncome": 135000000, "operatingIncomeRatio": 0.0422138837, "totalOtherIncomeExpensesNet": 6000000, "incomeBeforeTax": -54000000, "incomeBeforeTaxRatio": -0.0168855535, "incomeTaxExpense": 50000000, "netIncome": -100000000, "netIncomeRatio": -0.0312695435, "eps": -0.67, "epsdiluted": -0.67, "weightedAverageShsOut": 149400000, "weightedAverageShsOutDil": 149400000, "link": "https://www.sec.gov/Archives/edgar/data/1319161/000119312509240833/0001193125-09-240833-index.htm", "finalLink": "https://www.sec.gov/Archives/edgar/data/1319161/000119312509240833/d10k.htm", "calculatedOtherExpenses": 225000000, "calculatedOperatingExpenses": 1344000000, "calculatedNetInterest": -195000000, "calculatedOtherIncome": 6000000, "calculatedIncomeNonControlling": -4000000, "calculatedEbitda": 397000000}, {"date": "2008-09-30", "symbol": "WMG", "reportedCurrency": "USD", "cik": "0001319161", "fillingDate": "2008-11-25", "acceptedDate": "2008-11-25 07:59:22", "calendarYear": "2008", "period": "FY", "revenue": 3491000000, "costOfRevenue": 1832000000, "grossProfit": 1659000000, "grossProfitRatio": 0.4752219994, "researchAndDevelopmentExpenses": 0, "generalAndAdministrativeExpenses": 0, "sellingAndMarketingExpenses": 0, "sellingGeneralAndAdministrativeExpenses": 1233000000, "otherExpenses": 0, "operatingExpenses": 1452000000, "costAndExpenses": 3284000000, "interestIncome": 0, "interestExpense": 0, "depreciationAndAmortization": 268000000, "ebitda": 480000000, "ebitdaratio": 0.1374964194, "operatingIncome": 207000000, "operatingIncomeRatio": 0.0592953309, "totalOtherIncomeExpensesNet": -5000000, "incomeBeforeTax": 14000000, "incomeBeforeTaxRatio": 0.0040103122, "incomeTaxExpense": 49000000, "netIncome": -56000000, "netIncomeRatio": -0.0160412489, "eps": -0.38, "epsdiluted": -0.38, "weightedAverageShsOut": 148300000, "weightedAverageShsOutDil": 148300000, "link": "https://www.sec.gov/Archives/edgar/data/1319161/000119312508242720/0001193125-08-242720-index.htm", "finalLink": "https://www.sec.gov/Archives/edgar/data/1319161/000119312508242720/d10k.htm", "calculatedOtherExpenses": 219000000, "calculatedOperatingExpenses": 1452000000, "calculatedNetInterest": 0, "calculatedOtherIncome": -193000000, "calculatedIncomeNonControlling": 21000000, "calculatedEbitda": 475000000}, {"date": "2007-09-30", "symbol": "WMG", "reportedCurrency": "USD", "cik": "0001319161", "fillingDate": "2007-11-29", "acceptedDate": "2007-11-29 08:01:45", "calendarYear": "2007", "period": "FY", "revenue": 3385000000, "costOfRevenue": 1823000000, "grossProfit": 1562000000, "grossProfitRatio": 0.4614475628, "researchAndDevelopmentExpenses": 0, "generalAndAdministrativeExpenses": 0, "sellingAndMarketingExpenses": 0, "sellingGeneralAndAdministrativeExpenses": 1164000000, "otherExpenses": 0, "operatingExpenses": 1297000000, "costAndExpenses": 3120000000, "interestIncome": 0, "interestExpense": 0, "depreciationAndAmortization": 246000000, "ebitda": 488000000, "ebitdaratio": 0.1441654357, "operatingIncome": 215000000, "operatingIncomeRatio": 0.0635155096, "totalOtherIncomeExpensesNet": 23000000, "incomeBeforeTax": 28000000, "incomeBeforeTaxRatio": 0.0082717873, "incomeTaxExpense": 49000000, "netIncome": -21000000, "netIncomeRatio": -0.0062038405, "eps": -0.14, "epsdiluted": -0.14, "weightedAverageShsOut": 146200000, "weightedAverageShsOutDil": 146200000, "link": "https://www.sec.gov/Archives/edgar/data/1319161/000119312507255544/0001193125-07-255544-index.htm", "finalLink": "https://www.sec.gov/Archives/edgar/data/1319161/000119312507255544/d10k.htm", "calculatedOtherExpenses": 183000000, "calculatedOperatingExpenses": 1347000000, "calculatedNetInterest": 0, "calculatedOtherIncome": -187000000, "calculatedIncomeNonControlling": 0, "calculatedEbitda": 461000000}, {"date": "2006-09-30", "symbol": "WMG", "reportedCurrency": "USD", "cik": "0001319161", "fillingDate": "2006-12-01", "acceptedDate": "2006-12-01 08:03:42", "calendarYear": "2006", "period": "FY", "revenue": 3516000000, "costOfRevenue": 1822000000, "grossProfit": 1694000000, "grossProfitRatio": 0.4817974972, "researchAndDevelopmentExpenses": 0, "generalAndAdministrativeExpenses": 0, "sellingAndMarketingExpenses": 0, "sellingGeneralAndAdministrativeExpenses": 1232000000, "otherExpenses": 0, "operatingExpenses": 1411000000, "costAndExpenses": 3233000000, "interestIncome": 0, "interestExpense": 0, "depreciationAndAmortization": 236000000, "ebitda": 502000000, "ebitdaratio": 0.1427758817, "operatingIncome": 283000000, "operatingIncomeRatio": 0.0804891923, "totalOtherIncomeExpensesNet": 18000000, "incomeBeforeTax": 107000000, "incomeBeforeTaxRatio": 0.0304323094, "incomeTaxExpense": 47000000, "netIncome": 60000000, "netIncomeRatio": 0.0170648464, "eps": 0.42, "epsdiluted": 0.4, "weightedAverageShsOut": 142800000, "weightedAverageShsOutDil": 150900000, "link": "https://www.sec.gov/Archives/edgar/data/1319161/000119312506244913/0001193125-06-244913-index.htm", "finalLink": "https://www.sec.gov/Archives/edgar/data/1319161/000119312506244913/d10k.htm", "calculatedOtherExpenses": 179000000, "calculatedOperatingExpenses": 1411000000, "calculatedNetInterest": 0, "calculatedOtherIncome": -176000000, "calculatedIncomeNonControlling": 0, "calculatedEbitda": 519000000}, {"date": "2005-09-30", "symbol": "WMG", "reportedCurrency": "USD", "cik": "0001319161", "fillingDate": "2005-12-01", "acceptedDate": "2005-12-01 09:48:10", "calendarYear": "2005", "period": "FY", "revenue": 3502000000, "costOfRevenue": 1850000000, "grossProfit": 1652000000, "grossProfitRatio": 0.4717304397, "researchAndDevelopmentExpenses": 0, "generalAndAdministrativeExpenses": 0, "sellingAndMarketingExpenses": 0, "sellingGeneralAndAdministrativeExpenses": 1301000000, "otherExpenses": 0, "operatingExpenses": 1561000000, "costAndExpenses": 3411000000, "interestIncome": 0, "interestExpense": 0, "depreciationAndAmortization": 239000000, "ebitda": 420000000, "ebitdaratio": 0.1199314677, "operatingIncome": 84000000, "operatingIncomeRatio": 0.0239862935, "totalOtherIncomeExpensesNet": -91000000, "incomeBeforeTax": -114000000, "incomeBeforeTaxRatio": -0.032552827, "incomeTaxExpense": 55000000, "netIncome": -169000000, "netIncomeRatio": -0.0482581382, "eps": -1.48, "epsdiluted": -1.4, "weightedAverageShsOut": 114100000, "weightedAverageShsOutDil": 120714286, "link": "https://www.sec.gov/Archives/edgar/data/1319161/000119312505234771/0001193125-05-234771-index.htm", "finalLink": "https://www.sec.gov/Archives/edgar/data/1319161/000119312505234771/d10k.htm", "calculatedOtherExpenses": 267000000, "calculatedOperatingExpenses": 1568000000, "calculatedNetInterest": 0, "calculatedOtherIncome": -198000000, "calculatedIncomeNonControlling": 0, "calculatedEbitda": 323000000}, {"date": "2004-09-30", "symbol": "WMG", "reportedCurrency": "USD", "cik": "0001319161", "fillingDate": "2004-09-30", "acceptedDate": "2004-09-29 20:00:00", "calendarYear": "2004", "period": "FY", "revenue": 1769000000, "costOfRevenue": 944000000, "grossProfit": 825000000, "grossProfitRatio": 0.4663651781, "researchAndDevelopmentExpenses": 0, "generalAndAdministrativeExpenses": 0, "sellingAndMarketingExpenses": 0, "sellingGeneralAndAdministrativeExpenses": 677000000, "otherExpenses": 0, "operatingExpenses": 781000000, "costAndExpenses": 1725000000, "interestIncome": 0, "interestExpense": 0, "depreciationAndAmortization": 140000000, "ebitda": 340000000, "ebitdaratio": 0.1921989825, "operatingIncome": 18000000, "operatingIncomeRatio": 0.0101752402, "totalOtherIncomeExpensesNet": -158000000, "incomeBeforeTax": -208000000, "incomeBeforeTaxRatio": -0.117580554, "incomeTaxExpense": 30000000, "netIncome": -238000000, "netIncomeRatio": -0.1345392877, "eps": -0.47, "epsdiluted": -0.47, "weightedAverageShsOut": 501991944, "weightedAverageShsOutDil": 501991944, "link": null, "finalLink": null, "calculatedOtherExpenses": 130000000, "calculatedOperatingExpenses": 807000000, "calculatedNetInterest": 0, "calculatedOtherIncome": -226000000, "calculatedIncomeNonControlling": 0, "calculatedEbitda": 158000000}, {"date": "2003-11-30", "symbol": "WMG", "reportedCurrency": "USD", "cik": "0001319161", "fillingDate": "2003-11-30", "acceptedDate": "2003-11-29 19:00:00", "calendarYear": "2003", "period": "FY", "revenue": 3376000000, "costOfRevenue": 0, "grossProfit": 3376000000, "grossProfitRatio": 1, "researchAndDevelopmentExpenses": 0, "generalAndAdministrativeExpenses": 0, "sellingAndMarketingExpenses": 0, "sellingGeneralAndAdministrativeExpenses": 0, "otherExpenses": 0, "operatingExpenses": 0, "costAndExpenses": 0, "interestIncome": 0, "interestExpense": 0, "depreciationAndAmortization": 0, "ebitda": 3376000000, "ebitdaratio": 1, "operatingIncome": 3376000000, "operatingIncomeRatio": 1, "totalOtherIncomeExpensesNet": 0, "incomeBeforeTax": 0, "incomeBeforeTaxRatio": 0, "incomeTaxExpense": 1353000000, "netIncome": -1353000000, "netIncomeRatio": -0.4007701422, "eps": -2.7, "epsdiluted": -2.7, "weightedAverageShsOut": 501991944, "weightedAverageShsOutDil": 501991944, "link": null, "finalLink": null, "calculatedOtherExpenses": 0, "calculatedOperatingExpenses": 0, "calculatedNetInterest": 0, "calculatedOtherIncome": -3376000000, "calculatedIncomeNonControlling": 0, "calculatedEbitda": 3376000000}, {"date": "2002-11-30", "symbol": "WMG", "reportedCurrency": "USD", "cik": "0001319161", "fillingDate": "2002-11-30", "acceptedDate": "2002-11-29 19:00:00", "calendarYear": "2002", "period": "FY", "revenue": 3290000000, "costOfRevenue": 1873000000, "grossProfit": 1417000000, "grossProfitRatio": 0.4306990881, "researchAndDevelopmentExpenses": 0, "generalAndAdministrativeExpenses": 0, "sellingAndMarketingExpenses": 0, "sellingGeneralAndAdministrativeExpenses": 1282000000, "otherExpenses": 0, "operatingExpenses": 2959000000, "costAndExpenses": 4832000000, "interestIncome": 0, "interestExpense": 0, "depreciationAndAmortization": 0, "ebitda": -1542000000, "ebitdaratio": -0.4686930091, "operatingIncome": -1542000000, "operatingIncomeRatio": -0.4686930091, "totalOtherIncomeExpensesNet": 0, "incomeBeforeTax": 0, "incomeBeforeTaxRatio": 0, "incomeTaxExpense": 6026000000, "netIncome": -6026000000, "netIncomeRatio": -1.8316109422, "eps": -12, "epsdiluted": -12, "weightedAverageShsOut": 501991944, "weightedAverageShsOutDil": 501991944, "link": null, "finalLink": null, "calculatedOtherExpenses": 1677000000, "calculatedOperatingExpenses": 2959000000, "calculatedNetInterest": 0, "calculatedOtherIncome": 1542000000, "calculatedIncomeNonControlling": 0, "calculatedEbitda": -1542000000}, {"date": "2000-11-30", "symbol": "WMG", "reportedCurrency": "USD", "cik": "0001319161", "fillingDate": "2000-11-30", "acceptedDate": "2000-11-29 19:00:00", "calendarYear": "2000", "period": "FY", "revenue": 3461000000, "costOfRevenue": 1960000000, "grossProfit": 1501000000, "grossProfitRatio": 0.4336896851, "researchAndDevelopmentExpenses": 0, "generalAndAdministrativeExpenses": 0, "sellingAndMarketingExpenses": 0, "sellingGeneralAndAdministrativeExpenses": 0, "otherExpenses": 0, "operatingExpenses": 1537000000, "costAndExpenses": 3497000000, "interestIncome": 0, "interestExpense": 0, "depreciationAndAmortization": 0, "ebitda": -36000000, "ebitdaratio": -0.010401618, "operatingIncome": -36000000, "operatingIncomeRatio": -0.010401618, "totalOtherIncomeExpensesNet": 0, "incomeBeforeTax": 0, "incomeBeforeTaxRatio": 0, "incomeTaxExpense": 408000000, "netIncome": -408000000, "netIncomeRatio": -0.1178850043, "eps": -0.81, "epsdiluted": -0.81, "weightedAverageShsOut": 501991944, "weightedAverageShsOutDil": 501991944, "link": null, "finalLink": null, "calculatedOtherExpenses": 1537000000, "calculatedOperatingExpenses": 1537000000, "calculatedNetInterest": 0, "calculatedOtherIncome": 36000000, "calculatedIncomeNonControlling": 0, "calculatedEbitda": -36000000}]}