{"originalCurrency": "USD", "convertedCurrency": "USD", "report": [{"date": "2024-03-31", "symbol": "WMS", "reportedCurrency": "USD", "cik": "0001604028", "fillingDate": "2024-05-16", "acceptedDate": "2024-05-16 16:03:09", "calendarYear": "2023", "period": "FY", "revenue": 2874473000, "costOfRevenue": 1780813000, "grossProfit": 1093660000, "grossProfitRatio": 0.3804732207, "researchAndDevelopmentExpenses": 0, "generalAndAdministrativeExpenses": 0, "sellingAndMarketingExpenses": 0, "sellingGeneralAndAdministrativeExpenses": 368394000, "otherExpenses": 0, "operatingExpenses": 368394000, "costAndExpenses": 2149207000, "interestIncome": 0, "interestExpense": 88862000, "depreciationAndAmortization": 151775000, "ebitda": 877041000, "ebitdaratio": 0.3051136678, "operatingIncome": 725266000, "operatingIncomeRatio": 0.2523126848, "totalOtherIncomeExpensesNet": -58513000, "incomeBeforeTax": 666753000, "incomeBeforeTaxRatio": 0.2319566056, "incomeTaxExpense": 158998000, "netIncome": 509915000, "netIncomeRatio": 0.1773942563, "eps": 6.52, "epsdiluted": 6.45, "weightedAverageShsOut": 78252000, "weightedAverageShsOutDil": 79017000, "link": "https://www.sec.gov/Archives/edgar/data/1604028/000160402824000011/0001604028-24-000011-index.htm", "finalLink": "https://www.sec.gov/Archives/edgar/data/1604028/000160402824000011/wms-20240331.htm", "calculatedOtherExpenses": 0, "calculatedOperatingExpenses": 368394000, "calculatedNetInterest": -88862000, "calculatedOtherIncome": 30349000, "calculatedIncomeNonControlling": -2160000, "calculatedEbitda": 877041000}, {"date": "2023-03-31", "symbol": "WMS", "reportedCurrency": "USD", "cik": "0001604028", "fillingDate": "2023-05-18", "acceptedDate": "2023-05-18 16:14:19", "calendarYear": "2022", "period": "FY", "revenue": 3071121000, "costOfRevenue": 1952713000, "grossProfit": 1118408000, "grossProfitRatio": 0.364169305, "researchAndDevelopmentExpenses": 0, "generalAndAdministrativeExpenses": 339504000, "sellingAndMarketingExpenses": 8500000, "sellingGeneralAndAdministrativeExpenses": 339504000, "otherExpenses": 55197000, "operatingExpenses": 394701000, "costAndExpenses": 2347414000, "interestIncome": 9782000, "interestExpense": 70182000, "depreciationAndAmortization": 149546000, "ebitda": 868856000, "ebitdaratio": 0.2829116795, "operatingIncome": 719310000, "operatingIncomeRatio": 0.2342174079, "totalOtherIncomeExpensesNet": -62210000, "incomeBeforeTax": 657100000, "incomeBeforeTaxRatio": 0.2139609608, "incomeTaxExpense": 150589000, "netIncome": 507086000, "netIncomeRatio": 0.1651143019, "eps": 6.16, "epsdiluted": 6.08, "weightedAverageShsOut": 82315000, "weightedAverageShsOutDil": 83336000, "link": "https://www.sec.gov/Archives/edgar/data/1604028/000160402823000015/0001604028-23-000015-index.htm", "finalLink": "https://www.sec.gov/Archives/edgar/data/1604028/000160402823000015/wms-20230331.htm", "calculatedOtherExpenses": 59594000, "calculatedOperatingExpenses": 399098000, "calculatedNetInterest": -60400000, "calculatedOtherIncome": -1810000, "calculatedIncomeNonControlling": -575000, "calculatedEbitda": 868856000}, {"date": "2022-03-31", "symbol": "WMS", "reportedCurrency": "USD", "cik": "0001604028", "fillingDate": "2022-05-19", "acceptedDate": "2022-05-19 16:13:22", "calendarYear": "2021", "period": "FY", "revenue": 2769315000, "costOfRevenue": 1968931000, "grossProfit": 800384000, "grossProfitRatio": 0.2890187646, "researchAndDevelopmentExpenses": 0, "generalAndAdministrativeExpenses": 321094000, "sellingAndMarketingExpenses": 6000000, "sellingGeneralAndAdministrativeExpenses": 321094000, "otherExpenses": 63974000, "operatingExpenses": 385068000, "costAndExpenses": 2353999000, "interestIncome": 52000, "interestExpense": 33550000, "depreciationAndAmortization": 145206000, "ebitda": 557124000, "ebitdaratio": 0.2011775475, "operatingIncome": 411918000, "operatingIncomeRatio": 0.1487436424, "totalOtherIncomeExpensesNet": -28407000, "incomeBeforeTax": 383511000, "incomeBeforeTaxRatio": 0.1384858711, "incomeTaxExpense": 110071000, "netIncome": 271331000, "netIncomeRatio": 0.0979776587, "eps": 3.22, "epsdiluted": 3.15, "weightedAverageShsOut": 71276000, "weightedAverageShsOutDil": 72911000, "link": "https://www.sec.gov/Archives/edgar/data/1604028/000160402822000025/0001604028-22-000025-index.htm", "finalLink": "https://www.sec.gov/Archives/edgar/data/1604028/000160402822000025/wms-20220331.htm", "calculatedOtherExpenses": 67372000, "calculatedOperatingExpenses": 388466000, "calculatedNetInterest": -33498000, "calculatedOtherIncome": 5091000, "calculatedIncomeNonControlling": 2109000, "calculatedEbitda": 557124000}, {"date": "2021-03-31", "symbol": "WMS", "reportedCurrency": "USD", "cik": "0001604028", "fillingDate": "2021-05-27", "acceptedDate": "2021-05-27 16:03:07", "calendarYear": "2020", "period": "FY", "revenue": 1982780000, "costOfRevenue": 1292698000, "grossProfit": 690082000, "grossProfitRatio": 0.3480376038, "researchAndDevelopmentExpenses": 0, "generalAndAdministrativeExpenses": 267574000, "sellingAndMarketingExpenses": 4099999, "sellingGeneralAndAdministrativeExpenses": 267574000, "otherExpenses": 73708000, "operatingExpenses": 341282000, "costAndExpenses": 1633980000, "interestIncome": 287000, "interestExpense": 35658000, "depreciationAndAmortization": 149861000, "ebitda": 494386000, "ebitdaratio": 0.2493398158, "operatingIncome": 344525000, "operatingIncomeRatio": 0.1737585612, "totalOtherIncomeExpensesNet": -32254000, "incomeBeforeTax": 312271000, "incomeBeforeTaxRatio": 0.1574915018, "incomeTaxExpense": 86382000, "netIncome": 224230000, "netIncomeRatio": 0.1130886937, "eps": 2.64, "epsdiluted": 2.59, "weightedAverageShsOut": 70155000, "weightedAverageShsOutDil": 71566000, "link": "https://www.sec.gov/Archives/edgar/data/1604028/000156459021030419/0001564590-21-030419-index.htm", "finalLink": "https://www.sec.gov/Archives/edgar/data/1604028/000156459021030419/wms-10k_20210331.htm", "calculatedOtherExpenses": 77983000, "calculatedOperatingExpenses": 345557000, "calculatedNetInterest": -35371000, "calculatedOtherIncome": 3117000, "calculatedIncomeNonControlling": 1659000, "calculatedEbitda": 494386000}, {"date": "2020-03-31", "symbol": "WMS", "reportedCurrency": "USD", "cik": "0001604028", "fillingDate": "2020-06-01", "acceptedDate": "2020-06-01 16:06:04", "calendarYear": "2019", "period": "FY", "revenue": 1673805000, "costOfRevenue": 1357326000, "grossProfit": 316479000, "grossProfitRatio": 0.1890775807, "researchAndDevelopmentExpenses": 0, "generalAndAdministrativeExpenses": 232412000, "sellingAndMarketingExpenses": 117068000, "sellingGeneralAndAdministrativeExpenses": 349480000, "otherExpenses": 57010000, "operatingExpenses": 406490000, "costAndExpenses": 1763816000, "interestIncome": 84118000, "interestExpense": 82711000, "depreciationAndAmortization": 124940000, "ebitda": 34929000, "ebitdaratio": 0.0208680223, "operatingIncome": -90011000, "operatingIncomeRatio": -0.0537762762, "totalOtherIncomeExpensesNet": -89603000, "incomeBeforeTax": -179614000, "incomeBeforeTaxRatio": -0.1073087964, "incomeTaxExpense": 14092000, "netIncome": -193706000, "netIncomeRatio": -0.1157279372, "eps": -3.04, "epsdiluted": -3.04, "weightedAverageShsOut": 63820000, "weightedAverageShsOutDil": 63820000, "link": "https://www.sec.gov/Archives/edgar/data/1604028/000156459020027846/0001564590-20-027846-index.htm", "finalLink": "https://www.sec.gov/Archives/edgar/data/1604028/000156459020027846/wms-10k_20200331.htm", "calculatedOtherExpenses": 57010000, "calculatedOperatingExpenses": 406490000, "calculatedNetInterest": 1407000, "calculatedOtherIncome": -91010000, "calculatedIncomeNonControlling": 0, "calculatedEbitda": 34929000}, {"date": "2019-03-31", "symbol": "WMS", "reportedCurrency": "USD", "cik": "0001604028", "fillingDate": "2019-05-30", "acceptedDate": "2019-05-30 16:29:35", "calendarYear": "2018", "period": "FY", "revenue": 1384733000, "costOfRevenue": 1057766000, "grossProfit": 326967000, "grossProfitRatio": 0.236122776, "researchAndDevelopmentExpenses": 2659000, "generalAndAdministrativeExpenses": 89692000, "sellingAndMarketingExpenses": 96335000, "sellingGeneralAndAdministrativeExpenses": 186027000, "otherExpenses": 7880000, "operatingExpenses": 193907000, "costAndExpenses": 1251673000, "interestIncome": 20001000, "interestExpense": 18618000, "depreciationAndAmortization": 71900000, "ebitda": 204960000, "ebitdaratio": 0.1480140937, "operatingIncome": 129413000, "operatingIncomeRatio": 0.0934570058, "totalOtherIncomeExpensesNet": -2832000, "incomeBeforeTax": 111610000, "incomeBeforeTaxRatio": 0.0806003757, "incomeTaxExpense": 30049000, "netIncome": 77772000, "netIncomeRatio": 0.0561638959, "eps": 1.36, "epsdiluted": 1.35, "weightedAverageShsOut": 57025000, "weightedAverageShsOutDil": 57611000, "link": "https://www.sec.gov/Archives/edgar/data/1604028/000156459019020937/0001564590-19-020937-index.htm", "finalLink": "https://www.sec.gov/Archives/edgar/data/1604028/000156459019020937/wms-10k_20190331.htm", "calculatedOtherExpenses": 8868000, "calculatedOperatingExpenses": 197554000, "calculatedNetInterest": 1383000, "calculatedOtherIncome": -19186000, "calculatedIncomeNonControlling": 3789000, "calculatedEbitda": 201313000}, {"date": "2018-03-31", "symbol": "WMS", "reportedCurrency": "USD", "cik": "0001604028", "fillingDate": "2018-05-30", "acceptedDate": "2018-05-30 16:13:00", "calendarYear": "2017", "period": "FY", "revenue": 1330354000, "costOfRevenue": 1027873000, "grossProfit": 302481000, "grossProfitRatio": 0.2273688056, "researchAndDevelopmentExpenses": 2156000, "generalAndAdministrativeExpenses": 98392000, "sellingAndMarketingExpenses": 92764000, "sellingGeneralAndAdministrativeExpenses": 191156000, "otherExpenses": 8068000, "operatingExpenses": 199224000, "costAndExpenses": 1227097000, "interestIncome": 0, "interestExpense": 15262000, "depreciationAndAmortization": 75003000, "ebitda": 178260000, "ebitdaratio": 0.1339944105, "operatingIncome": 88254000, "operatingIncomeRatio": 0.0663387339, "totalOtherIncomeExpensesNet": -11053000, "incomeBeforeTax": 76942000, "incomeBeforeTaxRatio": 0.0578357339, "incomeTaxExpense": 11411000, "netIncome": 62007000, "netIncomeRatio": 0.0466093987, "eps": 1.11, "epsdiluted": 1.1, "weightedAverageShsOut": 55696000, "weightedAverageShsOutDil": 56334000, "link": "https://www.sec.gov/Archives/edgar/data/1604028/000156459018014670/0001564590-18-014670-index.htm", "finalLink": "https://www.sec.gov/Archives/edgar/data/1604028/000156459018014670/wms-10k_20180331.htm", "calculatedOtherExpenses": 20915000, "calculatedOperatingExpenses": 214227000, "calculatedNetInterest": -15262000, "calculatedOtherIncome": 3950000, "calculatedIncomeNonControlling": 3524000, "calculatedEbitda": 163257000}, {"date": "2017-03-31", "symbol": "WMS", "reportedCurrency": "USD", "cik": "0001604028", "fillingDate": "2017-05-30", "acceptedDate": "2017-05-30 16:35:21", "calendarYear": "2016", "period": "FY", "revenue": 1257261000, "costOfRevenue": 961451000, "grossProfit": 295810000, "grossProfitRatio": 0.235281298, "researchAndDevelopmentExpenses": 3372000, "generalAndAdministrativeExpenses": 110950000, "sellingAndMarketingExpenses": 91475000, "sellingGeneralAndAdministrativeExpenses": 202425000, "otherExpenses": 8548000, "operatingExpenses": 210973000, "costAndExpenses": 1172424000, "interestIncome": 0, "interestExpense": 17467000, "depreciationAndAmortization": 8548000, "ebitda": 93385000, "ebitdaratio": 0.0742765424, "operatingIncome": 76328000, "operatingIncomeRatio": 0.0607097492, "totalOtherIncomeExpensesNet": -2539000, "incomeBeforeTax": 64831000, "incomeBeforeTaxRatio": 0.0515652677, "incomeTaxExpense": 24615000, "netIncome": 32950000, "netIncomeRatio": 0.0262077643, "eps": 0.6, "epsdiluted": 0.59, "weightedAverageShsOut": 54919000, "weightedAverageShsOutDil": 55624000, "link": "https://www.sec.gov/Archives/edgar/data/1604028/000156459017011836/0001564590-17-011836-index.htm", "finalLink": "https://www.sec.gov/Archives/edgar/data/1604028/000156459017011836/wms-10k_20170331.htm", "calculatedOtherExpenses": 13685000, "calculatedOperatingExpenses": 219482000, "calculatedNetInterest": -17467000, "calculatedOtherIncome": 5970000, "calculatedIncomeNonControlling": 7266000, "calculatedEbitda": 84876000}, {"date": "2016-03-31", "symbol": "WMS", "reportedCurrency": "USD", "cik": "0001604028", "fillingDate": "2016-09-15", "acceptedDate": "2016-09-15 17:02:55", "calendarYear": "2015", "period": "FY", "revenue": 1289483000, "costOfRevenue": 1008831000, "grossProfit": 280652000, "grossProfitRatio": 0.2176469174, "researchAndDevelopmentExpenses": 3872000, "generalAndAdministrativeExpenses": 101353000, "sellingAndMarketingExpenses": 87205000, "sellingGeneralAndAdministrativeExpenses": 188558000, "otherExpenses": 9224000, "operatingExpenses": 197781000, "costAndExpenses": 1206612000, "interestIncome": 0, "interestExpense": 18460000, "depreciationAndAmortization": 9223000, "ebitda": 92094000, "ebitdaratio": 0.0714193208, "operatingIncome": 82059000, "operatingIncomeRatio": 0.0636371321, "totalOtherIncomeExpensesNet": -17948000, "incomeBeforeTax": 46463000, "incomeBeforeTaxRatio": 0.0360322703, "incomeTaxExpense": 19087000, "netIncome": 20627000, "netIncomeRatio": 0.0159963334, "eps": 0.38, "epsdiluted": 0.34, "weightedAverageShsOut": 53978000, "weightedAverageShsOutDil": 61378000, "link": "https://www.sec.gov/Archives/edgar/data/1604028/000119312516711072/0001193125-16-711072-index.htm", "finalLink": "https://www.sec.gov/Archives/edgar/data/1604028/000119312516711072/d202327d10k.htm", "calculatedOtherExpenses": 6163000, "calculatedOperatingExpenses": 198593000, "calculatedNetInterest": -18460000, "calculatedOtherIncome": -17136000, "calculatedIncomeNonControlling": 6749000, "calculatedEbitda": 91282000}, {"date": "2015-03-31", "symbol": "WMS", "reportedCurrency": "USD", "cik": "0001604028", "fillingDate": "2016-03-29", "acceptedDate": "2016-03-29 16:10:45", "calendarYear": "2014", "period": "FY", "revenue": 1177821000, "costOfRevenue": 935483000, "grossProfit": 242338000, "grossProfitRatio": 0.2057511286, "researchAndDevelopmentExpenses": 3550000, "generalAndAdministrativeExpenses": 79930000, "sellingAndMarketingExpenses": 77098000, "sellingGeneralAndAdministrativeExpenses": 157028000, "otherExpenses": -12773000, "operatingExpenses": 167199000, "costAndExpenses": 1102682000, "interestIncome": 0, "interestExpense": 16619000, "depreciationAndAmortization": 55867000, "ebitda": 118233000, "ebitdaratio": 0.1003828256, "operatingIncome": 75889000, "operatingIncomeRatio": 0.0644316921, "totalOtherIncomeExpensesNet": -12023000, "incomeBeforeTax": 46497000, "incomeBeforeTaxRatio": 0.0394771362, "incomeTaxExpense": 16279000, "netIncome": 26300000, "netIncomeRatio": 0.0223293692, "eps": 0.51, "epsdiluted": 0.51, "weightedAverageShsOut": 51344000, "weightedAverageShsOutDil": 52003000, "link": "https://www.sec.gov/Archives/edgar/data/1604028/000119312516521419/0001193125-16-521419-index.htm", "finalLink": "https://www.sec.gov/Archives/edgar/data/1604028/000119312516521419/d914892d10k.htm", "calculatedOtherExpenses": 5871000, "calculatedOperatingExpenses": 166449000, "calculatedNetInterest": -16619000, "calculatedOtherIncome": -12773000, "calculatedIncomeNonControlling": 3918000, "calculatedEbitda": 131756000}, {"date": "2014-03-31", "symbol": "WMS", "reportedCurrency": "USD", "cik": "0001604028", "fillingDate": "2014-03-31", "acceptedDate": "2014-03-31 00:00:00", "calendarYear": "2013", "period": "FY", "revenue": 1069009000, "costOfRevenue": 856118000, "grossProfit": 212891000, "grossProfitRatio": 0.1991479959, "researchAndDevelopmentExpenses": 3270000, "generalAndAdministrativeExpenses": 78478000, "sellingAndMarketingExpenses": 75024000, "sellingGeneralAndAdministrativeExpenses": 153502000, "otherExpenses": -133000, "operatingExpenses": 164914000, "costAndExpenses": 1021032000, "interestIncome": 0, "interestExpense": 16141000, "depreciationAndAmortization": 55898000, "ebitda": 103742000, "ebitdaratio": 0.0970450202, "operatingIncome": 53315000, "operatingIncomeRatio": 0.0498732939, "totalOtherIncomeExpensesNet": 5205000, "incomeBeforeTax": 37041000, "incomeBeforeTaxRatio": 0.0346498486, "incomeTaxExpense": 22575000, "netIncome": 11124000, "netIncomeRatio": 0.0104058993, "eps": 1.2, "epsdiluted": 1.2, "weightedAverageShsOut": 9263000, "weightedAverageShsOutDil": 9263000, "link": null, "finalLink": null, "calculatedOtherExpenses": 2804000, "calculatedOperatingExpenses": 159576000, "calculatedNetInterest": -16141000, "calculatedOtherIncome": -133000, "calculatedIncomeNonControlling": 3342000, "calculatedEbitda": 109213000}, {"date": "2013-03-31", "symbol": "WMS", "reportedCurrency": "USD", "cik": "0001604028", "fillingDate": "2013-03-31", "acceptedDate": "2013-03-31 00:00:00", "calendarYear": "2012", "period": "FY", "revenue": 1017102000, "costOfRevenue": 829141000, "grossProfit": 187961000, "grossProfitRatio": 0.1848005411, "researchAndDevelopmentExpenses": 3539000, "generalAndAdministrativeExpenses": 49601000, "sellingAndMarketingExpenses": 71805000, "sellingGeneralAndAdministrativeExpenses": 121406000, "otherExpenses": -103000, "operatingExpenses": 131434000, "costAndExpenses": 960575000, "interestIncome": 0, "interestExpense": 18526000, "depreciationAndAmortization": 63102000, "ebitda": 119526000, "ebitdaratio": 0.1175162373, "operatingIncome": 57478000, "operatingIncomeRatio": 0.0565115396, "totalOtherIncomeExpensesNet": 848000, "incomeBeforeTax": 38849000, "incomeBeforeTaxRatio": 0.0381957758, "incomeTaxExpense": 15935000, "netIncome": 20660000, "netIncomeRatio": 0.0203126137, "eps": 0.39, "epsdiluted": 0.38, "weightedAverageShsOut": 52748211, "weightedAverageShsOutDil": 54923211, "link": null, "finalLink": null, "calculatedOtherExpenses": 5538000, "calculatedOperatingExpenses": 130483000, "calculatedNetInterest": -18526000, "calculatedOtherIncome": -103000, "calculatedIncomeNonControlling": 2254000, "calculatedEbitda": 120580000}, {"date": "2012-03-31", "symbol": "WMS", "reportedCurrency": "USD", "cik": "0001604028", "fillingDate": "2012-03-31", "acceptedDate": "2012-03-31 00:00:00", "calendarYear": "2011", "period": "FY", "revenue": 1013756000, "costOfRevenue": 818398000, "grossProfit": 195358000, "grossProfitRatio": 0.1927071208, "researchAndDevelopmentExpenses": 0, "generalAndAdministrativeExpenses": 65927000, "sellingAndMarketingExpenses": 67625000, "sellingGeneralAndAdministrativeExpenses": 133552000, "otherExpenses": -2425000, "operatingExpenses": 144939000, "costAndExpenses": 963337000, "interestIncome": 0, "interestExpense": 21837000, "depreciationAndAmortization": 55171000, "ebitda": 103165000, "ebitdaratio": 0.101765119, "operatingIncome": 95053000, "operatingIncomeRatio": 0.0937631935, "totalOtherIncomeExpensesNet": 42209000, "incomeBeforeTax": 70791000, "incomeBeforeTaxRatio": 0.0698304128, "incomeTaxExpense": 27064000, "netIncome": 43260000, "netIncomeRatio": 0.0426729903, "eps": 0.82, "epsdiluted": 0.79, "weightedAverageShsOut": 52748211, "weightedAverageShsOutDil": 54923211, "link": null, "finalLink": null, "calculatedOtherExpenses": -33247000, "calculatedOperatingExpenses": 100305000, "calculatedNetInterest": -21837000, "calculatedOtherIncome": -2425000, "calculatedIncomeNonControlling": 467000, "calculatedEbitda": 150224000}]}