{"originalCurrency": "USD", "convertedCurrency": "USD", "report": [{"date": "2024-01-31", "symbol": "WMT", "reportedCurrency": "USD", "cik": "0000104169", "fillingDate": "2024-03-15", "acceptedDate": "2024-03-15 16:54:48", "calendarYear": "2024", "period": "FY", "revenue": 648125000000, "costOfRevenue": 490142000000, "grossProfit": 157983000000, "grossProfitRatio": 0.2437539055, "researchAndDevelopmentExpenses": 0, "generalAndAdministrativeExpenses": 126571000000, "sellingAndMarketingExpenses": 4400000000, "sellingGeneralAndAdministrativeExpenses": 130971000000, "otherExpenses": -3027000000, "operatingExpenses": 130971000000, "costAndExpenses": 621113000000, "interestIncome": 546000000, "interestExpense": 2683000000, "depreciationAndAmortization": 11853000000, "ebitda": 38865000000, "ebitdaratio": 0.0599652845, "operatingIncome": 27012000000, "operatingIncomeRatio": 0.0416771456, "totalOtherIncomeExpensesNet": -5164000000, "incomeBeforeTax": 21848000000, "incomeBeforeTaxRatio": 0.0337095468, "incomeTaxExpense": 5578000000, "netIncome": 15511000000, "netIncomeRatio": 0.0239321119, "eps": 1.92, "epsdiluted": 1.91, "weightedAverageShsOut": 8076999838, "weightedAverageShsOutDil": 8107999837, "link": "https://www.sec.gov/Archives/edgar/data/104169/000010416924000056/0000104169-24-000056-index.htm", "finalLink": "https://www.sec.gov/Archives/edgar/data/104169/000010416924000056/wmt-20240131.htm", "calculatedOtherExpenses": 0, "calculatedOperatingExpenses": 130971000000, "calculatedNetInterest": -2137000000, "calculatedOtherIncome": -3027000000, "calculatedIncomeNonControlling": 759000000, "calculatedEbitda": 38865000000}, {"date": "2023-01-31", "symbol": "WMT", "reportedCurrency": "USD", "cik": "0000104169", "fillingDate": "2023-03-17", "acceptedDate": "2023-03-17 17:02:59", "calendarYear": "2023", "period": "FY", "revenue": 611289000000, "costOfRevenue": 463721000000, "grossProfit": 147568000000, "grossProfitRatio": 0.2414046384, "researchAndDevelopmentExpenses": 0, "generalAndAdministrativeExpenses": 123040000000, "sellingAndMarketingExpenses": 4100000000, "sellingGeneralAndAdministrativeExpenses": 127140000000, "otherExpenses": -1538000000, "operatingExpenses": 127140000000, "costAndExpenses": 590861000000, "interestIncome": 254000000, "interestExpense": 2128000000, "depreciationAndAmortization": 9661000000, "ebitda": 30089000000, "ebitdaratio": 0.0492222173, "operatingIncome": 20428000000, "operatingIncomeRatio": 0.0334179087, "totalOtherIncomeExpensesNet": -3412000000, "incomeBeforeTax": 17016000000, "incomeBeforeTaxRatio": 0.0278362608, "incomeTaxExpense": 5724000000, "netIncome": 11680000000, "netIncomeRatio": 0.0191071654, "eps": 1.43, "epsdiluted": 1.42, "weightedAverageShsOut": 8171999836, "weightedAverageShsOutDil": 8201999835, "link": "https://www.sec.gov/Archives/edgar/data/104169/000010416923000020/0000104169-23-000020-index.htm", "finalLink": "https://www.sec.gov/Archives/edgar/data/104169/000010416923000020/wmt-20230131.htm", "calculatedOtherExpenses": 0, "calculatedOperatingExpenses": 127140000000, "calculatedNetInterest": -1874000000, "calculatedOtherIncome": -1538000000, "calculatedIncomeNonControlling": -388000000, "calculatedEbitda": 30089000000}, {"date": "2022-01-31", "symbol": "WMT", "reportedCurrency": "USD", "cik": "0000104169", "fillingDate": "2022-03-18", "acceptedDate": "2022-03-18 17:03:00", "calendarYear": "2022", "period": "FY", "revenue": 572754000000, "costOfRevenue": 429000000000, "grossProfit": 143754000000, "grossProfitRatio": 0.2509873349, "researchAndDevelopmentExpenses": 0, "generalAndAdministrativeExpenses": 113912000000, "sellingAndMarketingExpenses": 3900000000, "sellingGeneralAndAdministrativeExpenses": 117812000000, "otherExpenses": -3000000000, "operatingExpenses": 117812000000, "costAndExpenses": 546812000000, "interestIncome": 158000000, "interestExpense": 1994000000, "depreciationAndAmortization": 7816000000, "ebitda": 33758000000, "ebitdaratio": 0.0589397892, "operatingIncome": 25942000000, "operatingIncomeRatio": 0.0452934419, "totalOtherIncomeExpensesNet": -7246000000, "incomeBeforeTax": 18696000000, "incomeBeforeTaxRatio": 0.0326422862, "incomeTaxExpense": 4756000000, "netIncome": 13673000000, "netIncomeRatio": 0.023872378, "eps": 1.63, "epsdiluted": 1.62, "weightedAverageShsOut": 8375999832, "weightedAverageShsOutDil": 8414999831, "link": "https://www.sec.gov/Archives/edgar/data/104169/000010416922000012/0000104169-22-000012-index.htm", "finalLink": "https://www.sec.gov/Archives/edgar/data/104169/000010416922000012/wmt-20220131.htm", "calculatedOtherExpenses": 0, "calculatedOperatingExpenses": 117812000000, "calculatedNetInterest": -1836000000, "calculatedOtherIncome": -5410000000, "calculatedIncomeNonControlling": 267000000, "calculatedEbitda": 33758000000}, {"date": "2021-01-31", "symbol": "WMT", "reportedCurrency": "USD", "cik": "0000104169", "fillingDate": "2021-03-19", "acceptedDate": "2021-03-19 16:40:44", "calendarYear": "2021", "period": "FY", "revenue": 559151000000, "costOfRevenue": 420315000000, "grossProfit": 138836000000, "grossProfitRatio": 0.2482978659, "researchAndDevelopmentExpenses": 0, "generalAndAdministrativeExpenses": 113088000000, "sellingAndMarketingExpenses": 3200000000, "sellingGeneralAndAdministrativeExpenses": 116288000000, "otherExpenses": 210000000, "operatingExpenses": 116288000000, "costAndExpenses": 536603000000, "interestIncome": 121000000, "interestExpense": 2315000000, "depreciationAndAmortization": 11483000000, "ebitda": 34031000000, "ebitdaratio": 0.0608619139, "operatingIncome": 22548000000, "operatingIncomeRatio": 0.0403254219, "totalOtherIncomeExpensesNet": -1984000000, "incomeBeforeTax": 20564000000, "incomeBeforeTaxRatio": 0.0367771854, "incomeTaxExpense": 6858000000, "netIncome": 13510000000, "netIncomeRatio": 0.0241616308, "eps": 1.59, "epsdiluted": 1.58, "weightedAverageShsOut": 8492999830, "weightedAverageShsOutDil": 8540999829, "link": "https://www.sec.gov/Archives/edgar/data/104169/000010416921000033/0000104169-21-000033-index.htm", "finalLink": "https://www.sec.gov/Archives/edgar/data/104169/000010416921000033/wmt-20210131.htm", "calculatedOtherExpenses": 0, "calculatedOperatingExpenses": 116288000000, "calculatedNetInterest": -2194000000, "calculatedOtherIncome": 210000000, "calculatedIncomeNonControlling": 196000000, "calculatedEbitda": 34031000000}, {"date": "2020-01-31", "symbol": "WMT", "reportedCurrency": "USD", "cik": "0000104169", "fillingDate": "2020-03-20", "acceptedDate": "2020-03-20 16:51:02", "calendarYear": "2020", "period": "FY", "revenue": 523964000000, "costOfRevenue": 394605000000, "grossProfit": 129359000000, "grossProfitRatio": 0.2468852822, "researchAndDevelopmentExpenses": 0, "generalAndAdministrativeExpenses": 105091000000, "sellingAndMarketingExpenses": 3700000000, "sellingGeneralAndAdministrativeExpenses": 108791000000, "otherExpenses": 1958000000, "operatingExpenses": 108791000000, "costAndExpenses": 503396000000, "interestIncome": 189000000, "interestExpense": 2599000000, "depreciationAndAmortization": 13134000000, "ebitda": 33702000000, "ebitdaratio": 0.0643212129, "operatingIncome": 20568000000, "operatingIncomeRatio": 0.0392546053, "totalOtherIncomeExpensesNet": -452000000, "incomeBeforeTax": 20116000000, "incomeBeforeTaxRatio": 0.0383919506, "incomeTaxExpense": 4915000000, "netIncome": 14881000000, "netIncomeRatio": 0.0284008062, "eps": 1.74, "epsdiluted": 1.73, "weightedAverageShsOut": 8549999829, "weightedAverageShsOutDil": 8603999827, "link": "https://www.sec.gov/Archives/edgar/data/104169/000010416920000011/0000104169-20-000011-index.htm", "finalLink": "https://www.sec.gov/Archives/edgar/data/104169/000010416920000011/wmtform10-kx1312020.htm", "calculatedOtherExpenses": 0, "calculatedOperatingExpenses": 108791000000, "calculatedNetInterest": -2410000000, "calculatedOtherIncome": 1958000000, "calculatedIncomeNonControlling": 320000000, "calculatedEbitda": 33702000000}, {"date": "2019-01-31", "symbol": "WMT", "reportedCurrency": "USD", "cik": "0000104169", "fillingDate": "2019-03-28", "acceptedDate": "2019-03-28 16:56:37", "calendarYear": "2019", "period": "FY", "revenue": 514405000000, "costOfRevenue": 385301000000, "grossProfit": 129104000000, "grossProfitRatio": 0.2509773428, "researchAndDevelopmentExpenses": 0, "generalAndAdministrativeExpenses": 103647000000, "sellingAndMarketingExpenses": 3500000000, "sellingGeneralAndAdministrativeExpenses": 107147000000, "otherExpenses": -8368000000, "operatingExpenses": 107147000000, "costAndExpenses": 492448000000, "interestIncome": 217000000, "interestExpense": 2346000000, "depreciationAndAmortization": 10678000000, "ebitda": 24484000000, "ebitdaratio": 0.047596738, "operatingIncome": 21957000000, "operatingIncomeRatio": 0.0426842663, "totalOtherIncomeExpensesNet": -8368000000, "incomeBeforeTax": 11460000000, "incomeBeforeTaxRatio": 0.022278166, "incomeTaxExpense": 4281000000, "netIncome": 6670000000, "netIncomeRatio": 0.012966437, "eps": 0.76, "epsdiluted": 0.75, "weightedAverageShsOut": 8786999824, "weightedAverageShsOutDil": 8835000000, "link": "https://www.sec.gov/Archives/edgar/data/104169/000010416919000016/0000104169-19-000016-index.htm", "finalLink": "https://www.sec.gov/Archives/edgar/data/104169/000010416919000016/wmtform10-kx1312019.htm", "calculatedOtherExpenses": 0, "calculatedOperatingExpenses": 107147000000, "calculatedNetInterest": -2129000000, "calculatedOtherIncome": -8368000000, "calculatedIncomeNonControlling": 509000000, "calculatedEbitda": 32635000000}, {"date": "2018-01-31", "symbol": "WMT", "reportedCurrency": "USD", "cik": "0000104169", "fillingDate": "2018-03-30", "acceptedDate": "2018-03-30 16:01:22", "calendarYear": "2018", "period": "FY", "revenue": 500343000000, "costOfRevenue": 373396000000, "grossProfit": 126947000000, "grossProfitRatio": 0.2537199481, "researchAndDevelopmentExpenses": 0, "generalAndAdministrativeExpenses": 103410000000, "sellingAndMarketingExpenses": 3100000000, "sellingGeneralAndAdministrativeExpenses": 106510000000, "otherExpenses": 0, "operatingExpenses": 106510000000, "costAndExpenses": 479906000000, "interestIncome": 152000000, "interestExpense": 2330000000, "depreciationAndAmortization": 10529000000, "ebitda": 31118000000, "ebitdaratio": 0.0621933354, "operatingIncome": 20437000000, "operatingIncomeRatio": 0.0408459797, "totalOtherIncomeExpensesNet": -3136000000, "incomeBeforeTax": 15123000000, "incomeBeforeTaxRatio": 0.0302252655, "incomeTaxExpense": 4600000000, "netIncome": 9862000000, "netIncomeRatio": 0.0197104786, "eps": 1.1, "epsdiluted": 1.09, "weightedAverageShsOut": 8985000000, "weightedAverageShsOutDil": 9030000000, "link": "https://www.sec.gov/Archives/edgar/data/104169/000010416918000028/0000104169-18-000028-index.htm", "finalLink": "https://www.sec.gov/Archives/edgar/data/104169/000010416918000028/wmtform10-kx1312018.htm", "calculatedOtherExpenses": 0, "calculatedOperatingExpenses": 106510000000, "calculatedNetInterest": -2178000000, "calculatedOtherIncome": -3136000000, "calculatedIncomeNonControlling": 661000000, "calculatedEbitda": 30966000000}, {"date": "2017-01-31", "symbol": "WMT", "reportedCurrency": "USD", "cik": "0000104169", "fillingDate": "2017-03-31", "acceptedDate": "2017-03-31 16:54:02", "calendarYear": "2017", "period": "FY", "revenue": 485873000000, "costOfRevenue": 361256000000, "grossProfit": 124617000000, "grossProfitRatio": 0.256480603, "researchAndDevelopmentExpenses": 0, "generalAndAdministrativeExpenses": 98953000000, "sellingAndMarketingExpenses": 2900000000, "sellingGeneralAndAdministrativeExpenses": 101853000000, "otherExpenses": 0, "operatingExpenses": 101853000000, "costAndExpenses": 463109000000, "interestIncome": 100000000, "interestExpense": 2367000000, "depreciationAndAmortization": 10080000000, "ebitda": 32944000000, "ebitdaratio": 0.0678037265, "operatingIncome": 22764000000, "operatingIncomeRatio": 0.0468517493, "totalOtherIncomeExpensesNet": -2267000000, "incomeBeforeTax": 20497000000, "incomeBeforeTaxRatio": 0.042185921, "incomeTaxExpense": 6204000000, "netIncome": 13643000000, "netIncomeRatio": 0.0280793541, "eps": 1.47, "epsdiluted": 1.46, "weightedAverageShsOut": 9303000000, "weightedAverageShsOutDil": 9336000000, "link": "https://www.sec.gov/Archives/edgar/data/104169/000010416917000021/0000104169-17-000021-index.htm", "finalLink": "https://www.sec.gov/Archives/edgar/data/104169/000010416917000021/wmtform10-kx1312017.htm", "calculatedOtherExpenses": 0, "calculatedOperatingExpenses": 101853000000, "calculatedNetInterest": -2267000000, "calculatedOtherIncome": 0, "calculatedIncomeNonControlling": 650000000, "calculatedEbitda": 32844000000}, {"date": "2016-01-31", "symbol": "WMT", "reportedCurrency": "USD", "cik": "0000104169", "fillingDate": "2016-03-30", "acceptedDate": "2016-03-30 17:18:29", "calendarYear": "2016", "period": "FY", "revenue": 482130000000, "costOfRevenue": 360984000000, "grossProfit": 121146000000, "grossProfitRatio": 0.2512724784, "researchAndDevelopmentExpenses": 0, "generalAndAdministrativeExpenses": 94541000000, "sellingAndMarketingExpenses": 2500000000, "sellingGeneralAndAdministrativeExpenses": 97041000000, "otherExpenses": 0, "operatingExpenses": 97041000000, "costAndExpenses": 458025000000, "interestIncome": 81000000, "interestExpense": 2548000000, "depreciationAndAmortization": 9454000000, "ebitda": 33640000000, "ebitdaratio": 0.0697737125, "operatingIncome": 24105000000, "operatingIncomeRatio": 0.0499968888, "totalOtherIncomeExpensesNet": -2467000000, "incomeBeforeTax": 21638000000, "incomeBeforeTaxRatio": 0.0448800116, "incomeTaxExpense": 6558000000, "netIncome": 14694000000, "netIncomeRatio": 0.0304772572, "eps": 1.53, "epsdiluted": 1.52, "weightedAverageShsOut": 9621000000, "weightedAverageShsOutDil": 9651000000, "link": "https://www.sec.gov/Archives/edgar/data/104169/000010416916000079/0000104169-16-000079-index.htm", "finalLink": "https://www.sec.gov/Archives/edgar/data/104169/000010416916000079/wmtform10-kx1312016.htm", "calculatedOtherExpenses": 0, "calculatedOperatingExpenses": 97041000000, "calculatedNetInterest": -2467000000, "calculatedOtherIncome": 0, "calculatedIncomeNonControlling": 386000000, "calculatedEbitda": 33559000000}, {"date": "2015-01-31", "symbol": "WMT", "reportedCurrency": "USD", "cik": "0000104169", "fillingDate": "2015-04-01", "acceptedDate": "2015-04-01 16:44:17", "calendarYear": "2015", "period": "FY", "revenue": 485651000000, "costOfRevenue": 365086000000, "grossProfit": 120565000000, "grossProfitRatio": 0.2482544049, "researchAndDevelopmentExpenses": 0, "generalAndAdministrativeExpenses": 91018000000, "sellingAndMarketingExpenses": 2400000000, "sellingGeneralAndAdministrativeExpenses": 93418000000, "otherExpenses": 0, "operatingExpenses": 93418000000, "costAndExpenses": 458504000000, "interestIncome": 113000000, "interestExpense": 2461000000, "depreciationAndAmortization": 9173000000, "ebitda": 36433000000, "ebitdaratio": 0.0750188922, "operatingIncome": 27147000000, "operatingIncomeRatio": 0.0558981656, "totalOtherIncomeExpensesNet": -2348000000, "incomeBeforeTax": 24799000000, "incomeBeforeTaxRatio": 0.051063418, "incomeTaxExpense": 7985000000, "netIncome": 16363000000, "netIncomeRatio": 0.0336929194, "eps": 1.66, "epsdiluted": 1.65, "weightedAverageShsOut": 9690000000, "weightedAverageShsOutDil": 9729000000, "link": "https://www.sec.gov/Archives/edgar/data/104169/000010416915000011/0000104169-15-000011-index.htm", "finalLink": "https://www.sec.gov/Archives/edgar/data/104169/000010416915000011/wmtform10-kx13115.htm", "calculatedOtherExpenses": 0, "calculatedOperatingExpenses": 93418000000, "calculatedNetInterest": -2348000000, "calculatedOtherIncome": 0, "calculatedIncomeNonControlling": 451000000, "calculatedEbitda": 36320000000}, {"date": "2014-01-31", "symbol": "WMT", "reportedCurrency": "USD", "cik": "0000104169", "fillingDate": "2014-03-21", "acceptedDate": "2014-03-21 17:10:49", "calendarYear": "2014", "period": "FY", "revenue": 476294000000, "costOfRevenue": 358069000000, "grossProfit": 118225000000, "grossProfitRatio": 0.2482185373, "researchAndDevelopmentExpenses": 0, "generalAndAdministrativeExpenses": 88953000000, "sellingAndMarketingExpenses": 2400000000, "sellingGeneralAndAdministrativeExpenses": 91353000000, "otherExpenses": 0, "operatingExpenses": 91353000000, "costAndExpenses": 449422000000, "interestIncome": 119000000, "interestExpense": 2335000000, "depreciationAndAmortization": 8870000000, "ebitda": 35861000000, "ebitdaratio": 0.0752917316, "operatingIncome": 26872000000, "operatingIncomeRatio": 0.0564189345, "totalOtherIncomeExpensesNet": -2216000000, "incomeBeforeTax": 24656000000, "incomeBeforeTaxRatio": 0.051766346, "incomeTaxExpense": 8105000000, "netIncome": 16022000000, "netIncomeRatio": 0.0336388869, "eps": 1.62, "epsdiluted": 1.61, "weightedAverageShsOut": 9807000000, "weightedAverageShsOutDil": 9849000000, "link": "https://www.sec.gov/Archives/edgar/data/104169/000010416914000019/0000104169-14-000019-index.htm", "finalLink": "https://www.sec.gov/Archives/edgar/data/104169/000010416914000019/wmtform10-kx13114.htm", "calculatedOtherExpenses": 0, "calculatedOperatingExpenses": 91353000000, "calculatedNetInterest": -2216000000, "calculatedOtherIncome": 0, "calculatedIncomeNonControlling": 529000000, "calculatedEbitda": 35742000000}, {"date": "2013-01-31", "symbol": "WMT", "reportedCurrency": "USD", "cik": "0000104169", "fillingDate": "2013-03-26", "acceptedDate": "2013-03-26 17:09:05", "calendarYear": "2013", "period": "FY", "revenue": 469162000000, "costOfRevenue": 352488000000, "grossProfit": 116674000000, "grossProfitRatio": 0.248685955, "researchAndDevelopmentExpenses": 0, "generalAndAdministrativeExpenses": 86573000000, "sellingAndMarketingExpenses": 2300000000, "sellingGeneralAndAdministrativeExpenses": 88873000000, "otherExpenses": 0, "operatingExpenses": 88873000000, "costAndExpenses": 441361000000, "interestIncome": 187000000, "interestExpense": 2251000000, "depreciationAndAmortization": 8501000000, "ebitda": 36489000000, "ebitdaratio": 0.0777748411, "operatingIncome": 27801000000, "operatingIncomeRatio": 0.0592567173, "totalOtherIncomeExpensesNet": -2064000000, "incomeBeforeTax": 25737000000, "incomeBeforeTaxRatio": 0.054857384, "incomeTaxExpense": 7981000000, "netIncome": 16999000000, "netIncomeRatio": 0.0362326872, "eps": 5.02, "epsdiluted": 5, "weightedAverageShsOut": 10122000000, "weightedAverageShsOutDil": 10167000000, "link": "https://www.sec.gov/Archives/edgar/data/104169/000010416913000011/0000104169-13-000011-index.htm", "finalLink": "https://www.sec.gov/Archives/edgar/data/104169/000010416913000011/wmt10-k.htm", "calculatedOtherExpenses": 0, "calculatedOperatingExpenses": 88873000000, "calculatedNetInterest": -2064000000, "calculatedOtherIncome": 0, "calculatedIncomeNonControlling": 757000000, "calculatedEbitda": 36302000000}, {"date": "2012-01-31", "symbol": "WMT", "reportedCurrency": "USD", "cik": "0000104169", "fillingDate": "2012-03-27", "acceptedDate": "2012-03-27 17:22:22", "calendarYear": "2012", "period": "FY", "revenue": 446950000000, "costOfRevenue": 335127000000, "grossProfit": 111823000000, "grossProfitRatio": 0.2501912966, "researchAndDevelopmentExpenses": 0, "generalAndAdministrativeExpenses": 0, "sellingAndMarketingExpenses": 0, "sellingGeneralAndAdministrativeExpenses": 85265000000, "otherExpenses": 0, "operatingExpenses": 85265000000, "costAndExpenses": 420392000000, "interestIncome": 162000000, "interestExpense": 2322000000, "depreciationAndAmortization": 8130000000, "ebitda": 34850000000, "ebitdaratio": 0.0779729276, "operatingIncome": 26558000000, "operatingIncomeRatio": 0.0594205168, "totalOtherIncomeExpensesNet": -2160000000, "incomeBeforeTax": 24398000000, "incomeBeforeTaxRatio": 0.0545877615, "incomeTaxExpense": 7944000000, "netIncome": 15699000000, "netIncomeRatio": 0.0351247343, "eps": 1.51, "epsdiluted": 1.51, "weightedAverageShsOut": 10380000000, "weightedAverageShsOutDil": 10422000000, "link": "https://www.sec.gov/Archives/edgar/data/104169/000119312512134679/0001193125-12-134679-index.htm", "finalLink": "https://www.sec.gov/Archives/edgar/data/104169/000119312512134679/d270972d10k.htm", "calculatedOtherExpenses": 0, "calculatedOperatingExpenses": 85265000000, "calculatedNetInterest": -2160000000, "calculatedOtherIncome": 0, "calculatedIncomeNonControlling": 755000000, "calculatedEbitda": 34688000000}, {"date": "2011-01-31", "symbol": "WMT", "reportedCurrency": "USD", "cik": "0000104169", "fillingDate": "2011-03-30", "acceptedDate": "2011-03-30 17:31:04", "calendarYear": "2011", "period": "FY", "revenue": 421849000000, "costOfRevenue": 315287000000, "grossProfit": 106562000000, "grossProfitRatio": 0.2526069755, "researchAndDevelopmentExpenses": 0, "generalAndAdministrativeExpenses": 0, "sellingAndMarketingExpenses": 0, "sellingGeneralAndAdministrativeExpenses": 81020000000, "otherExpenses": 0, "operatingExpenses": 81020000000, "costAndExpenses": 396307000000, "interestIncome": 201000000, "interestExpense": 2205000000, "depreciationAndAmortization": 7641000000, "ebitda": 33384000000, "ebitdaratio": 0.0791373216, "operatingIncome": 25542000000, "operatingIncomeRatio": 0.0605477315, "totalOtherIncomeExpensesNet": -2004000000, "incomeBeforeTax": 23538000000, "incomeBeforeTaxRatio": 0.0557972165, "incomeTaxExpense": 7579000000, "netIncome": 16389000000, "netIncomeRatio": 0.0388503943, "eps": 1.49, "epsdiluted": 1.49, "weightedAverageShsOut": 10968000000, "weightedAverageShsOutDil": 11010000000, "link": "https://www.sec.gov/Archives/edgar/data/104169/000119312511083157/0001193125-11-083157-index.htm", "finalLink": "https://www.sec.gov/Archives/edgar/data/104169/000119312511083157/d10k.htm", "calculatedOtherExpenses": 0, "calculatedOperatingExpenses": 81020000000, "calculatedNetInterest": -2004000000, "calculatedOtherIncome": 0, "calculatedIncomeNonControlling": -430000000, "calculatedEbitda": 33183000000}, {"date": "2010-01-31", "symbol": "WMT", "reportedCurrency": "USD", "cik": "0000104169", "fillingDate": "2010-03-30", "acceptedDate": "2010-03-30 17:07:58", "calendarYear": "2010", "period": "FY", "revenue": 408214000000, "costOfRevenue": 304657000000, "grossProfit": 103557000000, "grossProfitRatio": 0.2536831172, "researchAndDevelopmentExpenses": 0, "generalAndAdministrativeExpenses": 0, "sellingAndMarketingExpenses": 0, "sellingGeneralAndAdministrativeExpenses": 79607000000, "otherExpenses": 0, "operatingExpenses": 79607000000, "costAndExpenses": 384264000000, "interestIncome": 181000000, "interestExpense": 2065000000, "depreciationAndAmortization": 7157000000, "ebitda": 31288000000, "ebitdaratio": 0.0766460729, "operatingIncome": 23950000000, "operatingIncomeRatio": 0.0586702073, "totalOtherIncomeExpensesNet": -1884000000, "incomeBeforeTax": 22066000000, "incomeBeforeTaxRatio": 0.054054981, "incomeTaxExpense": 7139000000, "netIncome": 14335000000, "netIncomeRatio": 0.035116385, "eps": 1.24, "epsdiluted": 1.23, "weightedAverageShsOut": 11598000000, "weightedAverageShsOutDil": 11631000000, "link": "https://www.sec.gov/Archives/edgar/data/104169/000119312510071652/0001193125-10-071652-index.htm", "finalLink": "https://www.sec.gov/Archives/edgar/data/104169/000119312510071652/d10k.htm", "calculatedOtherExpenses": 0, "calculatedOperatingExpenses": 79607000000, "calculatedNetInterest": -1884000000, "calculatedOtherIncome": 0, "calculatedIncomeNonControlling": 592000000, "calculatedEbitda": 31107000000}, {"date": "2009-01-31", "symbol": "WMT", "reportedCurrency": "USD", "cik": "0000104169", "fillingDate": "2009-01-31", "acceptedDate": "2009-01-30 19:00:00", "calendarYear": "2009", "period": "FY", "revenue": 405607000000, "costOfRevenue": 306158000000, "grossProfit": 99449000000, "grossProfitRatio": 0.2451856107, "researchAndDevelopmentExpenses": 0, "generalAndAdministrativeExpenses": 0, "sellingAndMarketingExpenses": 0, "sellingGeneralAndAdministrativeExpenses": 76651000000, "otherExpenses": 0, "operatingExpenses": 76651000000, "costAndExpenses": 382809000000, "interestIncome": 284000000, "interestExpense": 2184000000, "depreciationAndAmortization": 6739000000, "ebitda": 29821000000, "ebitdaratio": 0.0735219067, "operatingIncome": 22798000000, "operatingIncomeRatio": 0.0562071167, "totalOtherIncomeExpensesNet": 4363000000, "incomeBeforeTax": 20898000000, "incomeBeforeTaxRatio": 0.0515227794, "incomeTaxExpense": 7145000000, "netIncome": 13400000000, "netIncomeRatio": 0.0330369052, "eps": 1.13, "epsdiluted": 1.13, "weightedAverageShsOut": 11817000000, "weightedAverageShsOutDil": 11853000000, "link": "", "finalLink": "", "calculatedOtherExpenses": 0, "calculatedOperatingExpenses": 76651000000, "calculatedNetInterest": -1900000000, "calculatedOtherIncome": 0, "calculatedIncomeNonControlling": 353000000, "calculatedEbitda": 29537000000}, {"date": "2008-01-31", "symbol": "WMT", "reportedCurrency": "USD", "cik": "0000104169", "fillingDate": "2008-03-31", "acceptedDate": "2008-03-31 16:12:49", "calendarYear": "2008", "period": "FY", "revenue": 378799000000, "costOfRevenue": 286515000000, "grossProfit": 92284000000, "grossProfitRatio": 0.2436226072, "researchAndDevelopmentExpenses": 0, "generalAndAdministrativeExpenses": 0, "sellingAndMarketingExpenses": 0, "sellingGeneralAndAdministrativeExpenses": 70288000000, "otherExpenses": 0, "operatingExpenses": 70288000000, "costAndExpenses": 356803000000, "interestIncome": 305000000, "interestExpense": 2103000000, "depreciationAndAmortization": 6317000000, "ebitda": 28618000000, "ebitdaratio": 0.0755493019, "operatingIncome": 21996000000, "operatingIncomeRatio": 0.0580677351, "totalOtherIncomeExpensesNet": 4273000000, "incomeBeforeTax": 20198000000, "incomeBeforeTaxRatio": 0.0533211545, "incomeTaxExpense": 6908000000, "netIncome": 12731000000, "netIncomeRatio": 0.0336088532, "eps": 1.04, "epsdiluted": 1.04, "weightedAverageShsOut": 12198000000, "weightedAverageShsOutDil": 12216000000, "link": "https://www.sec.gov/Archives/edgar/data/104169/000119312508071085/0001193125-08-071085-index.htm", "finalLink": "https://www.sec.gov/Archives/edgar/data/104169/000119312508071085/d10k.htm", "calculatedOtherExpenses": 0, "calculatedOperatingExpenses": 70288000000, "calculatedNetInterest": -1798000000, "calculatedOtherIncome": 0, "calculatedIncomeNonControlling": 559000000, "calculatedEbitda": 28313000000}, {"date": "2007-01-31", "symbol": "WMT", "reportedCurrency": "USD", "cik": "0000104169", "fillingDate": "2007-03-27", "acceptedDate": "2007-03-27 16:40:54", "calendarYear": "2007", "period": "FY", "revenue": 348650000000, "costOfRevenue": 264152000000, "grossProfit": 84498000000, "grossProfitRatio": 0.2423576653, "researchAndDevelopmentExpenses": 0, "generalAndAdministrativeExpenses": 0, "sellingAndMarketingExpenses": 0, "sellingGeneralAndAdministrativeExpenses": 64001000000, "otherExpenses": 0, "operatingExpenses": 64001000000, "costAndExpenses": 328153000000, "interestIncome": 280000000, "interestExpense": 1809000000, "depreciationAndAmortization": 5459000000, "ebitda": 26236000000, "ebitdaratio": 0.075250251, "operatingIncome": 20497000000, "operatingIncomeRatio": 0.0587896171, "totalOtherIncomeExpensesNet": 3658000000, "incomeBeforeTax": 18968000000, "incomeBeforeTaxRatio": 0.0544041302, "incomeTaxExpense": 6365000000, "netIncome": 11284000000, "netIncomeRatio": 0.0323648358, "eps": 0.9, "epsdiluted": 0.9, "weightedAverageShsOut": 12492000000, "weightedAverageShsOutDil": 12504000000, "link": "https://www.sec.gov/Archives/edgar/data/104169/000119312507065603/0001193125-07-065603-index.htm", "finalLink": "https://www.sec.gov/Archives/edgar/data/104169/000119312507065603/d10k.htm", "calculatedOtherExpenses": 0, "calculatedOperatingExpenses": 64001000000, "calculatedNetInterest": -1529000000, "calculatedOtherIncome": 0, "calculatedIncomeNonControlling": 1319000000, "calculatedEbitda": 25956000000}, {"date": "2006-01-31", "symbol": "WMT", "reportedCurrency": "USD", "cik": "0000104169", "fillingDate": "2006-03-29", "acceptedDate": "2006-03-29 16:14:06", "calendarYear": "2006", "period": "FY", "revenue": 315654000000, "costOfRevenue": 240391000000, "grossProfit": 75263000000, "grossProfitRatio": 0.238435122, "researchAndDevelopmentExpenses": 0, "generalAndAdministrativeExpenses": 0, "sellingAndMarketingExpenses": 0, "sellingGeneralAndAdministrativeExpenses": 56733000000, "otherExpenses": 0, "operatingExpenses": 56733000000, "costAndExpenses": 297124000000, "interestIncome": 248000000, "interestExpense": 1420000000, "depreciationAndAmortization": 4717000000, "ebitda": 23495000000, "ebitdaratio": 0.074432765, "operatingIncome": 18530000000, "operatingIncomeRatio": 0.0587035171, "totalOtherIncomeExpensesNet": 3227000000, "incomeBeforeTax": 17358000000, "incomeBeforeTaxRatio": 0.054990591, "incomeTaxExpense": 5803000000, "netIncome": 11231000000, "netIncomeRatio": 0.0355800972, "eps": 0.9, "epsdiluted": 0.89, "weightedAverageShsOut": 12549000000, "weightedAverageShsOutDil": 12564000000, "link": "https://www.sec.gov/Archives/edgar/data/104169/000119312506066792/0001193125-06-066792-index.htm", "finalLink": "https://www.sec.gov/Archives/edgar/data/104169/000119312506066792/d10k.htm", "calculatedOtherExpenses": 0, "calculatedOperatingExpenses": 56733000000, "calculatedNetInterest": -1172000000, "calculatedOtherIncome": 0, "calculatedIncomeNonControlling": 324000000, "calculatedEbitda": 23247000000}, {"date": "2005-01-31", "symbol": "WMT", "reportedCurrency": "USD", "cik": "0000104169", "fillingDate": "2005-03-31", "acceptedDate": "2005-03-31 15:34:03", "calendarYear": "2005", "period": "FY", "revenue": 287989000000, "costOfRevenue": 219793000000, "grossProfit": 68196000000, "grossProfitRatio": 0.2368007111, "researchAndDevelopmentExpenses": 0, "generalAndAdministrativeExpenses": 0, "sellingAndMarketingExpenses": 0, "sellingGeneralAndAdministrativeExpenses": 51105000000, "otherExpenses": 0, "operatingExpenses": 51105000000, "costAndExpenses": 270898000000, "interestIncome": 201000000, "interestExpense": 1187000000, "depreciationAndAmortization": 4405000000, "ebitda": 21697000000, "ebitdaratio": 0.0753396831, "operatingIncome": 17091000000, "operatingIncomeRatio": 0.0593460167, "totalOtherIncomeExpensesNet": 2767000000, "incomeBeforeTax": 16105000000, "incomeBeforeTaxRatio": 0.0559222748, "incomeTaxExpense": 5589000000, "netIncome": 10267000000, "netIncomeRatio": 0.0356506672, "eps": 0.8, "epsdiluted": 0.8, "weightedAverageShsOut": 12777000000, "weightedAverageShsOutDil": 12798000000, "link": "https://www.sec.gov/Archives/edgar/data/104169/000119312505066992/0001193125-05-066992-index.htm", "finalLink": "https://www.sec.gov/Archives/edgar/data/104169/000119312505066992/d10k.htm", "calculatedOtherExpenses": 0, "calculatedOperatingExpenses": 51105000000, "calculatedNetInterest": -986000000, "calculatedOtherIncome": 0, "calculatedIncomeNonControlling": 249000000, "calculatedEbitda": 21496000000}, {"date": "2004-01-31", "symbol": "WMT", "reportedCurrency": "USD", "cik": "0000104169", "fillingDate": "2004-04-09", "acceptedDate": "2004-04-09 16:05:14", "calendarYear": "2004", "period": "FY", "revenue": 258681000000, "costOfRevenue": 198747000000, "grossProfit": 59934000000, "grossProfitRatio": 0.2316907697, "researchAndDevelopmentExpenses": 0, "generalAndAdministrativeExpenses": 0, "sellingAndMarketingExpenses": 0, "sellingGeneralAndAdministrativeExpenses": 44909000000, "otherExpenses": 0, "operatingExpenses": 44909000000, "costAndExpenses": 243656000000, "interestIncome": 164000000, "interestExpense": 996000000, "depreciationAndAmortization": 3852000000, "ebitda": 19041000000, "ebitdaratio": 0.0736080346, "operatingIncome": 15025000000, "operatingIncomeRatio": 0.0580831217, "totalOtherIncomeExpensesNet": 2352000000, "incomeBeforeTax": 14193000000, "incomeBeforeTaxRatio": 0.0548668051, "incomeTaxExpense": 5118000000, "netIncome": 9054000000, "netIncomeRatio": 0.0350006379, "eps": 0.69, "epsdiluted": 0.69, "weightedAverageShsOut": 13089000000, "weightedAverageShsOutDil": 13119000000, "link": "https://www.sec.gov/Archives/edgar/data/104169/000119312504059900/0001193125-04-059900-index.htm", "finalLink": "https://www.sec.gov/Archives/edgar/data/104169/000119312504059900/d10k.htm", "calculatedOtherExpenses": 0, "calculatedOperatingExpenses": 44909000000, "calculatedNetInterest": -832000000, "calculatedOtherIncome": 0, "calculatedIncomeNonControlling": 21000000, "calculatedEbitda": 18877000000}, {"date": "2003-01-31", "symbol": "WMT", "reportedCurrency": "USD", "cik": "0000104169", "fillingDate": "2003-04-15", "acceptedDate": "2003-04-15 17:15:44", "calendarYear": "2003", "period": "FY", "revenue": 246525000000, "costOfRevenue": 191838000000, "grossProfit": 54687000000, "grossProfitRatio": 0.2218314573, "researchAndDevelopmentExpenses": 0, "generalAndAdministrativeExpenses": 0, "sellingAndMarketingExpenses": 0, "sellingGeneralAndAdministrativeExpenses": 41043000000, "otherExpenses": 0, "operatingExpenses": 41043000000, "costAndExpenses": 232881000000, "interestIncome": 138000000, "interestExpense": 1063000000, "depreciationAndAmortization": 3432000000, "ebitda": 17214000000, "ebitdaratio": 0.0698265896, "operatingIncome": 13644000000, "operatingIncomeRatio": 0.0553452997, "totalOtherIncomeExpensesNet": 2001000000, "incomeBeforeTax": 12719000000, "incomeBeforeTaxRatio": 0.0515931447, "incomeTaxExpense": 4487000000, "netIncome": 8039000000, "netIncomeRatio": 0.0326092688, "eps": 0.61, "epsdiluted": 0.6, "weightedAverageShsOut": 13290000000, "weightedAverageShsOutDil": 13338000000, "link": "https://www.sec.gov/Archives/edgar/data/104169/000010416903000005/0000104169-03-000005-index.htm", "finalLink": "https://www.sec.gov/Archives/edgar/data/104169/000010416903000005/final10-k.htm", "calculatedOtherExpenses": 0, "calculatedOperatingExpenses": 41043000000, "calculatedNetInterest": -925000000, "calculatedOtherIncome": 0, "calculatedIncomeNonControlling": 193000000, "calculatedEbitda": 17076000000}, {"date": "2002-01-31", "symbol": "WMT", "reportedCurrency": "USD", "cik": "0000104169", "fillingDate": "2002-04-15", "acceptedDate": "2002-04-15 00:00:00", "calendarYear": "2002", "period": "FY", "revenue": 219812000000, "costOfRevenue": 171562000000, "grossProfit": 48250000000, "grossProfitRatio": 0.2195057595, "researchAndDevelopmentExpenses": 0, "generalAndAdministrativeExpenses": 0, "sellingAndMarketingExpenses": 0, "sellingGeneralAndAdministrativeExpenses": 36173000000, "otherExpenses": 0, "operatingExpenses": 36173000000, "costAndExpenses": 207735000000, "interestIncome": 0, "interestExpense": 1326000000, "depreciationAndAmortization": 3290000000, "ebitda": 15367000000, "ebitdaratio": 0.0699097411, "operatingIncome": 12077000000, "operatingIncomeRatio": 0.0549424053, "totalOtherIncomeExpensesNet": 2013000000, "incomeBeforeTax": 10751000000, "incomeBeforeTaxRatio": 0.0489099776, "incomeTaxExpense": 3897000000, "netIncome": 6671000000, "netIncomeRatio": 0.0303486616, "eps": 0.5, "epsdiluted": 0.5, "weightedAverageShsOut": 13395000000, "weightedAverageShsOutDil": 13443000000, "link": "https://www.sec.gov/Archives/edgar/data/104169/000010416902000004/0000104169-02-000004-index.htm", "finalLink": "https://www.sec.gov/Archives/edgar/data/104169/000010416902000004/final10-k.htm", "calculatedOtherExpenses": 0, "calculatedOperatingExpenses": 36173000000, "calculatedNetInterest": -1326000000, "calculatedOtherIncome": 0, "calculatedIncomeNonControlling": 183000000, "calculatedEbitda": 15367000000}, {"date": "2001-01-31", "symbol": "WMT", "reportedCurrency": "USD", "cik": "0000104169", "fillingDate": "2001-04-10", "acceptedDate": "2001-04-10 00:00:00", "calendarYear": "2001", "period": "FY", "revenue": 193295000000, "costOfRevenue": 150255000000, "grossProfit": 43040000000, "grossProfitRatio": 0.2226648387, "researchAndDevelopmentExpenses": 0, "generalAndAdministrativeExpenses": 0, "sellingAndMarketingExpenses": 0, "sellingGeneralAndAdministrativeExpenses": 31550000000, "otherExpenses": 0, "operatingExpenses": 31550000000, "costAndExpenses": 181805000000, "interestIncome": 0, "interestExpense": 1374000000, "depreciationAndAmortization": 2868000000, "ebitda": 14358000000, "ebitdaratio": 0.0742802452, "operatingIncome": 9524000000, "operatingIncomeRatio": 0.0492718384, "totalOtherIncomeExpensesNet": 1966000000, "incomeBeforeTax": 10116000000, "incomeBeforeTaxRatio": 0.0523345146, "incomeTaxExpense": 3692000000, "netIncome": 6295000000, "netIncomeRatio": 0.032566802, "eps": 0.47, "epsdiluted": 0.47, "weightedAverageShsOut": 13395000000, "weightedAverageShsOutDil": 13452000000, "link": "https://www.sec.gov/Archives/edgar/data/104169/000102140801500118/0001021408-01-500118-index.htm", "finalLink": "https://www.sec.gov/Archives/edgar/data/104169/000102140801500118/d10k.htm", "calculatedOtherExpenses": 1966000000, "calculatedOperatingExpenses": 33516000000, "calculatedNetInterest": -1374000000, "calculatedOtherIncome": 1966000000, "calculatedIncomeNonControlling": 129000000, "calculatedEbitda": 12392000000}, {"date": "2000-01-31", "symbol": "WMT", "reportedCurrency": "USD", "cik": "0000104169", "fillingDate": "2000-04-17", "acceptedDate": "2000-04-17 00:00:00", "calendarYear": "2000", "period": "FY", "revenue": 166809000000, "costOfRevenue": 129664000000, "grossProfit": 37145000000, "grossProfitRatio": 0.2226798314, "researchAndDevelopmentExpenses": 0, "generalAndAdministrativeExpenses": 0, "sellingAndMarketingExpenses": 0, "sellingGeneralAndAdministrativeExpenses": 27040000000, "otherExpenses": 0, "operatingExpenses": 27040000000, "costAndExpenses": 156704000000, "interestIncome": 0, "interestExpense": 1022000000, "depreciationAndAmortization": 2375000000, "ebitda": 12480000000, "ebitdaratio": 0.074816107, "operatingIncome": 8309000000, "operatingIncomeRatio": 0.049811461, "totalOtherIncomeExpensesNet": 1796000000, "incomeBeforeTax": 9083000000, "incomeBeforeTaxRatio": 0.0544514984, "incomeTaxExpense": 3338000000, "netIncome": 5575000000, "netIncomeRatio": 0.0334214581, "eps": 0.42, "epsdiluted": 0.42, "weightedAverageShsOut": 13353000000, "weightedAverageShsOutDil": 13422000000, "link": "https://www.sec.gov/Archives/edgar/data/104169/000010416900000002/0000104169-00-000002-index.html", "finalLink": "https://www.sec.gov/Archives/edgar/data/104169/000010416900000002/0000104169-00-000002-d1.html", "calculatedOtherExpenses": 1796000000, "calculatedOperatingExpenses": 28836000000, "calculatedNetInterest": -1022000000, "calculatedOtherIncome": 1796000000, "calculatedIncomeNonControlling": 170000000, "calculatedEbitda": 10684000000}, {"date": "1999-01-31", "symbol": "WMT", "reportedCurrency": "USD", "cik": "0000104169", "fillingDate": "1999-04-19", "acceptedDate": "1999-04-19 00:00:00", "calendarYear": "1999", "period": "FY", "revenue": 139208000000, "costOfRevenue": 108725000000, "grossProfit": 30483000000, "grossProfitRatio": 0.2189744842, "researchAndDevelopmentExpenses": 0, "generalAndAdministrativeExpenses": 0, "sellingAndMarketingExpenses": 0, "sellingGeneralAndAdministrativeExpenses": 22363000000, "otherExpenses": 0, "operatingExpenses": 22363000000, "costAndExpenses": 131088000000, "interestIncome": 0, "interestExpense": 797000000, "depreciationAndAmortization": 1872000000, "ebitda": 9992000000, "ebitdaratio": 0.0717774841, "operatingIncome": 6546000000, "operatingIncomeRatio": 0.0470231596, "totalOtherIncomeExpensesNet": 1574000000, "incomeBeforeTax": 7323000000, "incomeBeforeTaxRatio": 0.0526047354, "incomeTaxExpense": 2740000000, "netIncome": 4430000000, "netIncomeRatio": 0.0318228837, "eps": 0.33, "epsdiluted": 0.33, "weightedAverageShsOut": 13392000000, "weightedAverageShsOutDil": 13455000000, "link": "https://www.sec.gov/Archives/edgar/data/104169/000010416999000002/0000104169-99-000002-index.html", "finalLink": "https://www.sec.gov/Archives/edgar/data/104169/", "calculatedOtherExpenses": 1574000000, "calculatedOperatingExpenses": 23937000000, "calculatedNetInterest": -797000000, "calculatedOtherIncome": 1574000000, "calculatedIncomeNonControlling": 153000000, "calculatedEbitda": 8418000000}, {"date": "1998-01-31", "symbol": "WMT", "reportedCurrency": "USD", "cik": "0000104169", "fillingDate": "1998-04-23", "acceptedDate": "1998-04-23 00:00:00", "calendarYear": "1998", "period": "FY", "revenue": 119299000000, "costOfRevenue": 93438000000, "grossProfit": 25861000000, "grossProfitRatio": 0.2167746586, "researchAndDevelopmentExpenses": 0, "generalAndAdministrativeExpenses": 0, "sellingAndMarketingExpenses": 0, "sellingGeneralAndAdministrativeExpenses": 19358000000, "otherExpenses": 0, "operatingExpenses": 19358000000, "costAndExpenses": 112796000000, "interestIncome": 0, "interestExpense": 784000000, "depreciationAndAmortization": 1634000000, "ebitda": 8137000000, "ebitdaratio": 0.0682067746, "operatingIncome": 5162000000, "operatingIncomeRatio": 0.0432694323, "totalOtherIncomeExpensesNet": 1341000000, "incomeBeforeTax": 5719000000, "incomeBeforeTaxRatio": 0.0479383733, "incomeTaxExpense": 2115000000, "netIncome": 3526000000, "netIncomeRatio": 0.0295559896, "eps": 0.26, "epsdiluted": 0.26, "weightedAverageShsOut": 13548000000, "weightedAverageShsOutDil": 13599000000, "link": "https://www.sec.gov/Archives/edgar/data/104169/000010416998000003/0000104169-98-000003-index.html", "finalLink": "https://www.sec.gov/Archives/edgar/data/104169/", "calculatedOtherExpenses": 1341000000, "calculatedOperatingExpenses": 20699000000, "calculatedNetInterest": -784000000, "calculatedOtherIncome": 1341000000, "calculatedIncomeNonControlling": 78000000, "calculatedEbitda": 6796000000}, {"date": "1997-01-31", "symbol": "WMT", "reportedCurrency": "USD", "cik": "0000104169", "fillingDate": "1997-04-21", "acceptedDate": "1997-04-21 00:00:00", "calendarYear": "1997", "period": "FY", "revenue": 106146000000, "costOfRevenue": 83663000000, "grossProfit": 22483000000, "grossProfitRatio": 0.2118120325, "researchAndDevelopmentExpenses": 0, "generalAndAdministrativeExpenses": 0, "sellingAndMarketingExpenses": 0, "sellingGeneralAndAdministrativeExpenses": 16788000000, "otherExpenses": 0, "operatingExpenses": 16788000000, "costAndExpenses": 100451000000, "interestIncome": 0, "interestExpense": 845000000, "depreciationAndAmortization": 1463000000, "ebitda": 7158000000, "ebitdaratio": 0.0674354191, "operatingIncome": 4408000000, "operatingIncomeRatio": 0.0415277071, "totalOtherIncomeExpensesNet": 1287000000, "incomeBeforeTax": 4850000000, "incomeBeforeTaxRatio": 0.045691783, "incomeTaxExpense": 1794000000, "netIncome": 3056000000, "netIncomeRatio": 0.0287905338, "eps": 0.22, "epsdiluted": 0.22, "weightedAverageShsOut": 13755000000, "weightedAverageShsOutDil": 13776000000, "link": "https://www.sec.gov/Archives/edgar/data/104169/000010416997000003/0000104169-97-000003-index.html", "finalLink": "https://www.sec.gov/Archives/edgar/data/104169/", "calculatedOtherExpenses": 1287000000, "calculatedOperatingExpenses": 18075000000, "calculatedNetInterest": -845000000, "calculatedOtherIncome": 1287000000, "calculatedIncomeNonControlling": 0, "calculatedEbitda": 5871000000}, {"date": "1996-01-31", "symbol": "WMT", "reportedCurrency": "USD", "cik": "0000104169", "fillingDate": "1996-04-23", "acceptedDate": "1996-04-23 00:00:00", "calendarYear": "1996", "period": "FY", "revenue": 94749000000, "costOfRevenue": 74564000000, "grossProfit": 20185000000, "grossProfitRatio": 0.2130365492, "researchAndDevelopmentExpenses": 0, "generalAndAdministrativeExpenses": 0, "sellingAndMarketingExpenses": 0, "sellingGeneralAndAdministrativeExpenses": 14951000000, "otherExpenses": 0, "operatingExpenses": 14951000000, "costAndExpenses": 89515000000, "interestIncome": 0, "interestExpense": 888000000, "depreciationAndAmortization": 1304000000, "ebitda": 6538000000, "ebitdaratio": 0.0690033668, "operatingIncome": 4112000000, "operatingIncomeRatio": 0.0433988749, "totalOtherIncomeExpensesNet": 1122000000, "incomeBeforeTax": 4346000000, "incomeBeforeTaxRatio": 0.045868558, "incomeTaxExpense": 1606000000, "netIncome": 2740000000, "netIncomeRatio": 0.028918511, "eps": 0.2, "epsdiluted": 0.2, "weightedAverageShsOut": 13776000000, "weightedAverageShsOutDil": 13794000000, "link": "https://www.sec.gov/Archives/edgar/data/104169/000010416996000002/0000104169-96-000002-index.html", "finalLink": "https://www.sec.gov/Archives/edgar/data/104169/", "calculatedOtherExpenses": 1122000000, "calculatedOperatingExpenses": 16073000000, "calculatedNetInterest": -888000000, "calculatedOtherIncome": 1122000000, "calculatedIncomeNonControlling": 0, "calculatedEbitda": 5416000000}, {"date": "1995-01-31", "symbol": "WMT", "reportedCurrency": "USD", "cik": "0000104169", "fillingDate": "1995-04-27", "acceptedDate": "1995-04-27 00:00:00", "calendarYear": "1995", "period": "FY", "revenue": 83412000000, "costOfRevenue": 65586000000, "grossProfit": 17826000000, "grossProfitRatio": 0.2137102575, "researchAndDevelopmentExpenses": 0, "generalAndAdministrativeExpenses": 0, "sellingAndMarketingExpenses": 0, "sellingGeneralAndAdministrativeExpenses": 12858000000, "otherExpenses": 0, "operatingExpenses": 12858000000, "costAndExpenses": 78444000000, "interestIncome": 0, "interestExpense": 706000000, "depreciationAndAmortization": 1070000000, "ebitda": 6038000000, "ebitdaratio": 0.072387666, "operatingIncome": 4050000000, "operatingIncomeRatio": 0.0485541649, "totalOtherIncomeExpensesNet": 918000000, "incomeBeforeTax": 4262000000, "incomeBeforeTaxRatio": 0.0510957656, "incomeTaxExpense": 1581000000, "netIncome": 2681000000, "netIncomeRatio": 0.0321416583, "eps": 0.2, "epsdiluted": 0.2, "weightedAverageShsOut": 13748717949, "weightedAverageShsOutDil": 13748717949, "link": "https://www.sec.gov/Archives/edgar/data/104169/000010416995000004/0000104169-95-000004-index.html", "finalLink": "https://www.sec.gov/Archives/edgar/data/104169/", "calculatedOtherExpenses": 918000000, "calculatedOperatingExpenses": 13776000000, "calculatedNetInterest": -706000000, "calculatedOtherIncome": 918000000, "calculatedIncomeNonControlling": 0, "calculatedEbitda": 5120000000}, {"date": "1994-01-31", "symbol": "WMT", "reportedCurrency": "USD", "cik": "0000104169", "fillingDate": "1994-01-31", "acceptedDate": "1994-01-30 19:00:00", "calendarYear": "1994", "period": "FY", "revenue": 67344600000, "costOfRevenue": 52595200000, "grossProfit": 14749400000, "grossProfitRatio": 0.2190138482, "researchAndDevelopmentExpenses": 0, "generalAndAdministrativeExpenses": 0, "sellingAndMarketingExpenses": 0, "sellingGeneralAndAdministrativeExpenses": 10333200000, "otherExpenses": 848700000, "operatingExpenses": 11181900000, "costAndExpenses": 63777100000, "interestIncome": 0, "interestExpense": 0, "depreciationAndAmortization": 848700000, "ebitda": 3775200000, "ebitdaratio": 0.0560579467, "operatingIncome": 3567500000, "operatingIncomeRatio": 0.0529738093, "totalOtherIncomeExpensesNet": 641000000, "incomeBeforeTax": 3691600000, "incomeBeforeTaxRatio": 0.0548165703, "incomeTaxExpense": 1358300000, "netIncome": 2333300000, "netIncomeRatio": 0.0346471729, "eps": 0.17, "epsdiluted": 0.17, "weightedAverageShsOut": 13723529412, "weightedAverageShsOutDil": 13723529412, "link": "", "finalLink": "", "calculatedOtherExpenses": 848700000, "calculatedOperatingExpenses": 11181900000, "calculatedNetInterest": 0, "calculatedOtherIncome": 124100000, "calculatedIncomeNonControlling": 0, "calculatedEbitda": 4416200000}, {"date": "1993-01-31", "symbol": "WMT", "reportedCurrency": "USD", "cik": "0000104169", "fillingDate": "1993-01-31", "acceptedDate": "1993-01-30 19:00:00", "calendarYear": "1993", "period": "FY", "revenue": 55483800000, "costOfRevenue": 43525500000, "grossProfit": 11958300000, "grossProfitRatio": 0.2155277757, "researchAndDevelopmentExpenses": 0, "generalAndAdministrativeExpenses": 0, "sellingAndMarketingExpenses": 0, "sellingGeneralAndAdministrativeExpenses": 8320800000, "otherExpenses": 649100000, "operatingExpenses": 8969900000, "costAndExpenses": 52495400000, "interestIncome": 0, "interestExpense": 0, "depreciationAndAmortization": 649100000, "ebitda": 3136700000, "ebitdaratio": 0.0565336188, "operatingIncome": 2988400000, "operatingIncomeRatio": 0.0538607666, "totalOtherIncomeExpensesNet": 500800000, "incomeBeforeTax": 3166300000, "incomeBeforeTaxRatio": 0.0570671079, "incomeTaxExpense": 1171500000, "netIncome": 1994800000, "netIncomeRatio": 0.0359528367, "eps": 0.14, "epsdiluted": 0.14, "weightedAverageShsOut": 13758620691, "weightedAverageShsOutDil": 13758620691, "link": "", "finalLink": "", "calculatedOtherExpenses": 649100000, "calculatedOperatingExpenses": 8969900000, "calculatedNetInterest": 0, "calculatedOtherIncome": 177900000, "calculatedIncomeNonControlling": 0, "calculatedEbitda": 3637500000}, {"date": "1992-01-31", "symbol": "WMT", "reportedCurrency": "USD", "cik": "0000104169", "fillingDate": "1992-01-31", "acceptedDate": "1992-01-30 19:00:00", "calendarYear": "1992", "period": "FY", "revenue": 43886900000, "costOfRevenue": 34310700000, "grossProfit": 9576200000, "grossProfitRatio": 0.2182017869, "researchAndDevelopmentExpenses": 0, "generalAndAdministrativeExpenses": 0, "sellingAndMarketingExpenses": 0, "sellingGeneralAndAdministrativeExpenses": 6684300000, "otherExpenses": 475400000, "operatingExpenses": 7159700000, "costAndExpenses": 41470400000, "interestIncome": 0, "interestExpense": 0, "depreciationAndAmortization": 475400000, "ebitda": 2489300000, "ebitdaratio": 0.0567207982, "operatingIncome": 2416500000, "operatingIncomeRatio": 0.0550619889, "totalOtherIncomeExpensesNet": 402600000, "incomeBeforeTax": 2553200000, "incomeBeforeTaxRatio": 0.0581768136, "incomeTaxExpense": 944700000, "netIncome": 1608500000, "netIncomeRatio": 0.036651028, "eps": 0.12, "epsdiluted": 0.12, "weightedAverageShsOut": 13787142858, "weightedAverageShsOutDil": 13787142858, "link": "", "finalLink": "", "calculatedOtherExpenses": 475400000, "calculatedOperatingExpenses": 7159700000, "calculatedNetInterest": 0, "calculatedOtherIncome": 136700000, "calculatedIncomeNonControlling": 0, "calculatedEbitda": 2891900000}, {"date": "1991-01-31", "symbol": "WMT", "reportedCurrency": "USD", "cik": "0000104169", "fillingDate": "1991-01-31", "acceptedDate": "1991-01-30 19:00:00", "calendarYear": "1991", "period": "FY", "revenue": 32601600000, "costOfRevenue": 25153200000, "grossProfit": 7448400000, "grossProfitRatio": 0.2284673145, "researchAndDevelopmentExpenses": 0, "generalAndAdministrativeExpenses": 0, "sellingAndMarketingExpenses": 0, "sellingGeneralAndAdministrativeExpenses": 5152200000, "otherExpenses": 346600000, "operatingExpenses": 5498800000, "costAndExpenses": 30652000000, "interestIncome": 0, "interestExpense": 0, "depreciationAndAmortization": 346600000, "ebitda": 2034400000, "ebitdaratio": 0.0624018453, "operatingIncome": 1949600000, "operatingIncomeRatio": 0.059800746, "totalOtherIncomeExpensesNet": 261800000, "incomeBeforeTax": 2042700000, "incomeBeforeTaxRatio": 0.062656434, "incomeTaxExpense": 751700000, "netIncome": 1291000000, "netIncomeRatio": 0.0395992835, "eps": 0.097, "epsdiluted": 0.097, "weightedAverageShsOut": 13355172414, "weightedAverageShsOutDil": 13355172414, "link": "", "finalLink": "", "calculatedOtherExpenses": 346600000, "calculatedOperatingExpenses": 5498800000, "calculatedNetInterest": 0, "calculatedOtherIncome": 93100000, "calculatedIncomeNonControlling": 0, "calculatedEbitda": 2296200000}, {"date": "1990-01-31", "symbol": "WMT", "reportedCurrency": "USD", "cik": "0000104169", "fillingDate": "1990-01-31", "acceptedDate": "1990-01-30 19:00:00", "calendarYear": "1990", "period": "FY", "revenue": 25810700000, "costOfRevenue": 19800600000, "grossProfit": 6010100000, "grossProfitRatio": 0.2328530416, "researchAndDevelopmentExpenses": 0, "generalAndAdministrativeExpenses": 0, "sellingAndMarketingExpenses": 0, "sellingGeneralAndAdministrativeExpenses": 4069700000, "otherExpenses": 269400000, "operatingExpenses": 4339100000, "costAndExpenses": 24139700000, "interestIncome": 0, "interestExpense": 0, "depreciationAndAmortization": 269400000, "ebitda": 1765800000, "ebitdaratio": 0.0684134874, "operatingIncome": 1671000000, "operatingIncomeRatio": 0.0647405921, "totalOtherIncomeExpensesNet": 174600000, "incomeBeforeTax": 1707500000, "incomeBeforeTaxRatio": 0.0661547343, "incomeTaxExpense": 631600000, "netIncome": 1075900000, "netIncomeRatio": 0.0416842627, "eps": 0.08, "epsdiluted": 0.08, "weightedAverageShsOut": 13448750001, "weightedAverageShsOutDil": 13448750001, "link": "", "finalLink": "", "calculatedOtherExpenses": 269400000, "calculatedOperatingExpenses": 4339100000, "calculatedNetInterest": 0, "calculatedOtherIncome": 36500000, "calculatedIncomeNonControlling": 0, "calculatedEbitda": 1940400000}, {"date": "1989-01-31", "symbol": "WMT", "reportedCurrency": "USD", "cik": "0000104169", "fillingDate": "1989-01-31", "acceptedDate": "1989-01-30 19:00:00", "calendarYear": "1989", "period": "FY", "revenue": 20649000000, "costOfRevenue": 15843200000, "grossProfit": 4805800000, "grossProfitRatio": 0.2327376628, "researchAndDevelopmentExpenses": 0, "generalAndAdministrativeExpenses": 0, "sellingAndMarketingExpenses": 0, "sellingGeneralAndAdministrativeExpenses": 3267900000, "otherExpenses": 213600000, "operatingExpenses": 3481500000, "costAndExpenses": 19324700000, "interestIncome": 0, "interestExpense": 0, "depreciationAndAmortization": 213600000, "ebitda": 1401000000, "ebitdaratio": 0.067848322, "operatingIncome": 1324300000, "operatingIncomeRatio": 0.0641338564, "totalOtherIncomeExpensesNet": 136900000, "incomeBeforeTax": 1325400000, "incomeBeforeTaxRatio": 0.0641871277, "incomeTaxExpense": 488200000, "netIncome": 837200000, "netIncomeRatio": 0.0405443363, "eps": 0.063, "epsdiluted": 0.063, "weightedAverageShsOut": 13218947367, "weightedAverageShsOutDil": 13218947367, "link": "", "finalLink": "", "calculatedOtherExpenses": 213600000, "calculatedOperatingExpenses": 3481500000, "calculatedNetInterest": 0, "calculatedOtherIncome": 1100000, "calculatedIncomeNonControlling": 0, "calculatedEbitda": 1537900000}, {"date": "1988-01-31", "symbol": "WMT", "reportedCurrency": "USD", "cik": "0000104169", "fillingDate": "1988-01-31", "acceptedDate": "1988-01-30 19:00:00", "calendarYear": "1988", "period": "FY", "revenue": 15959300000, "costOfRevenue": 12115800000, "grossProfit": 3843500000, "grossProfitRatio": 0.2408313648, "researchAndDevelopmentExpenses": 0, "generalAndAdministrativeExpenses": 0, "sellingAndMarketingExpenses": 0, "sellingGeneralAndAdministrativeExpenses": 2599400000, "otherExpenses": 166000000, "operatingExpenses": 2765400000, "costAndExpenses": 14881200000, "interestIncome": 0, "interestExpense": 0, "depreciationAndAmortization": 166000000, "ebitda": 1139300000, "ebitdaratio": 0.0713878428, "operatingIncome": 1078100000, "operatingIncomeRatio": 0.0675530882, "totalOtherIncomeExpensesNet": 104800000, "incomeBeforeTax": 1068600000, "incomeBeforeTaxRatio": 0.066957824, "incomeTaxExpense": 441000000, "netIncome": 627600000, "netIncomeRatio": 0.0393250331, "eps": 0.047, "epsdiluted": 0.047, "weightedAverageShsOut": 13448571429, "weightedAverageShsOutDil": 13448571429, "link": "", "finalLink": "", "calculatedOtherExpenses": 166000000, "calculatedOperatingExpenses": 2765400000, "calculatedNetInterest": 0, "calculatedOtherIncome": -9500000, "calculatedIncomeNonControlling": 0, "calculatedEbitda": 1244100000}, {"date": "1987-01-31", "symbol": "WMT", "reportedCurrency": "USD", "cik": "0000104169", "fillingDate": "1987-01-31", "acceptedDate": "1987-01-30 19:00:00", "calendarYear": "1987", "period": "FY", "revenue": 11909100000, "costOfRevenue": 8929600000, "grossProfit": 2979500000, "grossProfitRatio": 0.2501868319, "researchAndDevelopmentExpenses": 0, "generalAndAdministrativeExpenses": 0, "sellingAndMarketingExpenses": 0, "sellingGeneralAndAdministrativeExpenses": 2007600000, "otherExpenses": 123600000, "operatingExpenses": 2131200000, "costAndExpenses": 11060800000, "interestIncome": 0, "interestExpense": 0, "depreciationAndAmortization": 123600000, "ebitda": 887300000, "ebitdaratio": 0.07450605, "operatingIncome": 848300000, "operatingIncomeRatio": 0.0712312433, "totalOtherIncomeExpensesNet": 84600000, "incomeBeforeTax": 846000000, "incomeBeforeTaxRatio": 0.0710381137, "incomeTaxExpense": 395900000, "netIncome": 450100000, "netIncomeRatio": 0.0377946276, "eps": 0.033, "epsdiluted": 0.033, "weightedAverageShsOut": 13494000000, "weightedAverageShsOutDil": 13494000000, "link": "", "finalLink": "", "calculatedOtherExpenses": 123600000, "calculatedOperatingExpenses": 2131200000, "calculatedNetInterest": 0, "calculatedOtherIncome": -2300000, "calculatedIncomeNonControlling": 0, "calculatedEbitda": 971900000}, {"date": "1986-01-31", "symbol": "WMT", "reportedCurrency": "USD", "cik": "0000104169", "fillingDate": "1986-01-31", "acceptedDate": "1986-01-30 19:00:00", "calendarYear": "1986", "period": "FY", "revenue": 8464500000, "costOfRevenue": 6271600000, "grossProfit": 2192900000, "grossProfitRatio": 0.2590702345, "researchAndDevelopmentExpenses": 0, "generalAndAdministrativeExpenses": 0, "sellingAndMarketingExpenses": 0, "sellingGeneralAndAdministrativeExpenses": 1485200000, "otherExpenses": 89700000, "operatingExpenses": 1574900000, "costAndExpenses": 7846500000, "interestIncome": 0, "interestExpense": 0, "depreciationAndAmortization": 89700000, "ebitda": 665600000, "ebitdaratio": 0.0786342962, "operatingIncome": 618000000, "operatingIncomeRatio": 0.0730108099, "totalOtherIncomeExpensesNet": 42100000, "incomeBeforeTax": 603600000, "incomeBeforeTaxRatio": 0.0713095871, "incomeTaxExpense": 276100000, "netIncome": 327500000, "netIncomeRatio": 0.0386910036, "eps": 0.027, "epsdiluted": 0.027, "weightedAverageShsOut": 12262500000, "weightedAverageShsOutDil": 12262500000, "link": "", "finalLink": "", "calculatedOtherExpenses": 89700000, "calculatedOperatingExpenses": 1574900000, "calculatedNetInterest": 0, "calculatedOtherIncome": -14400000, "calculatedIncomeNonControlling": 0, "calculatedEbitda": 707700000}]}