{"originalCurrency": "USD", "convertedCurrency": "USD", "report": [{"date": "2023-06-25", "symbol": "WOLF", "reportedCurrency": "USD", "cik": "0000895419", "fillingDate": "2023-08-23", "acceptedDate": "2023-08-23 16:17:01", "calendarYear": "2023", "period": "FY", "revenue": 921900000, "costOfRevenue": 642400000, "grossProfit": 279500000, "grossProfitRatio": 0.3031782189, "researchAndDevelopmentExpenses": 225400000, "generalAndAdministrativeExpenses": 223800000, "sellingAndMarketingExpenses": 11500000, "sellingGeneralAndAdministrativeExpenses": 235300000, "otherExpenses": 52100000, "operatingExpenses": 658100000, "costAndExpenses": 1300500000, "interestIncome": 58200000, "interestExpense": 42600000, "depreciationAndAmortization": 164000000, "ebitda": -212600000, "ebitdaratio": -0.2306106953, "operatingIncome": -380600000, "operatingIncomeRatio": -0.4128430415, "totalOtherIncomeExpensesNet": 50100000, "incomeBeforeTax": -328500000, "incomeBeforeTaxRatio": -0.3563293199, "incomeTaxExpense": 1400000, "netIncome": -329900000, "netIncomeRatio": -0.3578479228, "eps": -2.65, "epsdiluted": -2.65, "weightedAverageShsOut": 124374000, "weightedAverageShsOutDil": 124374000, "link": "https://www.sec.gov/Archives/edgar/data/895419/000089541923000061/0000895419-23-000061-index.htm", "finalLink": "https://www.sec.gov/Archives/edgar/data/895419/000089541923000061/wolf-20230625.htm", "calculatedOtherExpenses": 199400000, "calculatedOperatingExpenses": 660100000, "calculatedNetInterest": 15600000, "calculatedOtherIncome": 36500000, "calculatedIncomeNonControlling": 0, "calculatedEbitda": -216600000}, {"date": "2022-06-26", "symbol": "WOLF", "reportedCurrency": "USD", "cik": "0000895419", "fillingDate": "2022-08-22", "acceptedDate": "2022-08-22 16:06:49", "calendarYear": "2022", "period": "FY", "revenue": 746200000, "costOfRevenue": 496900000, "grossProfit": 249300000, "grossProfitRatio": 0.3340927365, "researchAndDevelopmentExpenses": 196400000, "generalAndAdministrativeExpenses": 196000000, "sellingAndMarketingExpenses": 7500000, "sellingGeneralAndAdministrativeExpenses": 203500000, "otherExpenses": 97500000, "operatingExpenses": 497400000, "costAndExpenses": 994300000, "interestIncome": 11800000, "interestExpense": 25100000, "depreciationAndAmortization": 129500000, "ebitda": -118600000, "ebitdaratio": -0.1589386224, "operatingIncome": -248100000, "operatingIncomeRatio": -0.3324845886, "totalOtherIncomeExpensesNet": -38000000, "incomeBeforeTax": -286100000, "incomeBeforeTaxRatio": -0.3834092737, "incomeTaxExpense": 9000000, "netIncome": -295100000, "netIncomeRatio": -0.3954703833, "eps": -2.46, "epsdiluted": -2.46, "weightedAverageShsOut": 120120000, "weightedAverageShsOutDil": 120120000, "link": "https://www.sec.gov/Archives/edgar/data/895419/000089541922000055/0000895419-22-000055-index.htm", "finalLink": "https://www.sec.gov/Archives/edgar/data/895419/000089541922000055/wolf-20220626.htm", "calculatedOtherExpenses": 97500000, "calculatedOperatingExpenses": 497400000, "calculatedNetInterest": -13300000, "calculatedOtherIncome": -24700000, "calculatedIncomeNonControlling": 0, "calculatedEbitda": -118600000}, {"date": "2021-06-27", "symbol": "WOLF", "reportedCurrency": "USD", "cik": "0000895419", "fillingDate": "2021-08-18", "acceptedDate": "2021-08-18 16:37:42", "calendarYear": "2021", "period": "FY", "revenue": 525600000, "costOfRevenue": 361000000, "grossProfit": 164600000, "grossProfitRatio": 0.3131659056, "researchAndDevelopmentExpenses": 177800000, "generalAndAdministrativeExpenses": 176500000, "sellingAndMarketingExpenses": 5100000, "sellingGeneralAndAdministrativeExpenses": 181600000, "otherExpenses": 43600000, "operatingExpenses": 403000000, "costAndExpenses": 764000000, "interestIncome": 10100000, "interestExpense": 45400000, "depreciationAndAmortization": 196400000, "ebitda": -42000000, "ebitdaratio": -0.0799086758, "operatingIncome": -238400000, "operatingIncomeRatio": -0.4535768645, "totalOtherIncomeExpensesNet": -101800000, "incomeBeforeTax": -340200000, "incomeBeforeTaxRatio": -0.647260274, "incomeTaxExpense": 1100000, "netIncome": -341300000, "netIncomeRatio": -0.6493531202, "eps": -3.04, "epsdiluted": -3.04, "weightedAverageShsOut": 112346000, "weightedAverageShsOutDil": 112346000, "link": "https://www.sec.gov/Archives/edgar/data/895419/000089541921000070/0000895419-21-000070-index.htm", "finalLink": "https://www.sec.gov/Archives/edgar/data/895419/000089541921000070/cree-20210627.htm", "calculatedOtherExpenses": 43600000, "calculatedOperatingExpenses": 403000000, "calculatedNetInterest": -35300000, "calculatedOtherIncome": -66500000, "calculatedIncomeNonControlling": 0, "calculatedEbitda": -42000000}, {"date": "2020-06-28", "symbol": "WOLF", "reportedCurrency": "USD", "cik": "0000895419", "fillingDate": "2020-08-19", "acceptedDate": "2020-08-19 16:03:12", "calendarYear": "2020", "period": "FY", "revenue": 470700000, "costOfRevenue": 312200000, "grossProfit": 158500000, "grossProfitRatio": 0.336732526, "researchAndDevelopmentExpenses": 152000000, "generalAndAdministrativeExpenses": 177900000, "sellingAndMarketingExpenses": 3800000, "sellingGeneralAndAdministrativeExpenses": 181700000, "otherExpenses": 47400000, "operatingExpenses": 381100000, "costAndExpenses": 693300000, "interestIncome": 16300000, "interestExpense": 34900000, "depreciationAndAmortization": 113900000, "ebitda": -108700000, "ebitdaratio": -0.2309326535, "operatingIncome": -222600000, "operatingIncomeRatio": -0.4729126832, "totalOtherIncomeExpensesNet": 17000000, "incomeBeforeTax": -205600000, "incomeBeforeTaxRatio": -0.4367962609, "incomeTaxExpense": -8000000, "netIncome": -197600000, "netIncomeRatio": -0.4198002974, "eps": -1.83, "epsdiluted": -1.83, "weightedAverageShsOut": 107935000, "weightedAverageShsOutDil": 107935000, "link": "https://www.sec.gov/Archives/edgar/data/895419/000089541920000066/0000895419-20-000066-index.htm", "finalLink": "https://www.sec.gov/Archives/edgar/data/895419/000089541920000066/cree-20200628.htm", "calculatedOtherExpenses": 47400000, "calculatedOperatingExpenses": 381100000, "calculatedNetInterest": -18600000, "calculatedOtherIncome": 35600000, "calculatedIncomeNonControlling": 0, "calculatedEbitda": -108700000}, {"date": "2019-06-30", "symbol": "WOLF", "reportedCurrency": "USD", "cik": "0000895419", "fillingDate": "2019-08-21", "acceptedDate": "2019-08-21 16:15:22", "calendarYear": "2019", "period": "FY", "revenue": 1080000000, "costOfRevenue": 689000000, "grossProfit": 391000000, "grossProfitRatio": 0.362037037, "researchAndDevelopmentExpenses": 157900000, "generalAndAdministrativeExpenses": 197000000, "sellingAndMarketingExpenses": 3700000, "sellingGeneralAndAdministrativeExpenses": 200700000, "otherExpenses": 43600000, "operatingExpenses": 402200000, "costAndExpenses": 1091200000, "interestIncome": 12100000, "interestExpense": 355900000, "depreciationAndAmortization": 143600000, "ebitda": 137100000, "ebitdaratio": 0.1269444444, "operatingIncome": -6500000, "operatingIncomeRatio": -0.0060185185, "totalOtherIncomeExpensesNet": -38700000, "incomeBeforeTax": -45200000, "incomeBeforeTaxRatio": -0.0418518519, "incomeTaxExpense": 12700000, "netIncome": -57900000, "netIncomeRatio": -0.0536111111, "eps": -0.56, "epsdiluted": -0.56, "weightedAverageShsOut": 103576000, "weightedAverageShsOutDil": 103576000, "link": "https://www.sec.gov/Archives/edgar/data/895419/000089541919000046/0000895419-19-000046-index.htm", "finalLink": "https://www.sec.gov/Archives/edgar/data/895419/000089541919000046/a06302019-10k.htm", "calculatedOtherExpenses": 38900000, "calculatedOperatingExpenses": 397500000, "calculatedNetInterest": -343800000, "calculatedOtherIncome": 305100000, "calculatedIncomeNonControlling": 0, "calculatedEbitda": 137100000}, {"date": "2018-06-24", "symbol": "WOLF", "reportedCurrency": "USD", "cik": "0000895419", "fillingDate": "2018-08-20", "acceptedDate": "2018-08-20 16:16:33", "calendarYear": "2018", "period": "FY", "revenue": 1493680000, "costOfRevenue": 1086038000, "grossProfit": 407642000, "grossProfitRatio": 0.2729111992, "researchAndDevelopmentExpenses": 164321000, "generalAndAdministrativeExpenses": 279589000, "sellingAndMarketingExpenses": 3900000, "sellingGeneralAndAdministrativeExpenses": 283489000, "otherExpenses": 11642000, "operatingExpenses": 478582000, "costAndExpenses": 1564620000, "interestIncome": 1827000, "interestExpense": 0, "depreciationAndAmortization": 153937000, "ebitda": 341144000, "ebitdaratio": 0.2283916234, "operatingIncome": -329087000, "operatingIncomeRatio": -0.2203196133, "totalOtherIncomeExpensesNet": -246505000, "incomeBeforeTax": -317445000, "incomeBeforeTaxRatio": -0.2125254405, "incomeTaxExpense": -37522000, "netIncome": -279968000, "netIncomeRatio": -0.1874350597, "eps": -2.88, "epsdiluted": -2.81, "weightedAverageShsOut": 97058823, "weightedAverageShsOutDil": 99530000, "link": "https://www.sec.gov/Archives/edgar/data/895419/000089541918000067/0000895419-18-000067-index.htm", "finalLink": "https://www.sec.gov/Archives/edgar/data/895419/000089541918000067/a06242018-10k.htm", "calculatedOtherExpenses": 288919000, "calculatedOperatingExpenses": 736729000, "calculatedNetInterest": 1827000, "calculatedOtherIncome": 9815000, "calculatedIncomeNonControlling": 45000, "calculatedEbitda": -175150000}, {"date": "2017-06-25", "symbol": "WOLF", "reportedCurrency": "USD", "cik": "0000895419", "fillingDate": "2017-08-23", "acceptedDate": "2017-08-23 16:56:31", "calendarYear": "2017", "period": "FY", "revenue": 1473000000, "costOfRevenue": 1038428000, "grossProfit": 434572000, "grossProfitRatio": 0.2950251188, "researchAndDevelopmentExpenses": 158549000, "generalAndAdministrativeExpenses": 271875000, "sellingAndMarketingExpenses": 5300000, "sellingGeneralAndAdministrativeExpenses": 277175000, "otherExpenses": 14008000, "operatingExpenses": 463223000, "costAndExpenses": 1501651000, "interestIncome": 3696000, "interestExpense": 0, "depreciationAndAmortization": 27499000, "ebitda": -11131000, "ebitdaratio": -0.007556687, "operatingIncome": -18672000, "operatingIncomeRatio": -0.0126761711, "totalOtherIncomeExpensesNet": 23987000, "incomeBeforeTax": -4664000, "incomeBeforeTaxRatio": -0.0031663272, "incomeTaxExpense": 93454000, "netIncome": -98118000, "netIncomeRatio": -0.066610998, "eps": -1, "epsdiluted": -1, "weightedAverageShsOut": 98487000, "weightedAverageShsOutDil": 98487000, "link": "https://www.sec.gov/Archives/edgar/data/895419/000089541917000055/0000895419-17-000055-index.htm", "finalLink": "https://www.sec.gov/Archives/edgar/data/895419/000089541917000055/a06252017-10k.htm", "calculatedOtherExpenses": 17520000, "calculatedOperatingExpenses": 453244000, "calculatedNetInterest": 3696000, "calculatedOtherIncome": 10312000, "calculatedIncomeNonControlling": 0, "calculatedEbitda": 8827000}, {"date": "2016-06-26", "symbol": "WOLF", "reportedCurrency": "USD", "cik": "0000895419", "fillingDate": "2016-08-25", "acceptedDate": "2016-08-25 16:26:43", "calendarYear": "2016", "period": "FY", "revenue": 1616627000, "costOfRevenue": 1129553000, "grossProfit": 487074000, "grossProfitRatio": 0.3012902791, "researchAndDevelopmentExpenses": 168848000, "generalAndAdministrativeExpenses": 270452000, "sellingAndMarketingExpenses": 12600000, "sellingGeneralAndAdministrativeExpenses": 283052000, "otherExpenses": -13035000, "operatingExpenses": 480632000, "costAndExpenses": 1610185000, "interestIncome": 4472000, "interestExpense": 0, "depreciationAndAmortization": 28732000, "ebitda": 52087000, "ebitdaratio": 0.0322195534, "operatingIncome": -10471000, "operatingIncomeRatio": -0.0064770661, "totalOtherIncomeExpensesNet": -29948000, "incomeBeforeTax": -23506000, "incomeBeforeTaxRatio": -0.0145401506, "incomeTaxExpense": -1970000, "netIncome": -21536000, "netIncomeRatio": -0.013321564, "eps": -0.21, "epsdiluted": -0.21, "weightedAverageShsOut": 101783000, "weightedAverageShsOutDil": 101783000, "link": "https://www.sec.gov/Archives/edgar/data/895419/000089541916000167/0000895419-16-000167-index.htm", "finalLink": "https://www.sec.gov/Archives/edgar/data/895419/000089541916000167/cree06262016-10k.htm", "calculatedOtherExpenses": 45645000, "calculatedOperatingExpenses": 497545000, "calculatedNetInterest": 4472000, "calculatedOtherIncome": -17507000, "calculatedIncomeNonControlling": 0, "calculatedEbitda": 18261000}, {"date": "2015-06-28", "symbol": "WOLF", "reportedCurrency": "USD", "cik": "0000895419", "fillingDate": "2015-08-27", "acceptedDate": "2015-08-27 16:13:08", "calendarYear": "2015", "period": "FY", "revenue": 1632505000, "costOfRevenue": 1157549000, "grossProfit": 474956000, "grossProfitRatio": 0.2909369343, "researchAndDevelopmentExpenses": 182797000, "generalAndAdministrativeExpenses": 265130000, "sellingAndMarketingExpenses": 25600000, "sellingGeneralAndAdministrativeExpenses": 290730000, "otherExpenses": -10389000, "operatingExpenses": 499747000, "costAndExpenses": 1657296000, "interestIncome": 9086000, "interestExpense": 0, "depreciationAndAmortization": 26220000, "ebitda": 49151000, "ebitdaratio": 0.0301077179, "operatingIncome": -72513000, "operatingIncomeRatio": -0.0444182407, "totalOtherIncomeExpensesNet": -58111000, "incomeBeforeTax": -82902000, "incomeBeforeTaxRatio": -0.0507820803, "incomeTaxExpense": -18851000, "netIncome": -64051000, "netIncomeRatio": -0.0392347956, "eps": -0.57, "epsdiluted": -0.57, "weightedAverageShsOut": 113022000, "weightedAverageShsOutDil": 113022000, "link": "https://www.sec.gov/Archives/edgar/data/895419/000089541915000058/0000895419-15-000058-index.htm", "finalLink": "https://www.sec.gov/Archives/edgar/data/895419/000089541915000058/cree-06282015x10k.htm", "calculatedOtherExpenses": 73942000, "calculatedOperatingExpenses": 547469000, "calculatedNetInterest": 9086000, "calculatedOtherIncome": -19475000, "calculatedIncomeNonControlling": 0, "calculatedEbitda": -46293000}, {"date": "2014-06-29", "symbol": "WOLF", "reportedCurrency": "USD", "cik": "0000895419", "fillingDate": "2014-08-27", "acceptedDate": "2014-08-26 20:40:25", "calendarYear": "2014", "period": "FY", "revenue": 1647641000, "costOfRevenue": 1028846000, "grossProfit": 618795000, "grossProfitRatio": 0.3755642157, "researchAndDevelopmentExpenses": 181382000, "generalAndAdministrativeExpenses": 241860000, "sellingAndMarketingExpenses": 26600000, "sellingGeneralAndAdministrativeExpenses": 268460000, "otherExpenses": 13295000, "operatingExpenses": 481830000, "costAndExpenses": 1510676000, "interestIncome": 11932000, "interestExpense": 0, "depreciationAndAmortization": 31988000, "ebitda": 171643000, "ebitdaratio": 0.1041749993, "operatingIncome": 134275000, "operatingIncomeRatio": 0.0814953015, "totalOtherIncomeExpensesNet": 10605000, "incomeBeforeTax": 147570000, "incomeBeforeTaxRatio": 0.0895644136, "incomeTaxExpense": 23379000, "netIncome": 124191000, "netIncomeRatio": 0.0753750362, "eps": 1.02, "epsdiluted": 1, "weightedAverageShsOut": 120623000, "weightedAverageShsOutDil": 122914000, "link": "https://www.sec.gov/Archives/edgar/data/895419/000089541914000045/0000895419-14-000045-index.htm", "finalLink": "https://www.sec.gov/Archives/edgar/data/895419/000089541914000045/cree-06292014x10k.htm", "calculatedOtherExpenses": 34678000, "calculatedOperatingExpenses": 484520000, "calculatedNetInterest": 11932000, "calculatedOtherIncome": 1363000, "calculatedIncomeNonControlling": 0, "calculatedEbitda": 166263000}, {"date": "2013-06-30", "symbol": "WOLF", "reportedCurrency": "USD", "cik": "0000895419", "fillingDate": "2013-08-28", "acceptedDate": "2013-08-27 19:18:53", "calendarYear": "2013", "period": "FY", "revenue": 1385982000, "costOfRevenue": 862722000, "grossProfit": 523260000, "grossProfitRatio": 0.3775373706, "researchAndDevelopmentExpenses": 155889000, "generalAndAdministrativeExpenses": 218381000, "sellingAndMarketingExpenses": 18200000, "sellingGeneralAndAdministrativeExpenses": 236581000, "otherExpenses": 11063000, "operatingExpenses": 423293000, "costAndExpenses": 1286015000, "interestIncome": 7882000, "interestExpense": 0, "depreciationAndAmortization": 30823000, "ebitda": 134263000, "ebitdaratio": 0.0968721095, "operatingIncome": 96494000, "operatingIncomeRatio": 0.0696213948, "totalOtherIncomeExpensesNet": 7590000, "incomeBeforeTax": 107557000, "incomeBeforeTaxRatio": 0.0776034609, "incomeTaxExpense": 20632000, "netIncome": 86925000, "netIncomeRatio": 0.0627172647, "eps": 0.73, "epsdiluted": 0.73, "weightedAverageShsOut": 117466216, "weightedAverageShsOutDil": 119623000, "link": "https://www.sec.gov/Archives/edgar/data/895419/000089541913000044/0000895419-13-000044-index.htm", "finalLink": "https://www.sec.gov/Archives/edgar/data/895419/000089541913000044/cree-06302013x10k.htm", "calculatedOtherExpenses": 34296000, "calculatedOperatingExpenses": 426766000, "calculatedNetInterest": 7882000, "calculatedOtherIncome": 3181000, "calculatedIncomeNonControlling": 0, "calculatedEbitda": 127317000}, {"date": "2012-06-24", "symbol": "WOLF", "reportedCurrency": "USD", "cik": "0000895419", "fillingDate": "2012-08-21", "acceptedDate": "2012-08-21 16:43:50", "calendarYear": "2012", "period": "FY", "revenue": 1164658000, "costOfRevenue": 755196000, "grossProfit": 409462000, "grossProfitRatio": 0.3515727364, "researchAndDevelopmentExpenses": 143357000, "generalAndAdministrativeExpenses": 0, "sellingAndMarketingExpenses": 0, "sellingGeneralAndAdministrativeExpenses": 197092000, "otherExpenses": 26274000, "operatingExpenses": 366723000, "costAndExpenses": 1121919000, "interestIncome": 0, "interestExpense": 0, "depreciationAndAmortization": 26274000, "ebitda": 72494000, "ebitdaratio": 0.0622448822, "operatingIncome": 39258000, "operatingIncomeRatio": 0.0337077494, "totalOtherIncomeExpensesNet": -3481000, "incomeBeforeTax": 47647000, "incomeBeforeTaxRatio": 0.0409107223, "incomeTaxExpense": 3235000, "netIncome": 44412000, "netIncomeRatio": 0.0381330828, "eps": 0.38, "epsdiluted": 0.38, "weightedAverageShsOut": 115906000, "weightedAverageShsOutDil": 115906000, "link": "https://www.sec.gov/Archives/edgar/data/895419/000089541912000044/0000895419-12-000044-index.htm", "finalLink": "https://www.sec.gov/Archives/edgar/data/895419/000089541912000044/cree-06242012x10k.htm", "calculatedOtherExpenses": 29755000, "calculatedOperatingExpenses": 370204000, "calculatedNetInterest": 0, "calculatedOtherIncome": 8389000, "calculatedIncomeNonControlling": 0, "calculatedEbitda": 65532000}, {"date": "2011-06-26", "symbol": "WOLF", "reportedCurrency": "USD", "cik": "0000895419", "fillingDate": "2011-08-17", "acceptedDate": "2011-08-17 17:29:18", "calendarYear": "2011", "period": "FY", "revenue": 987615000, "costOfRevenue": 551842000, "grossProfit": 435773000, "grossProfitRatio": 0.4412377293, "researchAndDevelopmentExpenses": 115035000, "generalAndAdministrativeExpenses": 0, "sellingAndMarketingExpenses": 0, "sellingGeneralAndAdministrativeExpenses": 139304000, "otherExpenses": 12728000, "operatingExpenses": 265115000, "costAndExpenses": 816957000, "interestIncome": 0, "interestExpense": 0, "depreciationAndAmortization": 10776000, "ebitda": 183386000, "ebitdaratio": 0.1856857176, "operatingIncome": 168706000, "operatingIncomeRatio": 0.1708216258, "totalOtherIncomeExpensesNet": -1952000, "incomeBeforeTax": 178227000, "incomeBeforeTaxRatio": 0.1804620221, "incomeTaxExpense": 31727000, "netIncome": 146500000, "netIncomeRatio": 0.1483371557, "eps": 1.35, "epsdiluted": 1.33, "weightedAverageShsOut": 108522000, "weightedAverageShsOutDil": 110035000, "link": "https://www.sec.gov/Archives/edgar/data/895419/000119312511225630/0001193125-11-225630-index.htm", "finalLink": "https://www.sec.gov/Archives/edgar/data/895419/000119312511225630/d10k.htm", "calculatedOtherExpenses": 12728000, "calculatedOperatingExpenses": 267067000, "calculatedNetInterest": 0, "calculatedOtherIncome": 9521000, "calculatedIncomeNonControlling": 0, "calculatedEbitda": 179482000}, {"date": "2010-06-27", "symbol": "WOLF", "reportedCurrency": "USD", "cik": "0000895419", "fillingDate": "2010-08-18", "acceptedDate": "2010-08-18 16:08:18", "calendarYear": "2010", "period": "FY", "revenue": 867287000, "costOfRevenue": 456180000, "grossProfit": 411107000, "grossProfitRatio": 0.4740149455, "researchAndDevelopmentExpenses": 81407000, "generalAndAdministrativeExpenses": 0, "sellingAndMarketingExpenses": 0, "sellingGeneralAndAdministrativeExpenses": 115601000, "otherExpenses": 12180000, "operatingExpenses": 209188000, "costAndExpenses": 665368000, "interestIncome": 0, "interestExpense": 0, "depreciationAndAmortization": 12180000, "ebitda": 218239000, "ebitdaratio": 0.2516341188, "operatingIncome": 197778000, "operatingIncomeRatio": 0.2280421591, "totalOtherIncomeExpensesNet": -4140000, "incomeBeforeTax": 205472000, "incomeBeforeTaxRatio": 0.2369135015, "incomeTaxExpense": 53182000, "netIncome": 152290000, "netIncomeRatio": 0.1755935463, "eps": 1.41, "epsdiluted": 1.41, "weightedAverageShsOut": 100706000, "weightedAverageShsOutDil": 104698000, "link": "https://www.sec.gov/Archives/edgar/data/895419/000119312510192307/0001193125-10-192307-index.htm", "finalLink": "https://www.sec.gov/Archives/edgar/data/895419/000119312510192307/d10k.htm", "calculatedOtherExpenses": 16321000, "calculatedOperatingExpenses": 213329000, "calculatedNetInterest": 0, "calculatedOtherIncome": 7694000, "calculatedIncomeNonControlling": 0, "calculatedEbitda": 209958000}, {"date": "2009-06-28", "symbol": "WOLF", "reportedCurrency": "USD", "cik": "0000895419", "fillingDate": "2009-08-18", "acceptedDate": "2009-08-18 15:25:03", "calendarYear": "2009", "period": "FY", "revenue": 567255000, "costOfRevenue": 355349000, "grossProfit": 211906000, "grossProfitRatio": 0.3735639175, "researchAndDevelopmentExpenses": 71363000, "generalAndAdministrativeExpenses": 0, "sellingAndMarketingExpenses": 0, "sellingGeneralAndAdministrativeExpenses": 86929000, "otherExpenses": 16248000, "operatingExpenses": 174540000, "costAndExpenses": 529889000, "interestIncome": 0, "interestExpense": 0, "depreciationAndAmortization": 16248000, "ebitda": 60312000, "ebitdaratio": 0.1063225533, "operatingIncome": 30590000, "operatingIncomeRatio": 0.0539263647, "totalOtherIncomeExpensesNet": 2301000, "incomeBeforeTax": 39667000, "incomeBeforeTaxRatio": 0.0699279865, "incomeTaxExpense": 9017000, "netIncome": 30325000, "netIncomeRatio": 0.0534592027, "eps": 0.34, "epsdiluted": 0.34, "weightedAverageShsOut": 88050000, "weightedAverageShsOutDil": 89081000, "link": "https://www.sec.gov/Archives/edgar/data/895419/000119312509177499/0001193125-09-177499-index.htm", "finalLink": "https://www.sec.gov/Archives/edgar/data/895419/000119312509177499/d10k.htm", "calculatedOtherExpenses": 23024000, "calculatedOperatingExpenses": 181316000, "calculatedNetInterest": 0, "calculatedOtherIncome": 9077000, "calculatedIncomeNonControlling": 325000, "calculatedEbitda": 46838000}, {"date": "2008-06-29", "symbol": "WOLF", "reportedCurrency": "USD", "cik": "0000895419", "fillingDate": "2008-08-20", "acceptedDate": "2008-08-20 14:03:22", "calendarYear": "2008", "period": "FY", "revenue": 493296000, "costOfRevenue": 327469000, "grossProfit": 165827000, "grossProfitRatio": 0.33616125, "researchAndDevelopmentExpenses": 58846000, "generalAndAdministrativeExpenses": 0, "sellingAndMarketingExpenses": 0, "sellingGeneralAndAdministrativeExpenses": 76607000, "otherExpenses": 18333000, "operatingExpenses": 153786000, "costAndExpenses": 481255000, "interestIncome": 0, "interestExpense": 0, "depreciationAndAmortization": 98127000, "ebitda": 96893000, "ebitdaratio": 0.1964195939, "operatingIncome": 12041000, "operatingIncomeRatio": 0.0244092796, "totalOtherIncomeExpensesNet": 13275000, "incomeBeforeTax": 41049000, "incomeBeforeTaxRatio": 0.0832137297, "incomeTaxExpense": 9237000, "netIncome": 33439000, "netIncomeRatio": 0.0677868866, "eps": 0.39, "epsdiluted": 0.38, "weightedAverageShsOut": 86366000, "weightedAverageShsOutDil": 88077000, "link": "https://www.sec.gov/Archives/edgar/data/895419/000119312508181391/0001193125-08-181391-index.htm", "finalLink": "https://www.sec.gov/Archives/edgar/data/895419/000119312508181391/d10k.htm", "calculatedOtherExpenses": 18333000, "calculatedOperatingExpenses": 153786000, "calculatedNetInterest": 0, "calculatedOtherIncome": 29008000, "calculatedIncomeNonControlling": -1627000, "calculatedEbitda": 110168000}, {"date": "2007-06-24", "symbol": "WOLF", "reportedCurrency": "USD", "cik": "0000895419", "fillingDate": "2007-08-22", "acceptedDate": "2007-08-22 16:37:57", "calendarYear": "2007", "period": "FY", "revenue": 394121000, "costOfRevenue": 260133000, "grossProfit": 133988000, "grossProfitRatio": 0.33996666, "researchAndDevelopmentExpenses": 58836000, "generalAndAdministrativeExpenses": 0, "sellingAndMarketingExpenses": 0, "sellingGeneralAndAdministrativeExpenses": 53105000, "otherExpenses": 5391000, "operatingExpenses": 117332000, "costAndExpenses": 377465000, "interestIncome": 0, "interestExpense": 0, "depreciationAndAmortization": 83911000, "ebitda": 82295000, "ebitdaratio": 0.2088064325, "operatingIncome": 16656000, "operatingIncomeRatio": 0.042261133, "totalOtherIncomeExpensesNet": 18272000, "incomeBeforeTax": 51111000, "incomeBeforeTaxRatio": 0.1296835236, "incomeTaxExpense": 918000, "netIncome": 57334000, "netIncomeRatio": 0.1454730908, "eps": 0.73, "epsdiluted": 0.72, "weightedAverageShsOut": 78560000, "weightedAverageShsOutDil": 79496000, "link": "https://www.sec.gov/Archives/edgar/data/895419/000119312507187409/0001193125-07-187409-index.htm", "finalLink": "https://www.sec.gov/Archives/edgar/data/895419/000119312507187409/d10k.htm", "calculatedOtherExpenses": 5391000, "calculatedOperatingExpenses": 117332000, "calculatedNetInterest": 0, "calculatedOtherIncome": 34455000, "calculatedIncomeNonControlling": -7141000, "calculatedEbitda": 100567000}, {"date": "2006-06-25", "symbol": "WOLF", "reportedCurrency": "USD", "cik": "0000895419", "fillingDate": "2006-08-24", "acceptedDate": "2006-08-24 15:29:43", "calendarYear": "2006", "period": "FY", "revenue": 422952000, "costOfRevenue": 222059000, "grossProfit": 200893000, "grossProfitRatio": 0.4749782481, "researchAndDevelopmentExpenses": 54871000, "generalAndAdministrativeExpenses": 0, "sellingAndMarketingExpenses": 0, "sellingGeneralAndAdministrativeExpenses": 44760000, "otherExpenses": 2421000, "operatingExpenses": 102052000, "costAndExpenses": 324111000, "interestIncome": 0, "interestExpense": 0, "depreciationAndAmortization": 75376000, "ebitda": 176009000, "ebitdaratio": 0.4161441487, "operatingIncome": 98841000, "operatingIncomeRatio": 0.233693185, "totalOtherIncomeExpensesNet": -1792000, "incomeBeforeTax": 112363000, "incomeBeforeTaxRatio": 0.265663716, "incomeTaxExpense": 32404000, "netIncome": 76673000, "netIncomeRatio": 0.1812806181, "eps": 1.01, "epsdiluted": 0.98, "weightedAverageShsOut": 76270000, "weightedAverageShsOutDil": 78207000, "link": "https://www.sec.gov/Archives/edgar/data/895419/000119312506179160/0001193125-06-179160-index.htm", "finalLink": "https://www.sec.gov/Archives/edgar/data/895419/000119312506179160/d10k.htm", "calculatedOtherExpenses": 2421000, "calculatedOperatingExpenses": 102052000, "calculatedNetInterest": 0, "calculatedOtherIncome": 13522000, "calculatedIncomeNonControlling": 3286000, "calculatedEbitda": 174217000}, {"date": "2005-06-26", "symbol": "WOLF", "reportedCurrency": "USD", "cik": "0000895419", "fillingDate": "2005-08-18", "acceptedDate": "2005-08-18 08:24:30", "calendarYear": "2005", "period": "FY", "revenue": 389064000, "costOfRevenue": 184878000, "grossProfit": 204186000, "grossProfitRatio": 0.5248133983, "researchAndDevelopmentExpenses": 42764000, "generalAndAdministrativeExpenses": 0, "sellingAndMarketingExpenses": 0, "sellingGeneralAndAdministrativeExpenses": 34326000, "otherExpenses": 7228000, "operatingExpenses": 84318000, "costAndExpenses": 269196000, "interestIncome": 0, "interestExpense": 0, "depreciationAndAmortization": 71921000, "ebitda": 198272000, "ebitdaratio": 0.5096128143, "operatingIncome": 119868000, "operatingIncomeRatio": 0.30809327, "totalOtherIncomeExpensesNet": -6483000, "incomeBeforeTax": 126000000, "incomeBeforeTaxRatio": 0.3238541731, "incomeTaxExpense": 34857000, "netIncome": 91143000, "netIncomeRatio": 0.2342622294, "eps": 1.22, "epsdiluted": 1.18, "weightedAverageShsOut": 74995000, "weightedAverageShsOutDil": 77172000, "link": "https://www.sec.gov/Archives/edgar/data/895419/000119312505170616/0001193125-05-170616-index.htm", "finalLink": "https://www.sec.gov/Archives/edgar/data/895419/000119312505170616/d10k.htm", "calculatedOtherExpenses": 7228000, "calculatedOperatingExpenses": 84318000, "calculatedNetInterest": 0, "calculatedOtherIncome": 6132000, "calculatedIncomeNonControlling": 0, "calculatedEbitda": 191789000}, {"date": "2004-06-27", "symbol": "WOLF", "reportedCurrency": "USD", "cik": "0000895419", "fillingDate": "2004-08-20", "acceptedDate": "2004-08-20 07:55:33", "calendarYear": "2004", "period": "FY", "revenue": 306870000, "costOfRevenue": 158454000, "grossProfit": 148416000, "grossProfitRatio": 0.48364454, "researchAndDevelopmentExpenses": 36886000, "generalAndAdministrativeExpenses": 0, "sellingAndMarketingExpenses": 0, "sellingGeneralAndAdministrativeExpenses": 31654000, "otherExpenses": 1016000, "operatingExpenses": 69556000, "costAndExpenses": 228010000, "interestIncome": 0, "interestExpense": 0, "depreciationAndAmortization": 58788000, "ebitda": 137656000, "ebitdaratio": 0.4485808323, "operatingIncome": 78860000, "operatingIncomeRatio": 0.2569817838, "totalOtherIncomeExpensesNet": -8000, "incomeBeforeTax": 83593000, "incomeBeforeTaxRatio": 0.272405253, "incomeTaxExpense": 25633000, "netIncome": 57960000, "netIncomeRatio": 0.1888747678, "eps": 0.87, "epsdiluted": 0.85, "weightedAverageShsOut": 74008000, "weightedAverageShsOutDil": 75745000, "link": "https://www.sec.gov/Archives/edgar/data/895419/000119312504144133/0001193125-04-144133-index.htm", "finalLink": "https://www.sec.gov/Archives/edgar/data/895419/000119312504144133/d10k.htm", "calculatedOtherExpenses": 1016000, "calculatedOperatingExpenses": 69556000, "calculatedNetInterest": 0, "calculatedOtherIncome": 4733000, "calculatedIncomeNonControlling": 0, "calculatedEbitda": 137648000}, {"date": "2003-06-30", "symbol": "WOLF", "reportedCurrency": "USD", "cik": "0000895419", "fillingDate": "2003-09-25", "acceptedDate": "2003-09-25 16:55:24", "calendarYear": "2003", "period": "FY", "revenue": 229822000, "costOfRevenue": 130652000, "grossProfit": 99170000, "grossProfitRatio": 0.4315078626, "researchAndDevelopmentExpenses": 31203000, "generalAndAdministrativeExpenses": 0, "sellingAndMarketingExpenses": 0, "sellingGeneralAndAdministrativeExpenses": 26326000, "otherExpenses": 1969000, "operatingExpenses": 59498000, "costAndExpenses": 190150000, "interestIncome": 0, "interestExpense": 0, "depreciationAndAmortization": 44905000, "ebitda": 83171000, "ebitdaratio": 0.3618931173, "operatingIncome": 39672000, "operatingIncomeRatio": 0.1726205498, "totalOtherIncomeExpensesNet": 1406000, "incomeBeforeTax": 47164000, "incomeBeforeTaxRatio": 0.2052196918, "incomeTaxExpense": 12263000, "netIncome": 34901000, "netIncomeRatio": 0.1518610055, "eps": 0.6, "epsdiluted": 0.58, "weightedAverageShsOut": 73196000, "weightedAverageShsOutDil": 75303000, "link": "https://www.sec.gov/Archives/edgar/data/895419/000119312503054147/0001193125-03-054147-index.htm", "finalLink": "https://www.sec.gov/Archives/edgar/data/895419/000119312503054147/d10k.htm", "calculatedOtherExpenses": 1969000, "calculatedOperatingExpenses": 59498000, "calculatedNetInterest": 0, "calculatedOtherIncome": 7492000, "calculatedIncomeNonControlling": 0, "calculatedEbitda": 84577000}, {"date": "2002-06-30", "symbol": "WOLF", "reportedCurrency": "USD", "cik": "0000895419", "fillingDate": "2002-08-19", "acceptedDate": "2002-08-16 18:29:15", "calendarYear": "2002", "period": "FY", "revenue": 155434000, "costOfRevenue": 92076000, "grossProfit": 63358000, "grossProfitRatio": 0.4076199545, "researchAndDevelopmentExpenses": 28026000, "generalAndAdministrativeExpenses": 0, "sellingAndMarketingExpenses": 0, "sellingGeneralAndAdministrativeExpenses": 25618000, "otherExpenses": 103988000, "operatingExpenses": 157632000, "costAndExpenses": 249708000, "interestIncome": 0, "interestExpense": 0, "depreciationAndAmortization": 40161000, "ebitda": 84958000, "ebitdaratio": 0.5465856891, "operatingIncome": -94274000, "operatingIncomeRatio": -0.6065210958, "totalOtherIncomeExpensesNet": -139071000, "incomeBeforeTax": -130414000, "incomeBeforeTaxRatio": -0.8390313574, "incomeTaxExpense": -28691000, "netIncome": -101723000, "netIncomeRatio": -0.6544449734, "eps": -1.4, "epsdiluted": -1.4, "weightedAverageShsOut": 72718000, "weightedAverageShsOutDil": 72718000, "link": "https://www.sec.gov/Archives/edgar/data/895419/000102140802011139/0001021408-02-011139-index.htm", "finalLink": "https://www.sec.gov/Archives/edgar/data/895419/000102140802011139/d10k.txt", "calculatedOtherExpenses": 103988000, "calculatedOperatingExpenses": 157632000, "calculatedNetInterest": 0, "calculatedOtherIncome": -36140000, "calculatedIncomeNonControlling": 0, "calculatedEbitda": -54113000}, {"date": "2001-06-24", "symbol": "WOLF", "reportedCurrency": "USD", "cik": "0000895419", "fillingDate": "2001-08-27", "acceptedDate": "2001-08-27 00:00:00", "calendarYear": "2001", "period": "FY", "revenue": 177227000, "costOfRevenue": 89700000, "grossProfit": 87527000, "grossProfitRatio": 0.4938694443, "researchAndDevelopmentExpenses": 12980000, "generalAndAdministrativeExpenses": 0, "sellingAndMarketingExpenses": 0, "sellingGeneralAndAdministrativeExpenses": 18111000, "otherExpenses": 4599000, "operatingExpenses": 35690000, "costAndExpenses": 125390000, "interestIncome": 0, "interestExpense": 0, "depreciationAndAmortization": 27223000, "ebitda": 96440000, "ebitdaratio": 0.5441608784, "operatingIncome": 34436000, "operatingIncomeRatio": 0.1943044796, "totalOtherIncomeExpensesNet": -17380000, "incomeBeforeTax": 50186000, "incomeBeforeTaxRatio": 0.2831735571, "incomeTaxExpense": 22343000, "netIncome": 27843000, "netIncomeRatio": 0.1571036016, "eps": 0.39, "epsdiluted": 0.37, "weightedAverageShsOut": 72243000, "weightedAverageShsOutDil": 75735000, "link": "https://www.sec.gov/Archives/edgar/data/895419/000095014401506414/0000950144-01-506414-index.htm", "finalLink": "https://www.sec.gov/Archives/edgar/data/895419/000095014401506414/g71423e10-k.txt", "calculatedOtherExpenses": 22000000, "calculatedOperatingExpenses": 53091000, "calculatedNetInterest": 0, "calculatedOtherIncome": 15750000, "calculatedIncomeNonControlling": 0, "calculatedEbitda": 61659000}, {"date": "2000-06-25", "symbol": "WOLF", "reportedCurrency": "USD", "cik": "0000895419", "fillingDate": "2000-08-10", "acceptedDate": "2000-08-10 00:00:00", "calendarYear": "2000", "period": "FY", "revenue": 108562000, "costOfRevenue": 41739000, "grossProfit": 66823000, "grossProfitRatio": 0.6155284538, "researchAndDevelopmentExpenses": 7054000, "generalAndAdministrativeExpenses": 0, "sellingAndMarketingExpenses": 0, "sellingGeneralAndAdministrativeExpenses": 11091000, "otherExpenses": 11928000, "operatingExpenses": 30073000, "costAndExpenses": 71812000, "interestIncome": 0, "interestExpense": 0, "depreciationAndAmortization": 11928000, "ebitda": 48022000, "ebitdaratio": 0.442346309, "operatingIncome": 36750000, "operatingIncomeRatio": 0.3385162396, "totalOtherIncomeExpensesNet": 656000, "incomeBeforeTax": 46806000, "incomeBeforeTaxRatio": 0.4311453363, "incomeTaxExpense": 16286000, "netIncome": 30520000, "netIncomeRatio": 0.2811296771, "eps": 0.47, "epsdiluted": 0.44, "weightedAverageShsOut": 65930000, "weightedAverageShsOutDil": 70434000, "link": "https://www.sec.gov/Archives/edgar/data/895419/000089541900000012/0000895419-00-000012-index.htm", "finalLink": "https://www.sec.gov/Archives/edgar/data/895419/000089541900000012/0000895419-00-000012-0001.txt", "calculatedOtherExpenses": 11928000, "calculatedOperatingExpenses": 30073000, "calculatedNetInterest": 0, "calculatedOtherIncome": 10056000, "calculatedIncomeNonControlling": 0, "calculatedEbitda": 48678000}, {"date": "1999-06-27", "symbol": "WOLF", "reportedCurrency": "USD", "cik": "0000895419", "fillingDate": "1999-08-12", "acceptedDate": "1999-08-12 00:00:00", "calendarYear": "1999", "period": "FY", "revenue": 60100000, "costOfRevenue": 26400000, "grossProfit": 33700000, "grossProfitRatio": 0.5607321131, "researchAndDevelopmentExpenses": 4400000, "generalAndAdministrativeExpenses": 0, "sellingAndMarketingExpenses": 0, "sellingGeneralAndAdministrativeExpenses": 6100000, "otherExpenses": 5500000, "operatingExpenses": 16000000, "costAndExpenses": 42400000, "interestIncome": 0, "interestExpense": 0, "depreciationAndAmortization": 5500000, "ebitda": 23200000, "ebitdaratio": 0.3860232945, "operatingIncome": 17700000, "operatingIncomeRatio": 0.2945091514, "totalOtherIncomeExpensesNet": -100000, "incomeBeforeTax": 17600000, "incomeBeforeTaxRatio": 0.2928452579, "incomeTaxExpense": 4900000, "netIncome": 12700000, "netIncomeRatio": 0.2113144759, "eps": 0.22, "epsdiluted": 0.21, "weightedAverageShsOut": 58030000, "weightedAverageShsOutDil": 60864000, "link": "https://www.sec.gov/Archives/edgar/data/895419/000089541999000009/0000895419-99-000009-index.html", "finalLink": "https://www.sec.gov/Archives/edgar/data/895419/000089541999000009/", "calculatedOtherExpenses": 5500000, "calculatedOperatingExpenses": 16000000, "calculatedNetInterest": 0, "calculatedOtherIncome": -100000, "calculatedIncomeNonControlling": 0, "calculatedEbitda": 23200000}, {"date": "1998-06-28", "symbol": "WOLF", "reportedCurrency": "USD", "cik": "0000895419", "fillingDate": "1998-08-19", "acceptedDate": "1998-08-19 00:00:00", "calendarYear": "1998", "period": "FY", "revenue": 42500000, "costOfRevenue": 23600000, "grossProfit": 18900000, "grossProfitRatio": 0.4447058824, "researchAndDevelopmentExpenses": 1800000, "generalAndAdministrativeExpenses": 0, "sellingAndMarketingExpenses": 0, "sellingGeneralAndAdministrativeExpenses": 4100000, "otherExpenses": 4400000, "operatingExpenses": 10300000, "costAndExpenses": 33900000, "interestIncome": 0, "interestExpense": 0, "depreciationAndAmortization": 4400000, "ebitda": 12800000, "ebitdaratio": 0.3011764706, "operatingIncome": 8600000, "operatingIncomeRatio": 0.2023529412, "totalOtherIncomeExpensesNet": 200000, "incomeBeforeTax": 8900000, "incomeBeforeTaxRatio": 0.2094117647, "incomeTaxExpense": 2600000, "netIncome": 6300000, "netIncomeRatio": 0.1482352941, "eps": 0.12, "epsdiluted": 0.12, "weightedAverageShsOut": 51452000, "weightedAverageShsOutDil": 53974000, "link": "https://www.sec.gov/Archives/edgar/data/895419/000095016898002774/0000950168-98-002774-index.html", "finalLink": "https://www.sec.gov/Archives/edgar/data/895419/", "calculatedOtherExpenses": 4400000, "calculatedOperatingExpenses": 10300000, "calculatedNetInterest": 0, "calculatedOtherIncome": 300000, "calculatedIncomeNonControlling": 0, "calculatedEbitda": 13000000}, {"date": "1997-06-30", "symbol": "WOLF", "reportedCurrency": "USD", "cik": "0000895419", "fillingDate": "1997-08-15", "acceptedDate": "1997-08-15 00:00:00", "calendarYear": "1997", "period": "FY", "revenue": 29000000, "costOfRevenue": 15600000, "grossProfit": 13400000, "grossProfitRatio": 0.4620689655, "researchAndDevelopmentExpenses": 1800000, "generalAndAdministrativeExpenses": 0, "sellingAndMarketingExpenses": 0, "sellingGeneralAndAdministrativeExpenses": 4300000, "otherExpenses": 3500000, "operatingExpenses": 9600000, "costAndExpenses": 25200000, "interestIncome": 0, "interestExpense": 0, "depreciationAndAmortization": 3500000, "ebitda": 7300000, "ebitdaratio": 0.2517241379, "operatingIncome": 3800000, "operatingIncomeRatio": 0.1310344828, "totalOtherIncomeExpensesNet": -100000, "incomeBeforeTax": 3700000, "incomeBeforeTaxRatio": 0.1275862069, "incomeTaxExpense": 200000, "netIncome": 3500000, "netIncomeRatio": 0.1206896552, "eps": 0.07, "epsdiluted": 0.07, "weightedAverageShsOut": 50000000, "weightedAverageShsOutDil": 50000000, "link": "https://www.sec.gov/Archives/edgar/data/895419/000095016897002327/0000950168-97-002327-index.html", "finalLink": "https://www.sec.gov/Archives/edgar/data/895419/", "calculatedOtherExpenses": 3500000, "calculatedOperatingExpenses": 9600000, "calculatedNetInterest": 0, "calculatedOtherIncome": -100000, "calculatedIncomeNonControlling": 0, "calculatedEbitda": 7300000}, {"date": "1996-06-30", "symbol": "WOLF", "reportedCurrency": "USD", "cik": "0000895419", "fillingDate": "1996-09-30", "acceptedDate": "1996-09-30 00:00:00", "calendarYear": "1996", "period": "FY", "revenue": 17000000, "costOfRevenue": 12400000, "grossProfit": 4600000, "grossProfitRatio": 0.2705882353, "researchAndDevelopmentExpenses": 400000, "generalAndAdministrativeExpenses": 0, "sellingAndMarketingExpenses": 0, "sellingGeneralAndAdministrativeExpenses": 2900000, "otherExpenses": 1800000, "operatingExpenses": 5100000, "costAndExpenses": 17500000, "interestIncome": 0, "interestExpense": 0, "depreciationAndAmortization": 1800000, "ebitda": 400000, "ebitdaratio": 0.0235294118, "operatingIncome": -500000, "operatingIncomeRatio": -0.0294117647, "totalOtherIncomeExpensesNet": 900000, "incomeBeforeTax": 400000, "incomeBeforeTaxRatio": 0.0235294118, "incomeTaxExpense": -800000, "netIncome": 300000, "netIncomeRatio": 0.0176470588, "eps": 0.01, "epsdiluted": 0.01, "weightedAverageShsOut": 40000000, "weightedAverageShsOutDil": 40000000, "link": "https://www.sec.gov/Archives/edgar/data/895419/000095016896001825/0000950168-96-001825-index.html", "finalLink": "https://www.sec.gov/Archives/edgar/data/895419/", "calculatedOtherExpenses": 1800000, "calculatedOperatingExpenses": 5100000, "calculatedNetInterest": 0, "calculatedOtherIncome": 900000, "calculatedIncomeNonControlling": 900000, "calculatedEbitda": 1300000}, {"date": "1995-06-30", "symbol": "WOLF", "reportedCurrency": "USD", "cik": "0000895419", "fillingDate": "1995-06-30", "acceptedDate": "1995-06-29 20:00:00", "calendarYear": "1995", "period": "FY", "revenue": 11100000, "costOfRevenue": 7100000, "grossProfit": 4000000, "grossProfitRatio": 0.3603603604, "researchAndDevelopmentExpenses": 500000, "generalAndAdministrativeExpenses": 0, "sellingAndMarketingExpenses": 0, "sellingGeneralAndAdministrativeExpenses": 2300000, "otherExpenses": 1500000, "operatingExpenses": 4300000, "costAndExpenses": 11400000, "interestIncome": 0, "interestExpense": 0, "depreciationAndAmortization": 1500000, "ebitda": 1200000, "ebitdaratio": 0.1081081081, "operatingIncome": -300000, "operatingIncomeRatio": -0.027027027, "totalOtherIncomeExpensesNet": 500000, "incomeBeforeTax": 200000, "incomeBeforeTaxRatio": 0.018018018, "incomeTaxExpense": 200000, "netIncome": 0, "netIncomeRatio": 0, "eps": 0, "epsdiluted": 0, "weightedAverageShsOut": 41604000, "weightedAverageShsOutDil": 41604000, "link": "", "finalLink": "", "calculatedOtherExpenses": 1500000, "calculatedOperatingExpenses": 4300000, "calculatedNetInterest": 0, "calculatedOtherIncome": 500000, "calculatedIncomeNonControlling": 0, "calculatedEbitda": 1200000}, {"date": "1994-06-30", "symbol": "WOLF", "reportedCurrency": "USD", "cik": "0000895419", "fillingDate": "1994-06-30", "acceptedDate": "1994-06-29 20:00:00", "calendarYear": "1994", "period": "FY", "revenue": 7500000, "costOfRevenue": 4800000, "grossProfit": 2700000, "grossProfitRatio": 0.36, "researchAndDevelopmentExpenses": 0, "generalAndAdministrativeExpenses": 0, "sellingAndMarketingExpenses": 0, "sellingGeneralAndAdministrativeExpenses": 2500000, "otherExpenses": 1000000, "operatingExpenses": 3500000, "costAndExpenses": 8300000, "interestIncome": 0, "interestExpense": 0, "depreciationAndAmortization": 1000000, "ebitda": -300000, "ebitdaratio": -0.04, "operatingIncome": -800000, "operatingIncomeRatio": -0.1066666667, "totalOtherIncomeExpensesNet": 500000, "incomeBeforeTax": -300000, "incomeBeforeTaxRatio": -0.04, "incomeTaxExpense": -400000, "netIncome": -400000, "netIncomeRatio": -0.0533333333, "eps": -0.01, "epsdiluted": -0.01, "weightedAverageShsOut": 40000000, "weightedAverageShsOutDil": 40000000, "link": "", "finalLink": "", "calculatedOtherExpenses": 1000000, "calculatedOperatingExpenses": 3500000, "calculatedNetInterest": 0, "calculatedOtherIncome": 500000, "calculatedIncomeNonControlling": 500000, "calculatedEbitda": 200000}, {"date": "1993-06-30", "symbol": "WOLF", "reportedCurrency": "USD", "cik": "0000895419", "fillingDate": "1993-06-30", "acceptedDate": "1993-06-29 20:00:00", "calendarYear": "1993", "period": "FY", "revenue": 6300000, "costOfRevenue": 3300000, "grossProfit": 3000000, "grossProfitRatio": 0.4761904762, "researchAndDevelopmentExpenses": 0, "generalAndAdministrativeExpenses": 0, "sellingAndMarketingExpenses": 0, "sellingGeneralAndAdministrativeExpenses": 1600000, "otherExpenses": 1000000, "operatingExpenses": 2600000, "costAndExpenses": 5900000, "interestIncome": 0, "interestExpense": 0, "depreciationAndAmortization": 1000000, "ebitda": 1100000, "ebitdaratio": 0.1746031746, "operatingIncome": 400000, "operatingIncomeRatio": 0.0634920635, "totalOtherIncomeExpensesNet": 300000, "incomeBeforeTax": 700000, "incomeBeforeTaxRatio": 0.1111111111, "incomeTaxExpense": -200000, "netIncome": 600000, "netIncomeRatio": 0.0952380952, "eps": 0.02, "epsdiluted": 0.02, "weightedAverageShsOut": 30000000, "weightedAverageShsOutDil": 30000000, "link": "", "finalLink": "", "calculatedOtherExpenses": 1000000, "calculatedOperatingExpenses": 2600000, "calculatedNetInterest": 0, "calculatedOtherIncome": 300000, "calculatedIncomeNonControlling": 300000, "calculatedEbitda": 1400000}]}