{"originalCurrency": "USD", "convertedCurrency": "USD", "report": [{"date": "2023-05-31", "symbol": "WOR", "reportedCurrency": "USD", "cik": "0000108516", "fillingDate": "2023-07-31", "acceptedDate": "2023-07-31 15:34:57", "calendarYear": "2023", "period": "FY", "revenue": 4916392000, "costOfRevenue": 4253080000, "grossProfit": 663312000, "grossProfitRatio": 0.1349184524, "researchAndDevelopmentExpenses": 0, "generalAndAdministrativeExpenses": 399335000, "sellingAndMarketingExpenses": 29537000, "sellingGeneralAndAdministrativeExpenses": 428872000, "otherExpenses": -1227000, "operatingExpenses": 428872000, "costAndExpenses": 4681952000, "interestIncome": 26759000, "interestExpense": 26759000, "depreciationAndAmortization": 112800000, "ebitda": 507000000, "ebitdaratio": 0.1031244051, "operatingIncome": 394200000, "operatingIncomeRatio": 0.0801807504, "totalOtherIncomeExpensesNet": -48832000, "incomeBeforeTax": 345368000, "incomeBeforeTaxRatio": 0.0702482634, "incomeTaxExpense": 76198000, "netIncome": 256528000, "netIncomeRatio": 0.0521781013, "eps": 5.28, "epsdiluted": 5.19, "weightedAverageShsOut": 48566000, "weightedAverageShsOutDil": 49386000, "link": "https://www.sec.gov/Archives/edgar/data/108516/000095017023035904/0000950170-23-035904-index.htm", "finalLink": "https://www.sec.gov/Archives/edgar/data/108516/000095017023035904/wor-20230531.htm", "calculatedOtherExpenses": -159760000, "calculatedOperatingExpenses": 269112000, "calculatedNetInterest": 0, "calculatedOtherIncome": -48832000, "calculatedIncomeNonControlling": 12642000, "calculatedEbitda": 507000000}, {"date": "2022-05-31", "symbol": "WOR", "reportedCurrency": "USD", "cik": "0000108516", "fillingDate": "2022-08-01", "acceptedDate": "2022-08-01 14:34:22", "calendarYear": "2022", "period": "FY", "revenue": 5242219000, "costOfRevenue": 4527403000, "grossProfit": 714816000, "grossProfitRatio": 0.1363575234, "researchAndDevelopmentExpenses": 0, "generalAndAdministrativeExpenses": 377955000, "sellingAndMarketingExpenses": 21613000, "sellingGeneralAndAdministrativeExpenses": 399568000, "otherExpenses": 2714000, "operatingExpenses": 399568000, "costAndExpenses": 4926971000, "interestIncome": 31337000, "interestExpense": 31337000, "depreciationAndAmortization": 98827000, "ebitda": 630430000, "ebitdaratio": 0.1202601417, "operatingIncome": 531603000, "operatingIncomeRatio": 0.1014080106, "totalOtherIncomeExpensesNet": -17317000, "incomeBeforeTax": 514286000, "incomeBeforeTaxRatio": 0.0981046385, "incomeTaxExpense": 115022000, "netIncome": 379386000, "netIncomeRatio": 0.0723712611, "eps": 7.6, "epsdiluted": 7.44, "weightedAverageShsOut": 49940000, "weightedAverageShsOutDil": 50993000, "link": "https://www.sec.gov/Archives/edgar/data/108516/000095017022013641/0000950170-22-013641-index.htm", "finalLink": "https://www.sec.gov/Archives/edgar/data/108516/000095017022013641/wor-20220531.htm", "calculatedOtherExpenses": -216355000, "calculatedOperatingExpenses": 183213000, "calculatedNetInterest": 0, "calculatedOtherIncome": -17317000, "calculatedIncomeNonControlling": 19878000, "calculatedEbitda": 630430000}, {"date": "2021-05-31", "symbol": "WOR", "reportedCurrency": "USD", "cik": "0000108516", "fillingDate": "2021-07-30", "acceptedDate": "2021-07-30 17:15:00", "calendarYear": "2021", "period": "FY", "revenue": 3171429000, "costOfRevenue": 2532351000, "grossProfit": 639078000, "grossProfitRatio": 0.2015110538, "researchAndDevelopmentExpenses": 0, "generalAndAdministrativeExpenses": 333683000, "sellingAndMarketingExpenses": 17462000, "sellingGeneralAndAdministrativeExpenses": 351145000, "otherExpenses": 2163000, "operatingExpenses": 351145000, "costAndExpenses": 2883496000, "interestIncome": 30346000, "interestExpense": 30346000, "depreciationAndAmortization": 87654000, "ebitda": 1105553000, "ebitdaratio": 0.3485977457, "operatingIncome": 1017899000, "operatingIncomeRatio": 0.3209591008, "totalOtherIncomeExpensesNet": -100182000, "incomeBeforeTax": 917717000, "incomeBeforeTaxRatio": 0.2893701861, "incomeTaxExpense": 176267000, "netIncome": 723795000, "netIncomeRatio": 0.2282236178, "eps": 13.73, "epsdiluted": 13.42, "weightedAverageShsOut": 52701000, "weightedAverageShsOutDil": 53917000, "link": "https://www.sec.gov/Archives/edgar/data/108516/000156459021039550/0001564590-21-039550-index.htm", "finalLink": "https://www.sec.gov/Archives/edgar/data/108516/000156459021039550/wor-10k_20210531.htm", "calculatedOtherExpenses": -729966000, "calculatedOperatingExpenses": -378821000, "calculatedNetInterest": 0, "calculatedOtherIncome": -100182000, "calculatedIncomeNonControlling": 17655000, "calculatedEbitda": 1105553000}, {"date": "2020-05-31", "symbol": "WOR", "reportedCurrency": "USD", "cik": "0000108516", "fillingDate": "2020-07-30", "acceptedDate": "2020-07-30 20:56:10", "calendarYear": "2020", "period": "FY", "revenue": 3059119000, "costOfRevenue": 2615782000, "grossProfit": 443337000, "grossProfitRatio": 0.1449230971, "researchAndDevelopmentExpenses": 0, "generalAndAdministrativeExpenses": 310507000, "sellingAndMarketingExpenses": 17603000, "sellingGeneralAndAdministrativeExpenses": 328110000, "otherExpenses": 9099000, "operatingExpenses": 328110000, "costAndExpenses": 2943892000, "interestIncome": 31616000, "interestExpense": 31616000, "depreciationAndAmortization": 92678000, "ebitda": 331852000, "ebitdaratio": 0.1084795982, "operatingIncome": 239174000, "operatingIncomeRatio": 0.0781839477, "totalOtherIncomeExpensesNet": -128388000, "incomeBeforeTax": 110786000, "incomeBeforeTaxRatio": 0.0362150018, "incomeTaxExpense": 26342000, "netIncome": 78796000, "netIncomeRatio": 0.0257577427, "eps": 1.43, "epsdiluted": 1.41, "weightedAverageShsOut": 54958000, "weightedAverageShsOutDil": 55983000, "link": "https://www.sec.gov/Archives/edgar/data/108516/000156459020034955/0001564590-20-034955-index.htm", "finalLink": "https://www.sec.gov/Archives/edgar/data/108516/000156459020034955/wor-10k_20200531.htm", "calculatedOtherExpenses": -123947000, "calculatedOperatingExpenses": 204163000, "calculatedNetInterest": 0, "calculatedOtherIncome": -128388000, "calculatedIncomeNonControlling": 5648000, "calculatedEbitda": 331852000}, {"date": "2019-05-31", "symbol": "WOR", "reportedCurrency": "USD", "cik": "0000108516", "fillingDate": "2019-07-30", "acceptedDate": "2019-07-30 17:20:41", "calendarYear": "2019", "period": "FY", "revenue": 3759556000, "costOfRevenue": 3279601000, "grossProfit": 479955000, "grossProfitRatio": 0.1276626814, "researchAndDevelopmentExpenses": 0, "generalAndAdministrativeExpenses": 322818000, "sellingAndMarketingExpenses": 15574000, "sellingGeneralAndAdministrativeExpenses": 338392000, "otherExpenses": 2716000, "operatingExpenses": 338392000, "costAndExpenses": 3617993000, "interestIncome": 38063000, "interestExpense": 38063000, "depreciationAndAmortization": 95602000, "ebitda": 336920000, "ebitdaratio": 0.0896169654, "operatingIncome": 241318000, "operatingIncomeRatio": 0.0641878988, "totalOtherIncomeExpensesNet": -34862000, "incomeBeforeTax": 206456000, "incomeBeforeTaxRatio": 0.0549149953, "incomeTaxExpense": 43183000, "netIncome": 153455000, "netIncomeRatio": 0.0408173199, "eps": 2.68, "epsdiluted": 2.61, "weightedAverageShsOut": 57196000, "weightedAverageShsOutDil": 58823000, "link": "https://www.sec.gov/Archives/edgar/data/108516/000156459019027053/0001564590-19-027053-index.htm", "finalLink": "https://www.sec.gov/Archives/edgar/data/108516/000156459019027053/wor-10k_20190531.htm", "calculatedOtherExpenses": -99755000, "calculatedOperatingExpenses": 238637000, "calculatedNetInterest": 0, "calculatedOtherIncome": -34862000, "calculatedIncomeNonControlling": 9818000, "calculatedEbitda": 336920000}, {"date": "2018-05-31", "symbol": "WOR", "reportedCurrency": "USD", "cik": "0000108516", "fillingDate": "2018-07-30", "acceptedDate": "2018-07-30 16:19:26", "calendarYear": "2018", "period": "FY", "revenue": 3581620000, "costOfRevenue": 3018763000, "grossProfit": 562857000, "grossProfitRatio": 0.1571515124, "researchAndDevelopmentExpenses": 0, "generalAndAdministrativeExpenses": 367460000, "sellingAndMarketingExpenses": 15236000, "sellingGeneralAndAdministrativeExpenses": 367460000, "otherExpenses": 2996000, "operatingExpenses": 367460000, "costAndExpenses": 3386223000, "interestIncome": 0, "interestExpense": 38675000, "depreciationAndAmortization": 103359000, "ebitda": 404891000, "ebitdaratio": 0.1130468894, "operatingIncome": 141610000, "operatingIncomeRatio": 0.0395379744, "totalOtherIncomeExpensesNet": 52348000, "incomeBeforeTax": 209070000, "incomeBeforeTaxRatio": 0.0583730267, "incomeTaxExpense": 8220000, "netIncome": 194794000, "netIncomeRatio": 0.0543871209, "eps": 3.2, "epsdiluted": 3.09, "weightedAverageShsOut": 60923000, "weightedAverageShsOutDil": 63042000, "link": "https://www.sec.gov/Archives/edgar/data/108516/000156459018017896/0001564590-18-017896-index.htm", "finalLink": "https://www.sec.gov/Archives/edgar/data/108516/000156459018017896/wor-10k_20180531.htm", "calculatedOtherExpenses": 53787000, "calculatedOperatingExpenses": 421247000, "calculatedNetInterest": -38675000, "calculatedOtherIncome": 106135000, "calculatedIncomeNonControlling": 6056000, "calculatedEbitda": 244969000}, {"date": "2017-05-31", "symbol": "WOR", "reportedCurrency": "USD", "cik": "0000108516", "fillingDate": "2017-07-24", "acceptedDate": "2017-07-24 17:25:39", "calendarYear": "2017", "period": "FY", "revenue": 3014108000, "costOfRevenue": 2478203000, "grossProfit": 535905000, "grossProfitRatio": 0.1777988712, "researchAndDevelopmentExpenses": 0, "generalAndAdministrativeExpenses": 316373000, "sellingAndMarketingExpenses": 14822000, "sellingGeneralAndAdministrativeExpenses": 316373000, "otherExpenses": 3764000, "operatingExpenses": 316373000, "costAndExpenses": 2794576000, "interestIncome": 0, "interestExpense": 29796000, "depreciationAndAmortization": 86793000, "ebitda": 420127000, "ebitdaratio": 0.1393868435, "operatingIncome": 213121000, "operatingIncomeRatio": 0.070707818, "totalOtherIncomeExpensesNet": 107391000, "incomeBeforeTax": 297127000, "incomeBeforeTaxRatio": 0.0985787503, "incomeTaxExpense": 79190000, "netIncome": 204515000, "netIncomeRatio": 0.0678525786, "eps": 3.28, "epsdiluted": 3.15, "weightedAverageShsOut": 62443000, "weightedAverageShsOutDil": 64874000, "link": "https://www.sec.gov/Archives/edgar/data/108516/000119312517234020/0001193125-17-234020-index.htm", "finalLink": "https://www.sec.gov/Archives/edgar/data/108516/000119312517234020/d410625d10k.htm", "calculatedOtherExpenses": 6411000, "calculatedOperatingExpenses": 322784000, "calculatedNetInterest": -29796000, "calculatedOtherIncome": 113802000, "calculatedIncomeNonControlling": 13422000, "calculatedEbitda": 299914000}, {"date": "2016-05-31", "symbol": "WOR", "reportedCurrency": "USD", "cik": "0000108516", "fillingDate": "2016-08-01", "acceptedDate": "2016-08-01 16:28:52", "calendarYear": "2016", "period": "FY", "revenue": 2819714000, "costOfRevenue": 2367121000, "grossProfit": 452593000, "grossProfitRatio": 0.1605102503, "researchAndDevelopmentExpenses": 4048000, "generalAndAdministrativeExpenses": 297402000, "sellingAndMarketingExpenses": 13970000, "sellingGeneralAndAdministrativeExpenses": 297402000, "otherExpenses": 11267000, "operatingExpenses": 297402000, "costAndExpenses": 2664523000, "interestIncome": 0, "interestExpense": 31670000, "depreciationAndAmortization": 84699000, "ebitda": 366123000, "ebitdaratio": 0.1298440196, "operatingIncome": 122052000, "operatingIncomeRatio": 0.043285241, "totalOtherIncomeExpensesNet": 93094000, "incomeBeforeTax": 216615000, "incomeBeforeTaxRatio": 0.0768216209, "incomeTaxExpense": 58987000, "netIncome": 143715000, "netIncomeRatio": 0.050967935, "eps": 2.3, "epsdiluted": 2.22, "weightedAverageShsOut": 62469000, "weightedAverageShsOutDil": 64755000, "link": "https://www.sec.gov/Archives/edgar/data/108516/000119312516666636/0001193125-16-666636-index.htm", "finalLink": "https://www.sec.gov/Archives/edgar/data/108516/000119312516666636/d174336d10k.htm", "calculatedOtherExpenses": 29091000, "calculatedOperatingExpenses": 330541000, "calculatedNetInterest": -31670000, "calculatedOtherIncome": 126233000, "calculatedIncomeNonControlling": 13913000, "calculatedEbitda": 206751000}, {"date": "2015-05-31", "symbol": "WOR", "reportedCurrency": "USD", "cik": "0000108516", "fillingDate": "2015-07-30", "acceptedDate": "2015-07-30 17:26:57", "calendarYear": "2015", "period": "FY", "revenue": 3384234000, "costOfRevenue": 2920701000, "grossProfit": 463533000, "grossProfitRatio": 0.1369683657, "researchAndDevelopmentExpenses": 0, "generalAndAdministrativeExpenses": 295920000, "sellingAndMarketingExpenses": 11153000, "sellingGeneralAndAdministrativeExpenses": 295920000, "otherExpenses": 795000, "operatingExpenses": 295920000, "costAndExpenses": 3216621000, "interestIncome": 0, "interestExpense": 35800000, "depreciationAndAmortization": 85089000, "ebitda": 340973000, "ebitdaratio": 0.1007533758, "operatingIncome": 60557000, "operatingIncomeRatio": 0.0178938572, "totalOtherIncomeExpensesNet": -18785000, "incomeBeforeTax": 113028000, "incomeBeforeTaxRatio": 0.0333983998, "incomeTaxExpense": 25772000, "netIncome": 76785000, "netIncomeRatio": 0.0226890339, "eps": 1.16, "epsdiluted": 1.12, "weightedAverageShsOut": 66309000, "weightedAverageShsOutDil": 68483000, "link": "https://www.sec.gov/Archives/edgar/data/108516/000119312515271107/0001193125-15-271107-index.htm", "finalLink": "https://www.sec.gov/Archives/edgar/data/108516/000119312515271107/d943911d10k.htm", "calculatedOtherExpenses": 107056000, "calculatedOperatingExpenses": 402976000, "calculatedNetInterest": -35800000, "calculatedOtherIncome": 88271000, "calculatedIncomeNonControlling": 10471000, "calculatedEbitda": 145646000}, {"date": "2014-05-31", "symbol": "WOR", "reportedCurrency": "USD", "cik": "0000108516", "fillingDate": "2014-07-30", "acceptedDate": "2014-07-30 17:16:29", "calendarYear": "2014", "period": "FY", "revenue": 3126426000, "costOfRevenue": 2633907000, "grossProfit": 492519000, "grossProfitRatio": 0.157534194, "researchAndDevelopmentExpenses": 0, "generalAndAdministrativeExpenses": 300396000, "sellingAndMarketingExpenses": 0, "sellingGeneralAndAdministrativeExpenses": 300396000, "otherExpenses": 16963000, "operatingExpenses": 300396000, "costAndExpenses": 2934303000, "interestIncome": 0, "interestExpense": 26671000, "depreciationAndAmortization": 79730000, "ebitda": 380272000, "ebitdaratio": 0.1216315371, "operatingIncome": 135753000, "operatingIncomeRatio": 0.0434211461, "totalOtherIncomeExpensesNet": 52049000, "incomeBeforeTax": 217501000, "incomeBeforeTaxRatio": 0.0695685745, "incomeTaxExpense": 57349000, "netIncome": 151300000, "netIncomeRatio": 0.0483939169, "eps": 2.19, "epsdiluted": 2.11, "weightedAverageShsOut": 68944000, "weightedAverageShsOutDil": 71664000, "link": "https://www.sec.gov/Archives/edgar/data/108516/000119312514287164/0001193125-14-287164-index.htm", "finalLink": "https://www.sec.gov/Archives/edgar/data/108516/000119312514287164/d745471d10k.htm", "calculatedOtherExpenses": 56370000, "calculatedOperatingExpenses": 356766000, "calculatedNetInterest": -26671000, "calculatedOtherIncome": 108419000, "calculatedIncomeNonControlling": 8852000, "calculatedEbitda": 215483000}, {"date": "2013-05-31", "symbol": "WOR", "reportedCurrency": "USD", "cik": "0000108516", "fillingDate": "2013-07-30", "acceptedDate": "2013-07-30 17:13:50", "calendarYear": "2013", "period": "FY", "revenue": 2612244000, "costOfRevenue": 2215601000, "grossProfit": 396643000, "grossProfitRatio": 0.1518399506, "researchAndDevelopmentExpenses": 0, "generalAndAdministrativeExpenses": 258324000, "sellingAndMarketingExpenses": 0, "sellingGeneralAndAdministrativeExpenses": 258324000, "otherExpenses": 1452000, "operatingExpenses": 258324000, "costAndExpenses": 2473925000, "interestIncome": 0, "interestExpense": 23918000, "depreciationAndAmortization": 66469000, "ebitda": 300864000, "ebitdaratio": 0.1151745396, "operatingIncome": 129142000, "operatingIncomeRatio": 0.0494371889, "totalOtherIncomeExpensesNet": 86899000, "incomeBeforeTax": 201300000, "incomeBeforeTaxRatio": 0.0770601827, "incomeTaxExpense": 64465000, "netIncome": 136442000, "netIncomeRatio": 0.0522317211, "eps": 1.97, "epsdiluted": 1.91, "weightedAverageShsOut": 69301000, "weightedAverageShsOutDil": 71314000, "link": "https://www.sec.gov/Archives/edgar/data/108516/000119312513310489/0001193125-13-310489-index.htm", "finalLink": "https://www.sec.gov/Archives/edgar/data/108516/000119312513310489/d548609d10k.htm", "calculatedOtherExpenses": 9177000, "calculatedOperatingExpenses": 267501000, "calculatedNetInterest": -23918000, "calculatedOtherIncome": 96076000, "calculatedIncomeNonControlling": 393000, "calculatedEbitda": 195611000}, {"date": "2012-05-31", "symbol": "WOR", "reportedCurrency": "USD", "cik": "0000108516", "fillingDate": "2012-07-30", "acceptedDate": "2012-07-30 16:07:21", "calendarYear": "2012", "period": "FY", "revenue": 2534701000, "costOfRevenue": 2201833000, "grossProfit": 332868000, "grossProfitRatio": 0.1313243653, "researchAndDevelopmentExpenses": 0, "generalAndAdministrativeExpenses": 225069000, "sellingAndMarketingExpenses": 0, "sellingGeneralAndAdministrativeExpenses": 225069000, "otherExpenses": 2319000, "operatingExpenses": 225069000, "costAndExpenses": 2426902000, "interestIncome": 0, "interestExpense": 19497000, "depreciationAndAmortization": 55873000, "ebitda": 258816000, "ebitdaratio": 0.1021090851, "operatingIncome": 101610000, "operatingIncomeRatio": 0.0400875685, "totalOtherIncomeExpensesNet": 88955000, "incomeBeforeTax": 177257000, "incomeBeforeTaxRatio": 0.0699321143, "incomeTaxExpense": 51904000, "netIncome": 115595000, "netIncomeRatio": 0.0456049846, "eps": 1.66, "epsdiluted": 1.65, "weightedAverageShsOut": 69651000, "weightedAverageShsOutDil": 70252000, "link": "https://www.sec.gov/Archives/edgar/data/108516/000119312512322427/0001193125-12-322427-index.htm", "finalLink": "https://www.sec.gov/Archives/edgar/data/108516/000119312512322427/d353906d10k.htm", "calculatedOtherExpenses": 6189000, "calculatedOperatingExpenses": 231258000, "calculatedNetInterest": -19497000, "calculatedOtherIncome": 95144000, "calculatedIncomeNonControlling": 9758000, "calculatedEbitda": 157483000}, {"date": "2011-05-31", "symbol": "WOR", "reportedCurrency": "USD", "cik": "0000108516", "fillingDate": "2011-08-01", "acceptedDate": "2011-08-01 16:29:45", "calendarYear": "2011", "period": "FY", "revenue": 2442624000, "costOfRevenue": 2086467000, "grossProfit": 356157000, "grossProfitRatio": 0.145809179, "researchAndDevelopmentExpenses": 0, "generalAndAdministrativeExpenses": 235198000, "sellingAndMarketingExpenses": 0, "sellingGeneralAndAdministrativeExpenses": 235198000, "otherExpenses": -10436000, "operatingExpenses": 224762000, "costAndExpenses": 2311229000, "interestIncome": 0, "interestExpense": 18756000, "depreciationAndAmortization": 61058000, "ebitda": 268786000, "ebitdaratio": 0.1100398588, "operatingIncome": 124356000, "operatingIncomeRatio": 0.0509108238, "totalOtherIncomeExpensesNet": 69891000, "incomeBeforeTax": 182530000, "incomeBeforeTaxRatio": 0.0747270149, "incomeTaxExpense": 58496000, "netIncome": 115066000, "netIncomeRatio": 0.0471075368, "eps": 1.54, "epsdiluted": 1.53, "weightedAverageShsOut": 74803000, "weightedAverageShsOutDil": 75409000, "link": "https://www.sec.gov/Archives/edgar/data/108516/000119312511204674/0001193125-11-204674-index.htm", "finalLink": "https://www.sec.gov/Archives/edgar/data/108516/000119312511204674/d10k.htm", "calculatedOtherExpenses": -3397000, "calculatedOperatingExpenses": 231801000, "calculatedNetInterest": -18756000, "calculatedOtherIncome": 76930000, "calculatedIncomeNonControlling": 8968000, "calculatedEbitda": 185414000}, {"date": "2010-05-31", "symbol": "WOR", "reportedCurrency": "USD", "cik": "0000108516", "fillingDate": "2010-07-30", "acceptedDate": "2010-07-30 11:40:51", "calendarYear": "2010", "period": "FY", "revenue": 1943034000, "costOfRevenue": 1663104000, "grossProfit": 279930000, "grossProfitRatio": 0.1440685032, "researchAndDevelopmentExpenses": 0, "generalAndAdministrativeExpenses": 218315000, "sellingAndMarketingExpenses": 0, "sellingGeneralAndAdministrativeExpenses": 218315000, "otherExpenses": 0, "operatingExpenses": 218315000, "costAndExpenses": 1881419000, "interestIncome": 0, "interestExpense": 9534000, "depreciationAndAmortization": 64653000, "ebitda": 190869000, "ebitdaratio": 0.098232455, "operatingIncome": 21963000, "operatingIncomeRatio": 0.0113034563, "totalOtherIncomeExpensesNet": 26076000, "incomeBeforeTax": 78157000, "incomeBeforeTaxRatio": 0.0402242061, "incomeTaxExpense": 26650000, "netIncome": 45241000, "netIncomeRatio": 0.0232836893, "eps": 0.57, "epsdiluted": 0.57, "weightedAverageShsOut": 79127000, "weightedAverageShsOutDil": 79143000, "link": "https://www.sec.gov/Archives/edgar/data/108516/000119312510171815/0001193125-10-171815-index.htm", "finalLink": "https://www.sec.gov/Archives/edgar/data/108516/000119312510171815/d10k.htm", "calculatedOtherExpenses": 39652000, "calculatedOperatingExpenses": 257967000, "calculatedNetInterest": -9534000, "calculatedOtherIncome": 65728000, "calculatedIncomeNonControlling": 6266000, "calculatedEbitda": 86616000}, {"date": "2009-05-31", "symbol": "WOR", "reportedCurrency": "USD", "cik": "0000108516", "fillingDate": "2009-07-30", "acceptedDate": "2009-07-30 16:12:03", "calendarYear": "2009", "period": "FY", "revenue": 2631267000, "costOfRevenue": 2456533000, "grossProfit": 174734000, "grossProfitRatio": 0.0664067919, "researchAndDevelopmentExpenses": 0, "generalAndAdministrativeExpenses": 210046000, "sellingAndMarketingExpenses": 0, "sellingGeneralAndAdministrativeExpenses": 210046000, "otherExpenses": 0, "operatingExpenses": 210046000, "costAndExpenses": 2666579000, "interestIncome": 0, "interestExpense": 20734000, "depreciationAndAmortization": 64073000, "ebitda": 77350000, "ebitdaratio": 0.0293964847, "operatingIncome": -175296000, "operatingIncomeRatio": -0.0666203772, "totalOtherIncomeExpensesNet": -89922000, "incomeBeforeTax": -145968000, "incomeBeforeTaxRatio": -0.0554744159, "incomeTaxExpense": -37754000, "netIncome": -108214000, "netIncomeRatio": -0.0411261951, "eps": -1.37, "epsdiluted": -1.37, "weightedAverageShsOut": 78903000, "weightedAverageShsOutDil": 78903000, "link": "https://www.sec.gov/Archives/edgar/data/108516/000119312509159541/0001193125-09-159541-index.htm", "finalLink": "https://www.sec.gov/Archives/edgar/data/108516/000119312509159541/d10k.htm", "calculatedOtherExpenses": 139984000, "calculatedOperatingExpenses": 350030000, "calculatedNetInterest": -20734000, "calculatedOtherIncome": 50062000, "calculatedIncomeNonControlling": 0, "calculatedEbitda": -111223000}, {"date": "2008-05-31", "symbol": "WOR", "reportedCurrency": "USD", "cik": "0000108516", "fillingDate": "2008-07-30", "acceptedDate": "2008-07-30 16:23:41", "calendarYear": "2008", "period": "FY", "revenue": 3067161000, "costOfRevenue": 2711414000, "grossProfit": 355747000, "grossProfitRatio": 0.1159857601, "researchAndDevelopmentExpenses": 0, "generalAndAdministrativeExpenses": 231602000, "sellingAndMarketingExpenses": 0, "sellingGeneralAndAdministrativeExpenses": 231602000, "otherExpenses": 0, "operatingExpenses": 231602000, "costAndExpenses": 2943016000, "interestIncome": 0, "interestExpense": -21452000, "depreciationAndAmortization": 63413000, "ebitda": 212017000, "ebitdaratio": 0.0691248356, "operatingIncome": 106034000, "operatingIncomeRatio": 0.0345707317, "totalOtherIncomeExpensesNet": 43000000, "incomeBeforeTax": 145693000, "incomeBeforeTaxRatio": 0.04750093, "incomeTaxExpense": 38616000, "netIncome": 107077000, "netIncomeRatio": 0.0349107856, "eps": 1.32, "epsdiluted": 1.31, "weightedAverageShsOut": 81232000, "weightedAverageShsOutDil": 81898000, "link": "https://www.sec.gov/Archives/edgar/data/108516/000119312508161395/0001193125-08-161395-index.htm", "finalLink": "https://www.sec.gov/Archives/edgar/data/108516/000119312508161395/d10k.htm", "calculatedOtherExpenses": 18111000, "calculatedOperatingExpenses": 249713000, "calculatedNetInterest": 21452000, "calculatedOtherIncome": 18207000, "calculatedIncomeNonControlling": 0, "calculatedEbitda": 169447000}, {"date": "2007-05-31", "symbol": "WOR", "reportedCurrency": "USD", "cik": "0000108516", "fillingDate": "2007-07-30", "acceptedDate": "2007-07-30 16:55:23", "calendarYear": "2007", "period": "FY", "revenue": 2971808000, "costOfRevenue": 2610176000, "grossProfit": 361632000, "grossProfitRatio": 0.1216875384, "researchAndDevelopmentExpenses": 0, "generalAndAdministrativeExpenses": 232487000, "sellingAndMarketingExpenses": 0, "sellingGeneralAndAdministrativeExpenses": 232487000, "otherExpenses": 0, "operatingExpenses": 232487000, "costAndExpenses": 2842663000, "interestIncome": 0, "interestExpense": -21895000, "depreciationAndAmortization": 61469000, "ebitda": 195060000, "ebitdaratio": 0.065636811, "operatingIncome": 129145000, "operatingIncomeRatio": 0.0434567105, "totalOtherIncomeExpensesNet": 58767000, "incomeBeforeTax": 166017000, "incomeBeforeTaxRatio": 0.0558639724, "incomeTaxExpense": 52112000, "netIncome": 113905000, "netIncomeRatio": 0.0383285192, "eps": 1.32, "epsdiluted": 1.31, "weightedAverageShsOut": 86351000, "weightedAverageShsOutDil": 87002000, "link": "https://www.sec.gov/Archives/edgar/data/108516/000119312507165466/0001193125-07-165466-index.htm", "finalLink": "https://www.sec.gov/Archives/edgar/data/108516/000119312507165466/d10k.htm", "calculatedOtherExpenses": 0, "calculatedOperatingExpenses": 232487000, "calculatedNetInterest": 21895000, "calculatedOtherIncome": 14977000, "calculatedIncomeNonControlling": 0, "calculatedEbitda": 190614000}, {"date": "2006-05-31", "symbol": "WOR", "reportedCurrency": "USD", "cik": "0000108516", "fillingDate": "2006-08-11", "acceptedDate": "2006-08-11 16:13:23", "calendarYear": "2006", "period": "FY", "revenue": 2897179000, "costOfRevenue": 2525545000, "grossProfit": 371634000, "grossProfitRatio": 0.1282744352, "researchAndDevelopmentExpenses": 0, "generalAndAdministrativeExpenses": 214030000, "sellingAndMarketingExpenses": 0, "sellingGeneralAndAdministrativeExpenses": 214030000, "otherExpenses": 26609000, "operatingExpenses": 240639000, "costAndExpenses": 2766184000, "interestIncome": 0, "interestExpense": -26279000, "depreciationAndAmortization": 59116000, "ebitda": 165026000, "ebitdaratio": 0.0569609265, "operatingIncome": 157604000, "operatingIncomeRatio": 0.0543991241, "totalOtherIncomeExpensesNet": 81424000, "incomeBeforeTax": 212749000, "incomeBeforeTaxRatio": 0.0734331569, "incomeTaxExpense": 66759000, "netIncome": 145990000, "netIncomeRatio": 0.050390397, "eps": 1.65, "epsdiluted": 1.64, "weightedAverageShsOut": 88288000, "weightedAverageShsOutDil": 88976000, "link": "https://www.sec.gov/Archives/edgar/data/108516/000119312506170895/0001193125-06-170895-index.htm", "finalLink": "https://www.sec.gov/Archives/edgar/data/108516/000119312506170895/d10k.htm", "calculatedOtherExpenses": 0, "calculatedOperatingExpenses": 214030000, "calculatedNetInterest": 26279000, "calculatedOtherIncome": 28866000, "calculatedIncomeNonControlling": 0, "calculatedEbitda": 216720000}, {"date": "2005-05-31", "symbol": "WOR", "reportedCurrency": "USD", "cik": "0000108516", "fillingDate": "2005-08-15", "acceptedDate": "2005-08-15 11:23:23", "calendarYear": "2005", "period": "FY", "revenue": 3078884000, "costOfRevenue": 2580011000, "grossProfit": 498873000, "grossProfitRatio": 0.162030463, "researchAndDevelopmentExpenses": 0, "generalAndAdministrativeExpenses": 225915000, "sellingAndMarketingExpenses": 0, "sellingGeneralAndAdministrativeExpenses": 225915000, "otherExpenses": 0, "operatingExpenses": 225915000, "costAndExpenses": 2805926000, "interestIncome": 0, "interestExpense": -24761000, "depreciationAndAmortization": 57874000, "ebitda": 350039000, "ebitdaratio": 0.1136902202, "operatingIncome": 267350000, "operatingIncomeRatio": 0.0868334111, "totalOtherIncomeExpensesNet": 34664000, "incomeBeforeTax": 288469000, "incomeBeforeTaxRatio": 0.0936927146, "incomeTaxExpense": 109057000, "netIncome": 179412000, "netIncomeRatio": 0.0582717634, "eps": 2.05, "epsdiluted": 2.03, "weightedAverageShsOut": 87646000, "weightedAverageShsOutDil": 88503000, "link": "https://www.sec.gov/Archives/edgar/data/108516/000119312505167952/0001193125-05-167952-index.htm", "finalLink": "https://www.sec.gov/Archives/edgar/data/108516/000119312505167952/d10k.htm", "calculatedOtherExpenses": 5608000, "calculatedOperatingExpenses": 231523000, "calculatedNetInterest": 24761000, "calculatedOtherIncome": -3642000, "calculatedIncomeNonControlling": 0, "calculatedEbitda": 325224000}, {"date": "2004-05-31", "symbol": "WOR", "reportedCurrency": "USD", "cik": "0000108516", "fillingDate": "2004-08-16", "acceptedDate": "2004-08-16 16:47:39", "calendarYear": "2004", "period": "FY", "revenue": 2379104000, "costOfRevenue": 2003734000, "grossProfit": 375370000, "grossProfitRatio": 0.1577778861, "researchAndDevelopmentExpenses": 0, "generalAndAdministrativeExpenses": 195785000, "sellingAndMarketingExpenses": 0, "sellingGeneralAndAdministrativeExpenses": 195785000, "otherExpenses": 0, "operatingExpenses": 195785000, "costAndExpenses": 2199519000, "interestIncome": 0, "interestExpense": -22198000, "depreciationAndAmortization": 67302000, "ebitda": 387272000, "ebitdaratio": 0.1627806098, "operatingIncome": 110187000, "operatingIncomeRatio": 0.0463144949, "totalOtherIncomeExpensesNet": -99321000, "incomeBeforeTax": 127464000, "incomeBeforeTaxRatio": 0.0535764725, "incomeTaxExpense": 40712000, "netIncome": 86752000, "netIncomeRatio": 0.0364641478, "eps": 1.01, "epsdiluted": 1, "weightedAverageShsOut": 86312000, "weightedAverageShsOutDil": 86950000, "link": "https://www.sec.gov/Archives/edgar/data/108516/000095015204006330/0000950152-04-006330-index.htm", "finalLink": "https://www.sec.gov/Archives/edgar/data/108516/000095015204006330/l09070ae10vk.htm", "calculatedOtherExpenses": 69398000, "calculatedOperatingExpenses": 265183000, "calculatedNetInterest": 22198000, "calculatedOtherIncome": -4921000, "calculatedIncomeNonControlling": 0, "calculatedEbitda": 177489000}, {"date": "2003-05-31", "symbol": "WOR", "reportedCurrency": "USD", "cik": "0000108516", "fillingDate": "2003-08-22", "acceptedDate": "2003-08-22 14:20:12", "calendarYear": "2003", "period": "FY", "revenue": 2219891000, "costOfRevenue": 1916990000, "grossProfit": 302901000, "grossProfitRatio": 0.1364485914, "researchAndDevelopmentExpenses": 0, "generalAndAdministrativeExpenses": 182692000, "sellingAndMarketingExpenses": 0, "sellingGeneralAndAdministrativeExpenses": 182692000, "otherExpenses": -5500000, "operatingExpenses": 177192000, "costAndExpenses": 2094182000, "interestIncome": 0, "interestExpense": -24766000, "depreciationAndAmortization": 69419000, "ebitda": 207546000, "ebitdaratio": 0.0934937796, "operatingIncome": 125931000, "operatingIncomeRatio": 0.056728461, "totalOtherIncomeExpensesNet": 17555000, "incomeBeforeTax": 118398000, "incomeBeforeTaxRatio": 0.0533350511, "incomeTaxExpense": 43215000, "netIncome": 75183000, "netIncomeRatio": 0.0338678791, "eps": 0.88, "epsdiluted": 0.87, "weightedAverageShsOut": 85785000, "weightedAverageShsOutDil": 86537000, "link": "https://www.sec.gov/Archives/edgar/data/108516/000095015203007882/0000950152-03-007882-index.htm", "finalLink": "https://www.sec.gov/Archives/edgar/data/108516/000095015203007882/l02541ae10vk.htm", "calculatedOtherExpenses": -5722000, "calculatedOperatingExpenses": 176970000, "calculatedNetInterest": 24766000, "calculatedOtherIncome": -32299000, "calculatedIncomeNonControlling": 0, "calculatedEbitda": 195350000}, {"date": "2002-05-31", "symbol": "WOR", "reportedCurrency": "USD", "cik": "0000108516", "fillingDate": "2002-08-21", "acceptedDate": "2002-08-21 16:52:22", "calendarYear": "2002", "period": "FY", "revenue": 1744961000, "costOfRevenue": 1480184000, "grossProfit": 264777000, "grossProfitRatio": 0.1517380618, "researchAndDevelopmentExpenses": 0, "generalAndAdministrativeExpenses": 165885000, "sellingAndMarketingExpenses": 0, "sellingGeneralAndAdministrativeExpenses": 165885000, "otherExpenses": -21223000, "operatingExpenses": 144662000, "costAndExpenses": 1624846000, "interestIncome": 0, "interestExpense": 0, "depreciationAndAmortization": 68887000, "ebitda": 299247000, "ebitdaratio": 0.1714920849, "operatingIncome": 34317000, "operatingIncomeRatio": 0.0196663421, "totalOtherIncomeExpensesNet": -87135000, "incomeBeforeTax": 10240000, "incomeBeforeTaxRatio": 0.005868326, "incomeTaxExpense": 3738000, "netIncome": 6502000, "netIncomeRatio": 0.0037261578, "eps": 0.08, "epsdiluted": 0.0757, "weightedAverageShsOut": 85408000, "weightedAverageShsOutDil": 85929000, "link": "https://www.sec.gov/Archives/edgar/data/108516/000095015202006581/0000950152-02-006581-index.htm", "finalLink": "https://www.sec.gov/Archives/edgar/data/108516/000095015202006581/l95946ae10vk.txt", "calculatedOtherExpenses": 64575000, "calculatedOperatingExpenses": 230460000, "calculatedNetInterest": 0, "calculatedOtherIncome": -24077000, "calculatedIncomeNonControlling": 0, "calculatedEbitda": 103204000}, {"date": "2001-05-31", "symbol": "WOR", "reportedCurrency": "USD", "cik": "0000108516", "fillingDate": "2001-08-29", "acceptedDate": "2001-08-29 00:00:00", "calendarYear": "2001", "period": "FY", "revenue": 1826100000, "costOfRevenue": 1581178000, "grossProfit": 244922000, "grossProfitRatio": 0.1341229944, "researchAndDevelopmentExpenses": 0, "generalAndAdministrativeExpenses": 173264000, "sellingAndMarketingExpenses": 0, "sellingGeneralAndAdministrativeExpenses": 173264000, "otherExpenses": 0, "operatingExpenses": 173264000, "costAndExpenses": 1754442000, "interestIncome": 0, "interestExpense": 0, "depreciationAndAmortization": 70582000, "ebitda": 149642000, "ebitdaratio": 0.0819462242, "operatingIncome": 65184000, "operatingIncomeRatio": 0.035695745, "totalOtherIncomeExpensesNet": 17799000, "incomeBeforeTax": 56008000, "incomeBeforeTaxRatio": 0.0306708285, "incomeTaxExpense": 20443000, "netIncome": 35565000, "netIncomeRatio": 0.0194759323, "eps": 0.42, "epsdiluted": 0.42, "weightedAverageShsOut": 85590000, "weightedAverageShsOutDil": 85623000, "link": "https://www.sec.gov/Archives/edgar/data/108516/000095015201504177/0000950152-01-504177-index.htm", "finalLink": "https://www.sec.gov/Archives/edgar/data/108516/000095015201504177/l90105ae10-k405.txt", "calculatedOtherExpenses": 6474000, "calculatedOperatingExpenses": 179738000, "calculatedNetInterest": 0, "calculatedOtherIncome": -9176000, "calculatedIncomeNonControlling": 0, "calculatedEbitda": 135766000}, {"date": "2000-05-31", "symbol": "WOR", "reportedCurrency": "USD", "cik": "0000108516", "fillingDate": "2000-08-29", "acceptedDate": "2000-08-29 00:00:00", "calendarYear": "2000", "period": "FY", "revenue": 1962606000, "costOfRevenue": 1558458000, "grossProfit": 404148000, "grossProfitRatio": 0.2059241641, "researchAndDevelopmentExpenses": 0, "generalAndAdministrativeExpenses": 163662000, "sellingAndMarketingExpenses": 0, "sellingGeneralAndAdministrativeExpenses": 163662000, "otherExpenses": 70997000, "operatingExpenses": 234659000, "costAndExpenses": 1793117000, "interestIncome": 0, "interestExpense": 0, "depreciationAndAmortization": 70997000, "ebitda": 228107000, "ebitdaratio": 0.1162265885, "operatingIncome": 160936000, "operatingIncomeRatio": 0.082001176, "totalOtherIncomeExpensesNet": 12379000, "incomeBeforeTax": 150642000, "incomeBeforeTaxRatio": 0.076756109, "incomeTaxExpense": 56491000, "netIncome": 94151000, "netIncomeRatio": 0.0479724407, "eps": 1.06, "epsdiluted": 1.06, "weightedAverageShsOut": 88411000, "weightedAverageShsOutDil": 88598000, "link": "https://www.sec.gov/Archives/edgar/data/108516/000095015200006350/0000950152-00-006350-index.htm", "finalLink": "https://www.sec.gov/Archives/edgar/data/108516/000095015200006350/e10-k405.txt", "calculatedOtherExpenses": 79550000, "calculatedOperatingExpenses": 243212000, "calculatedNetInterest": 0, "calculatedOtherIncome": -10294000, "calculatedIncomeNonControlling": 0, "calculatedEbitda": 231933000}, {"date": "1999-05-31", "symbol": "WOR", "reportedCurrency": "USD", "cik": "0000108516", "fillingDate": "1999-08-27", "acceptedDate": "1999-08-27 00:00:00", "calendarYear": "1999", "period": "FY", "revenue": 1763100000, "costOfRevenue": 1390400000, "grossProfit": 372700000, "grossProfitRatio": 0.2113890307, "researchAndDevelopmentExpenses": 0, "generalAndAdministrativeExpenses": 148000000, "sellingAndMarketingExpenses": 0, "sellingGeneralAndAdministrativeExpenses": 148000000, "otherExpenses": 78500000, "operatingExpenses": 226500000, "costAndExpenses": 1616900000, "interestIncome": 0, "interestExpense": 0, "depreciationAndAmortization": 78500000, "ebitda": 195000000, "ebitdaratio": 0.1106006466, "operatingIncome": 146200000, "operatingIncomeRatio": 0.0829221258, "totalOtherIncomeExpensesNet": 29700000, "incomeBeforeTax": 132700000, "incomeBeforeTaxRatio": 0.075265158, "incomeTaxExpense": 49100000, "netIncome": 54900000, "netIncomeRatio": 0.0311383359, "eps": 0.59, "epsdiluted": 0.59, "weightedAverageShsOut": 93016000, "weightedAverageShsOutDil": 93106000, "link": "https://www.sec.gov/Archives/edgar/data/108516/000095015299007196/0000950152-99-007196-index.html", "finalLink": "https://www.sec.gov/Archives/edgar/data/108516/000095015299007196/", "calculatedOtherExpenses": 78500000, "calculatedOperatingExpenses": 226500000, "calculatedNetInterest": 0, "calculatedOtherIncome": -13500000, "calculatedIncomeNonControlling": 28700000, "calculatedEbitda": 224700000}, {"date": "1998-05-31", "symbol": "WOR", "reportedCurrency": "USD", "cik": "0000108516", "fillingDate": "1998-08-28", "acceptedDate": "1998-08-28 00:00:00", "calendarYear": "1998", "period": "FY", "revenue": 1624400000, "costOfRevenue": 1310300000, "grossProfit": 314100000, "grossProfitRatio": 0.1933637035, "researchAndDevelopmentExpenses": 0, "generalAndAdministrativeExpenses": 117100000, "sellingAndMarketingExpenses": 0, "sellingGeneralAndAdministrativeExpenses": 117100000, "otherExpenses": 61500000, "operatingExpenses": 178600000, "costAndExpenses": 1488900000, "interestIncome": 0, "interestExpense": 0, "depreciationAndAmortization": 61500000, "ebitda": 176300000, "ebitdaratio": 0.1085323812, "operatingIncome": 135500000, "operatingIncomeRatio": 0.0834154149, "totalOtherIncomeExpensesNet": 20700000, "incomeBeforeTax": 130600000, "incomeBeforeTaxRatio": 0.0803989165, "incomeTaxExpense": 48300000, "netIncome": 118400000, "netIncomeRatio": 0.0728884511, "eps": 1.22, "epsdiluted": 1.22, "weightedAverageShsOut": 96751000, "weightedAverageShsOutDil": 96949000, "link": "https://www.sec.gov/Archives/edgar/data/108516/000095015298007142/0000950152-98-007142-index.html", "finalLink": "https://www.sec.gov/Archives/edgar/data/108516/", "calculatedOtherExpenses": 61500000, "calculatedOperatingExpenses": 178600000, "calculatedNetInterest": 0, "calculatedOtherIncome": -4900000, "calculatedIncomeNonControlling": -36100000, "calculatedEbitda": 197000000}, {"date": "1997-05-31", "symbol": "WOR", "reportedCurrency": "USD", "cik": "0000108516", "fillingDate": "1997-08-28", "acceptedDate": "1997-08-28 00:00:00", "calendarYear": "1997", "period": "FY", "revenue": 1911700000, "costOfRevenue": 1582800000, "grossProfit": 328900000, "grossProfitRatio": 0.1720458231, "researchAndDevelopmentExpenses": 0, "generalAndAdministrativeExpenses": 123300000, "sellingAndMarketingExpenses": 0, "sellingGeneralAndAdministrativeExpenses": 123300000, "otherExpenses": 51400000, "operatingExpenses": 174700000, "costAndExpenses": 1757500000, "interestIncome": 0, "interestExpense": 0, "depreciationAndAmortization": 51400000, "ebitda": 190900000, "ebitdaratio": 0.0998587645, "operatingIncome": 154200000, "operatingIncomeRatio": 0.0806611916, "totalOtherIncomeExpensesNet": 14700000, "incomeBeforeTax": 150500000, "incomeBeforeTaxRatio": 0.0787257415, "incomeTaxExpense": 57200000, "netIncome": 93300000, "netIncomeRatio": 0.0488047288, "eps": 0.96, "epsdiluted": 0.96, "weightedAverageShsOut": 97187500, "weightedAverageShsOutDil": 97187500, "link": "https://www.sec.gov/Archives/edgar/data/108516/000095015297006301/0000950152-97-006301-index.html", "finalLink": "https://www.sec.gov/Archives/edgar/data/108516/", "calculatedOtherExpenses": 51400000, "calculatedOperatingExpenses": 174700000, "calculatedNetInterest": 0, "calculatedOtherIncome": -3700000, "calculatedIncomeNonControlling": 0, "calculatedEbitda": 205600000}, {"date": "1996-05-31", "symbol": "WOR", "reportedCurrency": "USD", "cik": "0000108516", "fillingDate": "1996-08-29", "acceptedDate": "1996-08-29 00:00:00", "calendarYear": "1996", "period": "FY", "revenue": 1477800000, "costOfRevenue": 1217400000, "grossProfit": 260400000, "grossProfitRatio": 0.1762078766, "researchAndDevelopmentExpenses": 0, "generalAndAdministrativeExpenses": 95100000, "sellingAndMarketingExpenses": 0, "sellingGeneralAndAdministrativeExpenses": 95100000, "otherExpenses": 39200000, "operatingExpenses": 134300000, "costAndExpenses": 1351700000, "interestIncome": 0, "interestExpense": 0, "depreciationAndAmortization": 39200000, "ebitda": 135300000, "ebitdaratio": 0.0915550142, "operatingIncome": 126100000, "operatingIncomeRatio": 0.0853295439, "totalOtherIncomeExpensesNet": 30000000, "incomeBeforeTax": 147800000, "incomeBeforeTaxRatio": 0.1000135336, "incomeTaxExpense": 56500000, "netIncome": 91300000, "netIncomeRatio": 0.0617810258, "eps": 1.05, "epsdiluted": 1.05, "weightedAverageShsOut": 96190476, "weightedAverageShsOutDil": 96190476, "link": "https://www.sec.gov/Archives/edgar/data/108516/000089646396000136/0000896463-96-000136-index.html", "finalLink": "https://www.sec.gov/Archives/edgar/data/108516/", "calculatedOtherExpenses": 39200000, "calculatedOperatingExpenses": 134300000, "calculatedNetInterest": 0, "calculatedOtherIncome": 21700000, "calculatedIncomeNonControlling": 0, "calculatedEbitda": 165300000}, {"date": "1995-05-31", "symbol": "WOR", "reportedCurrency": "USD", "cik": "0000108516", "fillingDate": "1995-08-28", "acceptedDate": "1995-08-28 00:00:00", "calendarYear": "1995", "period": "FY", "revenue": 1483600000, "costOfRevenue": 1210500000, "grossProfit": 273100000, "grossProfitRatio": 0.1840792666, "researchAndDevelopmentExpenses": 0, "generalAndAdministrativeExpenses": 85100000, "sellingAndMarketingExpenses": 0, "sellingGeneralAndAdministrativeExpenses": 85100000, "otherExpenses": 34100000, "operatingExpenses": 119200000, "costAndExpenses": 1329700000, "interestIncome": 0, "interestExpense": 0, "depreciationAndAmortization": 34100000, "ebitda": 149100000, "ebitdaratio": 0.1004987867, "operatingIncome": 153900000, "operatingIncomeRatio": 0.1037341602, "totalOtherIncomeExpensesNet": 38900000, "incomeBeforeTax": 186700000, "incomeBeforeTaxRatio": 0.1258425452, "incomeTaxExpense": 70000000, "netIncome": 116700000, "netIncomeRatio": 0.0786600162, "eps": 1.29, "epsdiluted": 1.29, "weightedAverageShsOut": 90730000, "weightedAverageShsOutDil": 90730000, "link": "https://www.sec.gov/Archives/edgar/data/108516/000089646395000121/0000896463-95-000121-index.html", "finalLink": "https://www.sec.gov/Archives/edgar/data/108516/0000896463-95-000121.txt", "calculatedOtherExpenses": 34100000, "calculatedOperatingExpenses": 119200000, "calculatedNetInterest": 0, "calculatedOtherIncome": 32800000, "calculatedIncomeNonControlling": 0, "calculatedEbitda": 188000000}, {"date": "1994-05-31", "symbol": "WOR", "reportedCurrency": "USD", "cik": "0000108516", "fillingDate": "1994-08-29", "acceptedDate": "1994-08-29 00:00:00", "calendarYear": "1994", "period": "FY", "revenue": 1285100000, "costOfRevenue": 1061000000, "grossProfit": 224100000, "grossProfitRatio": 0.1743833165, "researchAndDevelopmentExpenses": 0, "generalAndAdministrativeExpenses": 72400000, "sellingAndMarketingExpenses": 0, "sellingGeneralAndAdministrativeExpenses": 72400000, "otherExpenses": 32400000, "operatingExpenses": 104800000, "costAndExpenses": 1165800000, "interestIncome": 0, "interestExpense": 0, "depreciationAndAmortization": 32400000, "ebitda": 132500000, "ebitdaratio": 0.1031048167, "operatingIncome": 119300000, "operatingIncomeRatio": 0.0928332425, "totalOtherIncomeExpensesNet": 19200000, "incomeBeforeTax": 135700000, "incomeBeforeTaxRatio": 0.1055948953, "incomeTaxExpense": 50800000, "netIncome": 84900000, "netIncomeRatio": 0.0660648977, "eps": 0.94, "epsdiluted": 0.94, "weightedAverageShsOut": 90378000, "weightedAverageShsOutDil": 90923077, "link": "https://www.sec.gov/Archives/edgar/data/108516/000089646394000070/0000896463-94-000070-index.html", "finalLink": "https://www.sec.gov/Archives/edgar/data/108516/", "calculatedOtherExpenses": 32400000, "calculatedOperatingExpenses": 104800000, "calculatedNetInterest": 0, "calculatedOtherIncome": 16400000, "calculatedIncomeNonControlling": 0, "calculatedEbitda": 151700000}, {"date": "1993-05-31", "symbol": "WOR", "reportedCurrency": "USD", "cik": "0000108516", "fillingDate": "1993-05-31", "acceptedDate": "1993-05-30 20:00:00", "calendarYear": "1993", "period": "FY", "revenue": 1115700000, "costOfRevenue": 909100000, "grossProfit": 206600000, "grossProfitRatio": 0.1851752263, "researchAndDevelopmentExpenses": 0, "generalAndAdministrativeExpenses": 0, "sellingAndMarketingExpenses": 0, "sellingGeneralAndAdministrativeExpenses": 68800000, "otherExpenses": 29200000, "operatingExpenses": 98000000, "costAndExpenses": 1007100000, "interestIncome": 0, "interestExpense": 0, "depreciationAndAmortization": 29200000, "ebitda": 137800000, "ebitdaratio": 0.1235099041, "operatingIncome": 108600000, "operatingIncomeRatio": 0.0973379941, "totalOtherIncomeExpensesNet": -3500000, "incomeBeforeTax": 105100000, "incomeBeforeTaxRatio": 0.0942009501, "incomeTaxExpense": 38900000, "netIncome": 66200000, "netIncomeRatio": 0.0593349467, "eps": 0.74, "epsdiluted": 0.74, "weightedAverageShsOut": 89459459, "weightedAverageShsOutDil": 89459459, "link": "", "finalLink": "", "calculatedOtherExpenses": 29200000, "calculatedOperatingExpenses": 98000000, "calculatedNetInterest": 0, "calculatedOtherIncome": -3500000, "calculatedIncomeNonControlling": 0, "calculatedEbitda": 137800000}, {"date": "1992-05-31", "symbol": "WOR", "reportedCurrency": "USD", "cik": "0000108516", "fillingDate": "1992-05-31", "acceptedDate": "1992-05-30 20:00:00", "calendarYear": "1992", "period": "FY", "revenue": 974200000, "costOfRevenue": 793700000, "grossProfit": 180500000, "grossProfitRatio": 0.1852802299, "researchAndDevelopmentExpenses": 0, "generalAndAdministrativeExpenses": 0, "sellingAndMarketingExpenses": 0, "sellingGeneralAndAdministrativeExpenses": 62400000, "otherExpenses": 26900000, "operatingExpenses": 89300000, "costAndExpenses": 883000000, "interestIncome": 0, "interestExpense": 0, "depreciationAndAmortization": 26900000, "ebitda": 118100000, "ebitdaratio": 0.121227674, "operatingIncome": 91200000, "operatingIncomeRatio": 0.0936152741, "totalOtherIncomeExpensesNet": -4100000, "incomeBeforeTax": 87100000, "incomeBeforeTaxRatio": 0.0894066927, "incomeTaxExpense": 31600000, "netIncome": 55500000, "netIncomeRatio": 0.0569698214, "eps": 0.63, "epsdiluted": 0.63, "weightedAverageShsOut": 88095238, "weightedAverageShsOutDil": 88095238, "link": "", "finalLink": "", "calculatedOtherExpenses": 26900000, "calculatedOperatingExpenses": 89300000, "calculatedNetInterest": 0, "calculatedOtherIncome": -4100000, "calculatedIncomeNonControlling": 0, "calculatedEbitda": 118100000}, {"date": "1991-05-31", "symbol": "WOR", "reportedCurrency": "USD", "cik": "0000108516", "fillingDate": "1991-05-31", "acceptedDate": "1991-05-30 20:00:00", "calendarYear": "1991", "period": "FY", "revenue": 874900000, "costOfRevenue": 718800000, "grossProfit": 156100000, "grossProfitRatio": 0.1784203909, "researchAndDevelopmentExpenses": 0, "generalAndAdministrativeExpenses": 0, "sellingAndMarketingExpenses": 0, "sellingGeneralAndAdministrativeExpenses": 57500000, "otherExpenses": 23800000, "operatingExpenses": 81300000, "costAndExpenses": 800100000, "interestIncome": 0, "interestExpense": 0, "depreciationAndAmortization": 23800000, "ebitda": 98600000, "ebitdaratio": 0.1126985941, "operatingIncome": 74800000, "operatingIncomeRatio": 0.0854954852, "totalOtherIncomeExpensesNet": -4800000, "incomeBeforeTax": 70000000, "incomeBeforeTaxRatio": 0.0800091439, "incomeTaxExpense": 25400000, "netIncome": 44600000, "netIncomeRatio": 0.0509772545, "eps": 0.5, "epsdiluted": 0.5, "weightedAverageShsOut": 89200000, "weightedAverageShsOutDil": 89200000, "link": "", "finalLink": "", "calculatedOtherExpenses": 23800000, "calculatedOperatingExpenses": 81300000, "calculatedNetInterest": 0, "calculatedOtherIncome": -4800000, "calculatedIncomeNonControlling": 0, "calculatedEbitda": 98600000}, {"date": "1990-05-31", "symbol": "WOR", "reportedCurrency": "USD", "cik": "0000108516", "fillingDate": "1990-05-31", "acceptedDate": "1990-05-30 20:00:00", "calendarYear": "1990", "period": "FY", "revenue": 915900000, "costOfRevenue": 748200000, "grossProfit": 167700000, "grossProfitRatio": 0.1830985915, "researchAndDevelopmentExpenses": 0, "generalAndAdministrativeExpenses": 0, "sellingAndMarketingExpenses": 0, "sellingGeneralAndAdministrativeExpenses": 55100000, "otherExpenses": 20800000, "operatingExpenses": 75900000, "costAndExpenses": 824100000, "interestIncome": 0, "interestExpense": 0, "depreciationAndAmortization": 20800000, "ebitda": 112600000, "ebitdaratio": 0.1229391855, "operatingIncome": 91800000, "operatingIncomeRatio": 0.1002292827, "totalOtherIncomeExpensesNet": -4200000, "incomeBeforeTax": 87600000, "incomeBeforeTaxRatio": 0.0956436292, "incomeTaxExpense": 32400000, "netIncome": 53200000, "netIncomeRatio": 0.0580849438, "eps": 0.59, "epsdiluted": 0.59, "weightedAverageShsOut": 90169492, "weightedAverageShsOutDil": 90169492, "link": "", "finalLink": "", "calculatedOtherExpenses": 20800000, "calculatedOperatingExpenses": 75900000, "calculatedNetInterest": 0, "calculatedOtherIncome": -4200000, "calculatedIncomeNonControlling": 2000000, "calculatedEbitda": 112600000}, {"date": "1989-05-31", "symbol": "WOR", "reportedCurrency": "USD", "cik": "0000108516", "fillingDate": "1989-05-31", "acceptedDate": "1989-05-30 20:00:00", "calendarYear": "1989", "period": "FY", "revenue": 1006100000, "costOfRevenue": 822900000, "grossProfit": 183200000, "grossProfitRatio": 0.1820892555, "researchAndDevelopmentExpenses": 0, "generalAndAdministrativeExpenses": 0, "sellingAndMarketingExpenses": 0, "sellingGeneralAndAdministrativeExpenses": 56200000, "otherExpenses": 20400000, "operatingExpenses": 76600000, "costAndExpenses": 899500000, "interestIncome": 0, "interestExpense": 0, "depreciationAndAmortization": 20400000, "ebitda": 127000000, "ebitdaratio": 0.126229997, "operatingIncome": 106600000, "operatingIncomeRatio": 0.1059536825, "totalOtherIncomeExpensesNet": -4700000, "incomeBeforeTax": 101900000, "incomeBeforeTaxRatio": 0.1012821787, "incomeTaxExpense": 37700000, "netIncome": 64200000, "netIncomeRatio": 0.0638107544, "eps": 0.7, "epsdiluted": 0.7, "weightedAverageShsOut": 91714286, "weightedAverageShsOutDil": 91714286, "link": "", "finalLink": "", "calculatedOtherExpenses": 20400000, "calculatedOperatingExpenses": 76600000, "calculatedNetInterest": 0, "calculatedOtherIncome": -4700000, "calculatedIncomeNonControlling": 0, "calculatedEbitda": 127000000}, {"date": "1988-05-31", "symbol": "WOR", "reportedCurrency": "USD", "cik": "0000108516", "fillingDate": "1988-05-31", "acceptedDate": "1988-05-30 20:00:00", "calendarYear": "1988", "period": "FY", "revenue": 904200000, "costOfRevenue": 737400000, "grossProfit": 166800000, "grossProfitRatio": 0.1844724618, "researchAndDevelopmentExpenses": 0, "generalAndAdministrativeExpenses": 0, "sellingAndMarketingExpenses": 0, "sellingGeneralAndAdministrativeExpenses": 53100000, "otherExpenses": 19000000, "operatingExpenses": 72100000, "costAndExpenses": 809500000, "interestIncome": 0, "interestExpense": 0, "depreciationAndAmortization": 19000000, "ebitda": 113700000, "ebitdaratio": 0.1257465163, "operatingIncome": 94700000, "operatingIncomeRatio": 0.104733466, "totalOtherIncomeExpensesNet": -4200000, "incomeBeforeTax": 90500000, "incomeBeforeTaxRatio": 0.100088476, "incomeTaxExpense": 34400000, "netIncome": 56100000, "netIncomeRatio": 0.0620437956, "eps": 0.61, "epsdiluted": 0.61, "weightedAverageShsOut": 91967213, "weightedAverageShsOutDil": 91967213, "link": "", "finalLink": "", "calculatedOtherExpenses": 19000000, "calculatedOperatingExpenses": 72100000, "calculatedNetInterest": 0, "calculatedOtherIncome": -4200000, "calculatedIncomeNonControlling": 0, "calculatedEbitda": 113700000}, {"date": "1987-05-31", "symbol": "WOR", "reportedCurrency": "USD", "cik": "0000108516", "fillingDate": "1987-05-31", "acceptedDate": "1987-05-30 20:00:00", "calendarYear": "1987", "period": "FY", "revenue": 818800000, "costOfRevenue": 667600000, "grossProfit": 151200000, "grossProfitRatio": 0.1846604787, "researchAndDevelopmentExpenses": 0, "generalAndAdministrativeExpenses": 0, "sellingAndMarketingExpenses": 0, "sellingGeneralAndAdministrativeExpenses": 51100000, "otherExpenses": 17600000, "operatingExpenses": 68700000, "costAndExpenses": 736300000, "interestIncome": 0, "interestExpense": 0, "depreciationAndAmortization": 17600000, "ebitda": 100100000, "ebitdaratio": 0.1222520762, "operatingIncome": 82500000, "operatingIncomeRatio": 0.1007572057, "totalOtherIncomeExpensesNet": -4400000, "incomeBeforeTax": 78100000, "incomeBeforeTaxRatio": 0.095383488, "incomeTaxExpense": 36000000, "netIncome": 42100000, "netIncomeRatio": 0.0514167074, "eps": 0.45, "epsdiluted": 0.45, "weightedAverageShsOut": 93555556, "weightedAverageShsOutDil": 93555556, "link": "", "finalLink": "", "calculatedOtherExpenses": 17600000, "calculatedOperatingExpenses": 68700000, "calculatedNetInterest": 0, "calculatedOtherIncome": -4400000, "calculatedIncomeNonControlling": 0, "calculatedEbitda": 100100000}, {"date": "1986-05-31", "symbol": "WOR", "reportedCurrency": "USD", "cik": "0000108516", "fillingDate": "1986-05-31", "acceptedDate": "1986-05-30 20:00:00", "calendarYear": "1986", "period": "FY", "revenue": 754300000, "costOfRevenue": 602300000, "grossProfit": 152000000, "grossProfitRatio": 0.201511335, "researchAndDevelopmentExpenses": 0, "generalAndAdministrativeExpenses": 0, "sellingAndMarketingExpenses": 0, "sellingGeneralAndAdministrativeExpenses": 50200000, "otherExpenses": 16500000, "operatingExpenses": 66700000, "costAndExpenses": 669000000, "interestIncome": 0, "interestExpense": 0, "depreciationAndAmortization": 16500000, "ebitda": 101800000, "ebitdaratio": 0.1349595652, "operatingIncome": 85300000, "operatingIncomeRatio": 0.1130849795, "totalOtherIncomeExpensesNet": -4900000, "incomeBeforeTax": 80400000, "incomeBeforeTaxRatio": 0.1065888904, "incomeTaxExpense": 38400000, "netIncome": 42000000, "netIncomeRatio": 0.0556807636, "eps": 0.45, "epsdiluted": 0.45, "weightedAverageShsOut": 93333333, "weightedAverageShsOutDil": 93333333, "link": "", "finalLink": "", "calculatedOtherExpenses": 16500000, "calculatedOperatingExpenses": 66700000, "calculatedNetInterest": 0, "calculatedOtherIncome": -4900000, "calculatedIncomeNonControlling": 0, "calculatedEbitda": 101800000}]}