{"originalCurrency": "USD", "convertedCurrency": "USD", "report": [{"date": "2023-12-31", "symbol": "WPC", "reportedCurrency": "USD", "cik": "0001025378", "fillingDate": "2024-02-09", "acceptedDate": "2024-02-09 16:56:21", "calendarYear": "2023", "period": "FY", "revenue": 1631633000, "costOfRevenue": 446846000, "grossProfit": 1184787000, "grossProfitRatio": 0.726135718, "researchAndDevelopmentExpenses": 0, "generalAndAdministrativeExpenses": 96027000, "sellingAndMarketingExpenses": 0, "sellingGeneralAndAdministrativeExpenses": 96027000, "otherExpenses": -14742000, "operatingExpenses": 96027000, "costAndExpenses": 542873000, "interestIncome": 6944000, "interestExpense": -291852000, "depreciationAndAmortization": 574212000, "ebitda": 946642000, "ebitdaratio": 0.5801807147, "operatingIncome": 21442000, "operatingIncomeRatio": 0.0131414356, "totalOtherIncomeExpensesNet": 730874000, "incomeBeforeTax": 752316000, "incomeBeforeTaxRatio": 0.461081628, "incomeTaxExpense": -44052000, "netIncome": 708334000, "netIncomeRatio": 0.4341258114, "eps": 3.29, "epsdiluted": 3.28, "weightedAverageShsOut": 215369777, "weightedAverageShsOutDil": 215760496, "link": "https://www.sec.gov/Archives/edgar/data/1025378/000102537824000037/0001025378-24-000037-index.htm", "finalLink": "https://www.sec.gov/Archives/edgar/data/1025378/000102537824000037/wpc-20231231.htm", "calculatedOtherExpenses": 1067318000, "calculatedOperatingExpenses": 1163345000, "calculatedNetInterest": 298796000, "calculatedOtherIncome": 432078000, "calculatedIncomeNonControlling": 88034000, "calculatedEbitda": 595654000}, {"date": "2022-12-31", "symbol": "WPC", "reportedCurrency": "USD", "cik": "0001025378", "fillingDate": "2023-02-10", "acceptedDate": "2023-02-10 16:19:05", "calendarYear": "2022", "period": "FY", "revenue": 1479086000, "costOfRevenue": 153947000, "grossProfit": 1325139000, "grossProfitRatio": 0.8959174788, "researchAndDevelopmentExpenses": 0, "generalAndAdministrativeExpenses": 121793000, "sellingAndMarketingExpenses": 0, "sellingGeneralAndAdministrativeExpenses": 121793000, "otherExpenses": 503403000, "operatingExpenses": 625196000, "costAndExpenses": 779143000, "interestIncome": 1010999, "interestExpense": 219160000, "depreciationAndAmortization": 503403000, "ebitda": 1359202000, "ebitdaratio": 0.9189472417, "operatingIncome": 855799000, "operatingIncomeRatio": 0.5785998921, "totalOtherIncomeExpensesNet": -229593000, "incomeBeforeTax": 626206000, "incomeBeforeTaxRatio": 0.423373624, "incomeTaxExpense": 27724000, "netIncome": 599139000, "netIncomeRatio": 0.4050738091, "eps": 3, "epsdiluted": 2.99, "weightedAverageShsOut": 199633802, "weightedAverageShsOutDil": 200427124, "link": "https://www.sec.gov/Archives/edgar/data/1025378/000102537823000035/0001025378-23-000035-index.htm", "finalLink": "https://www.sec.gov/Archives/edgar/data/1025378/000102537823000035/wpc-20221231.htm", "calculatedOtherExpenses": 347547000, "calculatedOperatingExpenses": 469340000, "calculatedNetInterest": -218149001, "calculatedOtherIncome": -11443999, "calculatedIncomeNonControlling": -657000, "calculatedEbitda": 1359202000}, {"date": "2021-12-31", "symbol": "WPC", "reportedCurrency": "USD", "cik": "0001025378", "fillingDate": "2022-02-11", "acceptedDate": "2022-02-11 16:26:51", "calendarYear": "2021", "period": "FY", "revenue": 1331524000, "costOfRevenue": 124198000, "grossProfit": 1207326000, "grossProfitRatio": 0.9067249257, "researchAndDevelopmentExpenses": 0, "generalAndAdministrativeExpenses": 106769000, "sellingAndMarketingExpenses": 0, "sellingGeneralAndAdministrativeExpenses": 106769000, "otherExpenses": 475989000, "operatingExpenses": 582758000, "costAndExpenses": 706956000, "interestIncome": 185410000, "interestExpense": 196831000, "depreciationAndAmortization": 475989000, "ebitda": 1090703000, "ebitdaratio": 0.8191388214, "operatingIncome": 614714000, "operatingIncomeRatio": 0.4616619753, "totalOtherIncomeExpensesNet": -176106000, "incomeBeforeTax": 438608000, "incomeBeforeTaxRatio": 0.3294029999, "incomeTaxExpense": 28486000, "netIncome": 409988000, "netIncomeRatio": 0.3079088323, "eps": 2.25, "epsdiluted": 2.24, "weightedAverageShsOut": 182486476, "weightedAverageShsOutDil": 183127098, "link": "https://www.sec.gov/Archives/edgar/data/1025378/000102537822000041/0001025378-22-000041-index.htm", "finalLink": "https://www.sec.gov/Archives/edgar/data/1025378/000102537822000041/wpc-20211231.htm", "calculatedOtherExpenses": 485843000, "calculatedOperatingExpenses": 592612000, "calculatedNetInterest": -11421000, "calculatedOtherIncome": -164685000, "calculatedIncomeNonControlling": 134000, "calculatedEbitda": 1090703000}, {"date": "2020-12-31", "symbol": "WPC", "reportedCurrency": "USD", "cik": "0001025378", "fillingDate": "2021-02-12", "acceptedDate": "2021-02-12 16:28:43", "calendarYear": "2020", "period": "FY", "revenue": 1209319000, "costOfRevenue": 119232000, "grossProfit": 1090087000, "grossProfitRatio": 0.9014056672, "researchAndDevelopmentExpenses": 0, "generalAndAdministrativeExpenses": 93357000, "sellingAndMarketingExpenses": 0, "sellingGeneralAndAdministrativeExpenses": 93357000, "otherExpenses": 442935000, "operatingExpenses": 536292000, "costAndExpenses": 655524000, "interestIncome": 209612000, "interestExpense": 210087000, "depreciationAndAmortization": 442935000, "ebitda": 1024925000, "ebitdaratio": 0.8475224486, "operatingIncome": 581990000, "operatingIncomeRatio": 0.4812543258, "totalOtherIncomeExpensesNet": -136794000, "incomeBeforeTax": 445196000, "incomeBeforeTaxRatio": 0.3681377701, "incomeTaxExpense": -20759000, "netIncome": 455359000, "netIncomeRatio": 0.3765416735, "eps": 2.61, "epsdiluted": 2.6, "weightedAverageShsOut": 174504406, "weightedAverageShsOutDil": 174839428, "link": "https://www.sec.gov/Archives/edgar/data/1025378/000102537821000040/0001025378-21-000040-index.htm", "finalLink": "https://www.sec.gov/Archives/edgar/data/1025378/000102537821000040/wpc-20201231.htm", "calculatedOtherExpenses": 414740000, "calculatedOperatingExpenses": 508097000, "calculatedNetInterest": -475000, "calculatedOtherIncome": -136319000, "calculatedIncomeNonControlling": 10596000, "calculatedEbitda": 1024925000}, {"date": "2019-12-31", "symbol": "WPC", "reportedCurrency": "USD", "cik": "0001025378", "fillingDate": "2020-02-21", "acceptedDate": "2020-02-21 16:27:40", "calendarYear": "2019", "period": "FY", "revenue": 1232766000, "costOfRevenue": 149683000, "grossProfit": 1083083000, "grossProfitRatio": 0.878579552, "researchAndDevelopmentExpenses": 0, "generalAndAdministrativeExpenses": 101659000, "sellingAndMarketingExpenses": 0, "sellingGeneralAndAdministrativeExpenses": 101659000, "otherExpenses": 447135000, "operatingExpenses": 548794000, "costAndExpenses": 698477000, "interestIncome": 229206000, "interestExpense": 233325000, "depreciationAndAmortization": 447135000, "ebitda": 1036128000, "ebitdaratio": 0.8404904094, "operatingIncome": 588993000, "operatingIncomeRatio": 0.4777816715, "totalOtherIncomeExpensesNet": -256238000, "incomeBeforeTax": 332755000, "incomeBeforeTaxRatio": 0.2699255171, "incomeTaxExpense": 26211000, "netIncome": 305243000, "netIncomeRatio": 0.2476082241, "eps": 1.78, "epsdiluted": 1.78, "weightedAverageShsOut": 171001430, "weightedAverageShsOutDil": 171299414, "link": "https://www.sec.gov/Archives/edgar/data/1025378/000102537820000011/0001025378-20-000011-index.htm", "finalLink": "https://www.sec.gov/Archives/edgar/data/1025378/000102537820000011/wpc201910-k.htm", "calculatedOtherExpenses": 392431000, "calculatedOperatingExpenses": 494090000, "calculatedNetInterest": -4119000, "calculatedOtherIncome": -252119000, "calculatedIncomeNonControlling": 1301000, "calculatedEbitda": 1036128000}, {"date": "2018-12-31", "symbol": "WPC", "reportedCurrency": "USD", "cik": "0001025378", "fillingDate": "2019-02-25", "acceptedDate": "2019-02-22 17:35:47", "calendarYear": "2018", "period": "FY", "revenue": 885732000, "costOfRevenue": 92924000, "grossProfit": 792808000, "grossProfitRatio": 0.8950879047, "researchAndDevelopmentExpenses": 0, "generalAndAdministrativeExpenses": 95871000, "sellingAndMarketingExpenses": 0, "sellingGeneralAndAdministrativeExpenses": 95871000, "otherExpenses": 29913000, "operatingExpenses": 387311000, "costAndExpenses": 480235000, "interestIncome": 0, "interestExpense": 178375000, "depreciationAndAmortization": 349298000, "ebitda": 846222000, "ebitdaratio": 0.9553928276, "operatingIncome": 405497000, "operatingIncomeRatio": 0.4578100373, "totalOtherIncomeExpensesNet": 211630000, "incomeBeforeTax": 438752000, "incomeBeforeTaxRatio": 0.4953552542, "incomeTaxExpense": 14411000, "netIncome": 411566000, "netIncomeRatio": 0.4646619971, "eps": 3.5, "epsdiluted": 3.5, "weightedAverageShsOut": 117494969, "weightedAverageShsOutDil": 117706445, "link": "https://www.sec.gov/Archives/edgar/data/1025378/000102537819000008/0001025378-19-000008-index.htm", "finalLink": "https://www.sec.gov/Archives/edgar/data/1025378/000102537819000008/wpc201810-k.htm", "calculatedOtherExpenses": 291440000, "calculatedOperatingExpenses": 387311000, "calculatedNetInterest": -178375000, "calculatedOtherIncome": 211630000, "calculatedIncomeNonControlling": 12775000, "calculatedEbitda": 754795000}, {"date": "2017-12-31", "symbol": "WPC", "reportedCurrency": "USD", "cik": "0001025378", "fillingDate": "2018-02-23", "acceptedDate": "2018-02-23 16:31:40", "calendarYear": "2017", "period": "FY", "revenue": 848302000, "costOfRevenue": 120269000, "grossProfit": 728033000, "grossProfitRatio": 0.8582238401, "researchAndDevelopmentExpenses": 0, "generalAndAdministrativeExpenses": 103408000, "sellingAndMarketingExpenses": 0, "sellingGeneralAndAdministrativeExpenses": 103408000, "otherExpenses": -3613000, "operatingExpenses": 357347000, "costAndExpenses": 477616000, "interestIncome": 0, "interestExpense": 165775000, "depreciationAndAmortization": 316466000, "ebitda": 748289000, "ebitdaratio": 0.8821021287, "operatingIncome": 370686000, "operatingIncomeRatio": 0.4369740965, "totalOtherIncomeExpensesNet": 49005000, "incomeBeforeTax": 253916000, "incomeBeforeTaxRatio": 0.2993226469, "incomeTaxExpense": 2711000, "netIncome": 277289000, "netIncomeRatio": 0.3268753345, "eps": 2.56, "epsdiluted": 2.56, "weightedAverageShsOut": 107824738, "weightedAverageShsOutDil": 108035971, "link": "https://www.sec.gov/Archives/edgar/data/1025378/000102537818000014/0001025378-18-000014-index.htm", "finalLink": "https://www.sec.gov/Archives/edgar/data/1025378/000102537818000014/wpc201710-k.htm", "calculatedOtherExpenses": 253939000, "calculatedOperatingExpenses": 357347000, "calculatedNetInterest": -165775000, "calculatedOtherIncome": 49005000, "calculatedIncomeNonControlling": -26084000, "calculatedEbitda": 687152000}, {"date": "2016-12-31", "symbol": "WPC", "reportedCurrency": "USD", "cik": "0001025378", "fillingDate": "2017-02-24", "acceptedDate": "2017-02-24 17:01:50", "calendarYear": "2016", "period": "FY", "revenue": 941533000, "costOfRevenue": 154110000, "grossProfit": 787423000, "grossProfitRatio": 0.836320129, "researchAndDevelopmentExpenses": 0, "generalAndAdministrativeExpenses": 114508000, "sellingAndMarketingExpenses": 0, "sellingGeneralAndAdministrativeExpenses": 114508000, "otherExpenses": 5667000, "operatingExpenses": 391018000, "costAndExpenses": 545128000, "interestIncome": 0, "interestExpense": 183409000, "depreciationAndAmortization": 276510000, "ebitda": 743301000, "ebitdaratio": 0.7894582558, "operatingIncome": 396405000, "operatingIncomeRatio": 0.4210208245, "totalOtherIncomeExpensesNet": -6219000, "incomeBeforeTax": 206777000, "incomeBeforeTaxRatio": 0.2196173687, "incomeTaxExpense": 3288000, "netIncome": 267747000, "netIncomeRatio": 0.2843734633, "eps": 2.5, "epsdiluted": 2.49, "weightedAverageShsOut": 106743012, "weightedAverageShsOutDil": 107073203, "link": "https://www.sec.gov/Archives/edgar/data/1025378/000102537817000016/0001025378-17-000016-index.htm", "finalLink": "https://www.sec.gov/Archives/edgar/data/1025378/000102537817000016/wpc201610-k.htm", "calculatedOtherExpenses": 276510000, "calculatedOperatingExpenses": 391018000, "calculatedNetInterest": -183409000, "calculatedOtherIncome": -6219000, "calculatedIncomeNonControlling": -64258000, "calculatedEbitda": 672915000}, {"date": "2015-12-31", "symbol": "WPC", "reportedCurrency": "USD", "cik": "0001025378", "fillingDate": "2016-02-26", "acceptedDate": "2016-02-26 07:08:46", "calendarYear": "2015", "period": "FY", "revenue": 938383000, "costOfRevenue": 142271000, "grossProfit": 796112000, "grossProfitRatio": 0.8483870658, "researchAndDevelopmentExpenses": 0, "generalAndAdministrativeExpenses": 136101000, "sellingAndMarketingExpenses": 0, "sellingGeneralAndAdministrativeExpenses": 136101000, "otherExpenses": 2113000, "operatingExpenses": 416416000, "costAndExpenses": 558687000, "interestIncome": 0, "interestExpense": 194326000, "depreciationAndAmortization": 287835000, "ebitda": 720664000, "ebitdaratio": 0.7679849273, "operatingIncome": 379696000, "operatingIncomeRatio": 0.4046279611, "totalOtherIncomeExpensesNet": 30991000, "incomeBeforeTax": 216361000, "incomeBeforeTaxRatio": 0.2305679024, "incomeTaxExpense": 37621000, "netIncome": 172258000, "netIncomeRatio": 0.1835689692, "eps": 1.62, "epsdiluted": 1.61, "weightedAverageShsOut": 105675692, "weightedAverageShsOutDil": 106507652, "link": "https://www.sec.gov/Archives/edgar/data/1025378/000102537816000062/0001025378-16-000062-index.htm", "finalLink": "https://www.sec.gov/Archives/edgar/data/1025378/000102537816000062/wpc2015q410-k.htm", "calculatedOtherExpenses": 280315000, "calculatedOperatingExpenses": 416416000, "calculatedNetInterest": -194326000, "calculatedOtherIncome": 30991000, "calculatedIncomeNonControlling": 6482000, "calculatedEbitda": 667531000}, {"date": "2014-12-31", "symbol": "WPC", "reportedCurrency": "USD", "cik": "0001025378", "fillingDate": "2015-03-02", "acceptedDate": "2015-03-02 16:35:02", "calendarYear": "2014", "period": "FY", "revenue": 906356000, "costOfRevenue": 209203000, "grossProfit": 697153000, "grossProfitRatio": 0.7691823081, "researchAndDevelopmentExpenses": 0, "generalAndAdministrativeExpenses": 133588000, "sellingAndMarketingExpenses": 0, "sellingGeneralAndAdministrativeExpenses": 133588000, "otherExpenses": -11910000, "operatingExpenses": 370820000, "costAndExpenses": 580023000, "interestIncome": 0, "interestExpense": 178122000, "depreciationAndAmortization": 237232000, "ebitda": 595771000, "ebitdaratio": 0.6573255983, "operatingIncome": 326347000, "operatingIncomeRatio": 0.3600649193, "totalOtherIncomeExpensesNet": 78249000, "incomeBeforeTax": 226460000, "incomeBeforeTaxRatio": 0.2498576718, "incomeTaxExpense": 17609000, "netIncome": 237240000, "netIncomeRatio": 0.2617514531, "eps": 2.4, "epsdiluted": 2.4, "weightedAverageShsOut": 98694745, "weightedAverageShsOutDil": 99573776, "link": "https://www.sec.gov/Archives/edgar/data/1025378/000102537815000010/0001025378-15-000010-index.htm", "finalLink": "https://www.sec.gov/Archives/edgar/data/1025378/000102537815000010/wpc2014q410-k.htm", "calculatedOtherExpenses": 237218000, "calculatedOperatingExpenses": 370806000, "calculatedNetInterest": -178122000, "calculatedOtherIncome": 78235000, "calculatedIncomeNonControlling": -28389000, "calculatedEbitda": 563579000}, {"date": "2013-12-31", "symbol": "WPC", "reportedCurrency": "USD", "cik": "0001025378", "fillingDate": "2014-03-03", "acceptedDate": "2014-03-03 09:10:49", "calendarYear": "2013", "period": "FY", "revenue": 489851000, "costOfRevenue": 94968000, "grossProfit": 394883000, "grossProfitRatio": 0.8061288024, "researchAndDevelopmentExpenses": 0, "generalAndAdministrativeExpenses": 121392000, "sellingAndMarketingExpenses": 0, "sellingGeneralAndAdministrativeExpenses": 121392000, "otherExpenses": 7997000, "operatingExpenses": 243214000, "costAndExpenses": 338182000, "interestIncome": 1092000, "interestExpense": 103728000, "depreciationAndAmortization": 140316000, "ebitda": 353805000, "ebitdaratio": 0.7222706496, "operatingIncome": 151669000, "operatingIncomeRatio": 0.309622722, "totalOtherIncomeExpensesNet": 46204000, "incomeBeforeTax": 95237000, "incomeBeforeTaxRatio": 0.1944203441, "incomeTaxExpense": 1252000, "netIncome": 98876000, "netIncomeRatio": 0.2018491337, "eps": 1.43, "epsdiluted": 1.41, "weightedAverageShsOut": 68691046, "weightedAverageShsOutDil": 69708008, "link": "https://www.sec.gov/Archives/edgar/data/1025378/000102537814000013/0001025378-14-000013-index.htm", "finalLink": "https://www.sec.gov/Archives/edgar/data/1025378/000102537814000013/wpc2013q410-k.htm", "calculatedOtherExpenses": 121822000, "calculatedOperatingExpenses": 243214000, "calculatedNetInterest": -102636000, "calculatedOtherIncome": 46204000, "calculatedIncomeNonControlling": -4891000, "calculatedEbitda": 291985000}, {"date": "2012-12-31", "symbol": "WPC", "reportedCurrency": "USD", "cik": "0001025378", "fillingDate": "2013-02-26", "acceptedDate": "2013-02-26 13:26:00", "calendarYear": "2012", "period": "FY", "revenue": 373995000, "costOfRevenue": 121136000, "grossProfit": 252859000, "grossProfitRatio": 0.6761026217, "researchAndDevelopmentExpenses": 0, "generalAndAdministrativeExpenses": 144809000, "sellingAndMarketingExpenses": 0, "sellingGeneralAndAdministrativeExpenses": 144809000, "otherExpenses": 3402000, "operatingExpenses": 193599000, "costAndExpenses": 314735000, "interestIncome": 1396000, "interestExpense": 50573000, "depreciationAndAmortization": 55114000, "ebitda": 181564000, "ebitdaratio": 0.4854717309, "operatingIncome": 59260000, "operatingIncomeRatio": 0.1584513162, "totalOtherIncomeExpensesNet": 76071000, "incomeBeforeTax": 86154000, "incomeBeforeTaxRatio": 0.2303613685, "incomeTaxExpense": 6783000, "netIncome": 62132000, "netIncomeRatio": 0.1661305632, "eps": 1.3, "epsdiluted": 1.28, "weightedAverageShsOut": 47389460, "weightedAverageShsOutDil": 48078474, "link": "https://www.sec.gov/Archives/edgar/data/1025378/000110465913014285/0001104659-13-014285-index.htm", "finalLink": "https://www.sec.gov/Archives/edgar/data/1025378/000110465913014285/a13-5879_110k.htm", "calculatedOtherExpenses": 48790000, "calculatedOperatingExpenses": 193599000, "calculatedNetInterest": -49177000, "calculatedOtherIncome": 76071000, "calculatedIncomeNonControlling": 17239000, "calculatedEbitda": 114374000}, {"date": "2011-12-31", "symbol": "WPC", "reportedCurrency": "USD", "cik": "0001025378", "fillingDate": "2012-02-29", "acceptedDate": "2012-02-29 10:51:22", "calendarYear": "2011", "period": "FY", "revenue": 331641000, "costOfRevenue": 24025000, "grossProfit": 307616000, "grossProfitRatio": 0.9275572079, "researchAndDevelopmentExpenses": 0, "generalAndAdministrativeExpenses": 93707000, "sellingAndMarketingExpenses": 88776000, "sellingGeneralAndAdministrativeExpenses": 182483000, "otherExpenses": 187054000, "operatingExpenses": 208548000, "costAndExpenses": 208548000, "interestIncome": 2001000, "interestExpense": 21920000, "depreciationAndAmortization": 29616000, "ebitda": 233797000, "ebitdaratio": 0.7049701334, "operatingIncome": 125330000, "operatingIncomeRatio": 0.3779086422, "totalOtherIncomeExpensesNet": 52027000, "incomeBeforeTax": 183060000, "incomeBeforeTaxRatio": 0.5519824147, "incomeTaxExpense": 37214000, "netIncome": 139079000, "netIncomeRatio": 0.4193661218, "eps": 3.44, "epsdiluted": 3.42, "weightedAverageShsOut": 39819475, "weightedAverageShsOutDil": 40098095, "link": "https://www.sec.gov/Archives/edgar/data/1025378/000119312512087610/0001193125-12-087610-index.htm", "finalLink": "https://www.sec.gov/Archives/edgar/data/1025378/000119312512087610/d306851d10k.htm", "calculatedOtherExpenses": -197000, "calculatedOperatingExpenses": 182286000, "calculatedNetInterest": -19919000, "calculatedOtherIncome": 77649000, "calculatedIncomeNonControlling": 6767000, "calculatedEbitda": 154946000}, {"date": "2010-12-31", "symbol": "WPC", "reportedCurrency": "USD", "cik": "0001025378", "fillingDate": "2011-02-25", "acceptedDate": "2011-02-25 17:19:40", "calendarYear": "2010", "period": "FY", "revenue": 273910000, "costOfRevenue": 19009000, "grossProfit": 254901000, "grossProfitRatio": 0.9306012924, "researchAndDevelopmentExpenses": 0, "generalAndAdministrativeExpenses": 73429000, "sellingAndMarketingExpenses": 60023000, "sellingGeneralAndAdministrativeExpenses": 133452000, "otherExpenses": 157421000, "operatingExpenses": 157421000, "costAndExpenses": 176430000, "interestIncome": 1268000, "interestExpense": 16234000, "depreciationAndAmortization": 24443000, "ebitda": 154183000, "ebitdaratio": 0.5628965719, "operatingIncome": 82514000, "operatingIncomeRatio": 0.3012449345, "totalOtherIncomeExpensesNet": 22887000, "incomeBeforeTax": 105401000, "incomeBeforeTaxRatio": 0.3848015772, "incomeTaxExpense": 25822000, "netIncome": 73972000, "netIncomeRatio": 0.2700595086, "eps": 1.86, "epsdiluted": 1.86, "weightedAverageShsOut": 39514746, "weightedAverageShsOutDil": 40007894, "link": "https://www.sec.gov/Archives/edgar/data/1025378/000095012311018898/0000950123-11-018898-index.htm", "finalLink": "https://www.sec.gov/Archives/edgar/data/1025378/000095012311018898/c11129e10vk.htm", "calculatedOtherExpenses": 38935000, "calculatedOperatingExpenses": 172387000, "calculatedNetInterest": -14966000, "calculatedOtherIncome": 37853000, "calculatedIncomeNonControlling": 5607000, "calculatedEbitda": 106957000}, {"date": "2009-12-31", "symbol": "WPC", "reportedCurrency": "USD", "cik": "0001025378", "fillingDate": "2010-02-26", "acceptedDate": "2010-02-26 14:37:06", "calendarYear": "2009", "period": "FY", "revenue": 235876000, "costOfRevenue": 56023000, "grossProfit": 179853000, "grossProfitRatio": 0.7624896132, "researchAndDevelopmentExpenses": 0, "generalAndAdministrativeExpenses": 62615000, "sellingAndMarketingExpenses": 8128000, "sellingGeneralAndAdministrativeExpenses": 70743000, "otherExpenses": 94367000, "operatingExpenses": 94367000, "costAndExpenses": 150390000, "interestIncome": 1714000, "interestExpense": 15189000, "depreciationAndAmortization": 24476000, "ebitda": 125101000, "ebitdaratio": 0.5303676508, "operatingIncome": 72011000, "operatingIncomeRatio": 0.3052917635, "totalOtherIncomeExpensesNet": 11217000, "incomeBeforeTax": 83228000, "incomeBeforeTaxRatio": 0.3528464108, "incomeTaxExpense": 22793000, "netIncome": 69023000, "netIncomeRatio": 0.2926240906, "eps": 1.74, "epsdiluted": 1.74, "weightedAverageShsOut": 39019709, "weightedAverageShsOutDil": 39712735, "link": "https://www.sec.gov/Archives/edgar/data/1025378/000095012310017973/0000950123-10-017973-index.htm", "finalLink": "https://www.sec.gov/Archives/edgar/data/1025378/000095012310017973/c96713e10vk.htm", "calculatedOtherExpenses": 37099000, "calculatedOperatingExpenses": 107842000, "calculatedNetInterest": -13475000, "calculatedOtherIncome": 24692000, "calculatedIncomeNonControlling": -8588000, "calculatedEbitda": 96487000}, {"date": "2008-12-31", "symbol": "WPC", "reportedCurrency": "USD", "cik": "0001025378", "fillingDate": "2009-03-02", "acceptedDate": "2009-03-02 16:33:35", "calendarYear": "2008", "period": "FY", "revenue": 243873000, "costOfRevenue": 49375000, "grossProfit": 194498000, "grossProfitRatio": 0.7975380628, "researchAndDevelopmentExpenses": 0, "generalAndAdministrativeExpenses": 62590000, "sellingAndMarketingExpenses": 7620000, "sellingGeneralAndAdministrativeExpenses": 70210000, "otherExpenses": 95874000, "operatingExpenses": 95874000, "costAndExpenses": 145249000, "interestIncome": 2884000, "interestExpense": 19289000, "depreciationAndAmortization": 27197000, "ebitda": 142345000, "ebitdaratio": 0.5836849508, "operatingIncome": 82219000, "operatingIncomeRatio": 0.3371385926, "totalOtherIncomeExpensesNet": 15734000, "incomeBeforeTax": 97395000, "incomeBeforeTaxRatio": 0.3993677037, "incomeTaxExpense": 23521000, "netIncome": 78047000, "netIncomeRatio": 0.3200313278, "eps": 1.98, "epsdiluted": 1.95, "weightedAverageShsOut": 39202520, "weightedAverageShsOutDil": 40221112, "link": "https://www.sec.gov/Archives/edgar/data/1025378/000095012309003846/0000950123-09-003846-index.htm", "finalLink": "https://www.sec.gov/Archives/edgar/data/1025378/000095012309003846/y74742e10vk.htm", "calculatedOtherExpenses": 42069000, "calculatedOperatingExpenses": 112279000, "calculatedNetInterest": -16405000, "calculatedOtherIncome": 31581000, "calculatedIncomeNonControlling": -4173000, "calculatedEbitda": 109416000}, {"date": "2007-12-31", "symbol": "WPC", "reportedCurrency": "USD", "cik": "0001025378", "fillingDate": "2008-02-29", "acceptedDate": "2008-02-29 14:52:36", "calendarYear": "2007", "period": "FY", "revenue": 263129000, "costOfRevenue": 4422000, "grossProfit": 258707000, "grossProfitRatio": 0.9831945548, "researchAndDevelopmentExpenses": 0, "generalAndAdministrativeExpenses": 61821000, "sellingAndMarketingExpenses": 0, "sellingGeneralAndAdministrativeExpenses": 61821000, "otherExpenses": 84256000, "operatingExpenses": 146077000, "costAndExpenses": 146077000, "interestIncome": 0, "interestExpense": -20880000, "depreciationAndAmortization": 30655000, "ebitda": 130379000, "ebitdaratio": 0.4954946053, "operatingIncome": 117052000, "operatingIncomeRatio": 0.4448464441, "totalOtherIncomeExpensesNet": 17328000, "incomeBeforeTax": 120342000, "incomeBeforeTaxRatio": 0.457349817, "incomeTaxExpense": 51739000, "netIncome": 79252000, "netIncomeRatio": 0.3011906707, "eps": 2.08, "epsdiluted": 2.05, "weightedAverageShsOut": 38113857, "weightedAverageShsOutDil": 39868208, "link": "https://www.sec.gov/Archives/edgar/data/1025378/000095012308002343/0000950123-08-002343-index.htm", "finalLink": "https://www.sec.gov/Archives/edgar/data/1025378/000095012308002343/y50345e10vk.htm", "calculatedOtherExpenses": 79834000, "calculatedOperatingExpenses": 141655000, "calculatedNetInterest": 20880000, "calculatedOtherIncome": -17590000, "calculatedIncomeNonControlling": -10649000, "calculatedEbitda": 147707000}, {"date": "2006-12-31", "symbol": "WPC", "reportedCurrency": "USD", "cik": "0001025378", "fillingDate": "2007-02-27", "acceptedDate": "2007-02-26 21:09:27", "calendarYear": "2006", "period": "FY", "revenue": 273258000, "costOfRevenue": 5319000, "grossProfit": 267939000, "grossProfitRatio": 0.9805348791, "researchAndDevelopmentExpenses": 0, "generalAndAdministrativeExpenses": 41494000, "sellingAndMarketingExpenses": 0, "sellingGeneralAndAdministrativeExpenses": 41494000, "otherExpenses": 103752000, "operatingExpenses": 145246000, "costAndExpenses": 145246000, "interestIncome": 0, "interestExpense": -18139000, "depreciationAndAmortization": 27207000, "ebitda": 135480000, "ebitdaratio": 0.4957951826, "operatingIncome": 128012000, "operatingIncomeRatio": 0.4684656991, "totalOtherIncomeExpensesNet": 19739000, "incomeBeforeTax": 133045000, "incomeBeforeTaxRatio": 0.48688419, "incomeTaxExpense": 45491000, "netIncome": 86303000, "netIncomeRatio": 0.3158297287, "eps": 2.29, "epsdiluted": 2.22, "weightedAverageShsOut": 37668920, "weightedAverageShsOutDil": 39093897, "link": "https://www.sec.gov/Archives/edgar/data/1025378/000095012307002758/0000950123-07-002758-index.htm", "finalLink": "https://www.sec.gov/Archives/edgar/data/1025378/000095012307002758/y30667e10vk.htm", "calculatedOtherExpenses": 98433000, "calculatedOperatingExpenses": 139927000, "calculatedNetInterest": 18139000, "calculatedOtherIncome": -13106000, "calculatedIncomeNonControlling": 1251000, "calculatedEbitda": 155219000}, {"date": "2005-12-31", "symbol": "WPC", "reportedCurrency": "USD", "cik": "0001025378", "fillingDate": "2006-03-10", "acceptedDate": "2006-03-09 20:05:01", "calendarYear": "2005", "period": "FY", "revenue": 174117000, "costOfRevenue": 13723000, "grossProfit": 160394000, "grossProfitRatio": 0.9211851801, "researchAndDevelopmentExpenses": 0, "generalAndAdministrativeExpenses": 55184000, "sellingAndMarketingExpenses": 0, "sellingGeneralAndAdministrativeExpenses": 55184000, "otherExpenses": 49629000, "operatingExpenses": 104813000, "costAndExpenses": 104813000, "interestIncome": 0, "interestExpense": -16787000, "depreciationAndAmortization": 25559000, "ebitda": 88640000, "ebitdaratio": 0.5090829729, "operatingIncome": 69304000, "operatingIncomeRatio": 0.3980312089, "totalOtherIncomeExpensesNet": 6223000, "incomeBeforeTax": 62251000, "incomeBeforeTaxRatio": 0.3575239638, "incomeTaxExpense": 19390000, "netIncome": 48604000, "netIncomeRatio": 0.279145632, "eps": 1.29, "epsdiluted": 1.25, "weightedAverageShsOut": 37688835, "weightedAverageShsOutDil": 39020801, "link": "https://www.sec.gov/Archives/edgar/data/1025378/000095012306002888/0000950123-06-002888-index.htm", "finalLink": "https://www.sec.gov/Archives/edgar/data/1025378/000095012306002888/y17962e10vk.htm", "calculatedOtherExpenses": 35906000, "calculatedOperatingExpenses": 91090000, "calculatedNetInterest": 16787000, "calculatedOtherIncome": -23840000, "calculatedIncomeNonControlling": -5743000, "calculatedEbitda": 94863000}, {"date": "2004-12-31", "symbol": "WPC", "reportedCurrency": "USD", "cik": "0001025378", "fillingDate": "2005-03-16", "acceptedDate": "2005-03-16 16:36:54", "calendarYear": "2004", "period": "FY", "revenue": 227774000, "costOfRevenue": 0, "grossProfit": 227774000, "grossProfitRatio": 1, "researchAndDevelopmentExpenses": 0, "generalAndAdministrativeExpenses": 50985000, "sellingAndMarketingExpenses": 0, "sellingGeneralAndAdministrativeExpenses": 50985000, "otherExpenses": 48087000, "operatingExpenses": 99072000, "costAndExpenses": 99072000, "interestIncome": 0, "interestExpense": 0, "depreciationAndAmortization": 27596000, "ebitda": 151267000, "ebitdaratio": 0.6641100389, "operatingIncome": 128702000, "operatingIncomeRatio": 0.5650425422, "totalOtherIncomeExpensesNet": 5031000, "incomeBeforeTax": 122022000, "incomeBeforeTaxRatio": 0.5357152265, "incomeTaxExpense": 52974000, "netIncome": 63851000, "netIncomeRatio": 0.2803261127, "eps": 1.76, "epsdiluted": 1.69, "weightedAverageShsOut": 37409659, "weightedAverageShsOutDil": 38959172, "link": "https://www.sec.gov/Archives/edgar/data/1025378/000095012305003246/0000950123-05-003246-index.htm", "finalLink": "https://www.sec.gov/Archives/edgar/data/1025378/000095012305003246/y06523e10vk.txt", "calculatedOtherExpenses": 48087000, "calculatedOperatingExpenses": 99072000, "calculatedNetInterest": 0, "calculatedOtherIncome": -6680000, "calculatedIncomeNonControlling": 5197000, "calculatedEbitda": 156298000}, {"date": "2003-12-31", "symbol": "WPC", "reportedCurrency": "USD", "cik": "0001025378", "fillingDate": "2004-03-15", "acceptedDate": "2004-03-15 14:20:48", "calendarYear": "2003", "period": "FY", "revenue": 163379000, "costOfRevenue": 0, "grossProfit": 163379000, "grossProfitRatio": 1, "researchAndDevelopmentExpenses": 0, "generalAndAdministrativeExpenses": 43698000, "sellingAndMarketingExpenses": 0, "sellingGeneralAndAdministrativeExpenses": 43698000, "otherExpenses": 57215000, "operatingExpenses": 100913000, "costAndExpenses": 100913000, "interestIncome": 0, "interestExpense": 0, "depreciationAndAmortization": 18914000, "ebitda": 47402000, "ebitdaratio": 0.2901352071, "operatingIncome": 62466000, "operatingIncomeRatio": 0.3823379994, "totalOtherIncomeExpensesNet": 33978000, "incomeBeforeTax": 81328000, "incomeBeforeTaxRatio": 0.4977873533, "incomeTaxExpense": 19116000, "netIncome": 62878000, "netIncomeRatio": 0.3848597433, "eps": 1.72, "epsdiluted": 1.64, "weightedAverageShsOut": 36556977, "weightedAverageShsOutDil": 38340244, "link": "https://www.sec.gov/Archives/edgar/data/1025378/000095012304003311/0000950123-04-003311-index.htm", "finalLink": "https://www.sec.gov/Archives/edgar/data/1025378/000095012304003311/y95128e10vk.txt", "calculatedOtherExpenses": 57215000, "calculatedOperatingExpenses": 100913000, "calculatedNetInterest": 0, "calculatedOtherIncome": 18862000, "calculatedIncomeNonControlling": -666000, "calculatedEbitda": 81380000}, {"date": "2002-12-31", "symbol": "WPC", "reportedCurrency": "USD", "cik": "0001025378", "fillingDate": "2003-03-31", "acceptedDate": "2003-03-31 11:07:09", "calendarYear": "2002", "period": "FY", "revenue": 161604000, "costOfRevenue": 0, "grossProfit": 161604000, "grossProfitRatio": 1, "researchAndDevelopmentExpenses": 0, "generalAndAdministrativeExpenses": 42594000, "sellingAndMarketingExpenses": 0, "sellingGeneralAndAdministrativeExpenses": 42594000, "otherExpenses": 50102000, "operatingExpenses": 92696000, "costAndExpenses": 92696000, "interestIncome": 0, "interestExpense": 0, "depreciationAndAmortization": 20884000, "ebitda": 73564000, "ebitdaratio": 0.4552115047, "operatingIncome": 68908000, "operatingIncomeRatio": 0.4264003366, "totalOtherIncomeExpensesNet": 16228000, "incomeBeforeTax": 52222000, "incomeBeforeTaxRatio": 0.3231479419, "incomeTaxExpense": 18199000, "netIncome": 46588000, "netIncomeRatio": 0.2882849434, "eps": 1.31, "epsdiluted": 1.28, "weightedAverageShsOut": 35530334, "weightedAverageShsOutDil": 36265230, "link": "https://www.sec.gov/Archives/edgar/data/1025378/000095012303003589/0000950123-03-003589-index.htm", "finalLink": "https://www.sec.gov/Archives/edgar/data/1025378/000095012303003589/y84797e10vk.txt", "calculatedOtherExpenses": 50102000, "calculatedOperatingExpenses": 92696000, "calculatedNetInterest": 0, "calculatedOtherIncome": -16686000, "calculatedIncomeNonControlling": -12565000, "calculatedEbitda": 89792000}, {"date": "2001-12-31", "symbol": "WPC", "reportedCurrency": "USD", "cik": "0001025378", "fillingDate": "2002-03-28", "acceptedDate": "2002-03-28 00:00:00", "calendarYear": "2001", "period": "FY", "revenue": 139411000, "costOfRevenue": 0, "grossProfit": 139411000, "grossProfitRatio": 1, "researchAndDevelopmentExpenses": 0, "generalAndAdministrativeExpenses": 29345000, "sellingAndMarketingExpenses": 0, "sellingGeneralAndAdministrativeExpenses": 29345000, "otherExpenses": 79591000, "operatingExpenses": 108936000, "costAndExpenses": 108936000, "interestIncome": 0, "interestExpense": 0, "depreciationAndAmortization": 27146000, "ebitda": 65421000, "ebitdaratio": 0.469267131, "operatingIncome": 30475000, "operatingIncomeRatio": 0.2185982455, "totalOtherIncomeExpensesNet": -7800000, "incomeBeforeTax": 44278000, "incomeBeforeTaxRatio": 0.3176076493, "incomeTaxExpense": 8517000, "netIncome": 35761000, "netIncomeRatio": 0.2565149092, "eps": 1.04, "epsdiluted": 1.02, "weightedAverageShsOut": 34385577, "weightedAverageShsOutDil": 35059804, "link": "https://www.sec.gov/Archives/edgar/data/1025378/000095012302003094/0000950123-02-003094-index.htm", "finalLink": "https://www.sec.gov/Archives/edgar/data/1025378/000095012302003094/y58842e10-k405.txt", "calculatedOtherExpenses": 79591000, "calculatedOperatingExpenses": 108936000, "calculatedNetInterest": 0, "calculatedOtherIncome": 13803000, "calculatedIncomeNonControlling": 0, "calculatedEbitda": 57621000}, {"date": "2000-12-31", "symbol": "WPC", "reportedCurrency": "USD", "cik": "0001025378", "fillingDate": "2001-03-30", "acceptedDate": "2001-03-30 00:00:00", "calendarYear": "2000", "period": "FY", "revenue": 120251000, "costOfRevenue": 0, "grossProfit": 120251000, "grossProfitRatio": 1, "researchAndDevelopmentExpenses": 0, "generalAndAdministrativeExpenses": 16487000, "sellingAndMarketingExpenses": 0, "sellingGeneralAndAdministrativeExpenses": 16487000, "otherExpenses": 96062000, "operatingExpenses": 112549000, "costAndExpenses": 112549000, "interestIncome": 0, "interestExpense": 0, "depreciationAndAmortization": 22169000, "ebitda": 69258000, "ebitdaratio": 0.5759453144, "operatingIncome": 7702000, "operatingIncomeRatio": 0.0640493634, "totalOtherIncomeExpensesNet": -39387000, "incomeBeforeTax": -5114000, "incomeBeforeTaxRatio": -0.0425277129, "incomeTaxExpense": 4164000, "netIncome": -9278000, "netIncomeRatio": -0.0771552835, "eps": -0.31, "epsdiluted": -0.31, "weightedAverageShsOut": 29929032, "weightedAverageShsOutDil": 29929032, "link": "https://www.sec.gov/Archives/edgar/data/1025378/000095012301002868/0000950123-01-002868-index.htm", "finalLink": "https://www.sec.gov/Archives/edgar/data/1025378/000095012301002868/y47104e10-k405.txt", "calculatedOtherExpenses": 96062000, "calculatedOperatingExpenses": 112549000, "calculatedNetInterest": 0, "calculatedOtherIncome": -12816000, "calculatedIncomeNonControlling": 0, "calculatedEbitda": 29871000}, {"date": "1999-12-31", "symbol": "WPC", "reportedCurrency": "USD", "cik": "0001025378", "fillingDate": "2000-04-11", "acceptedDate": "2000-04-11 00:00:00", "calendarYear": "1999", "period": "FY", "revenue": 88506000, "costOfRevenue": 0, "grossProfit": 88506000, "grossProfitRatio": 1, "researchAndDevelopmentExpenses": 0, "generalAndAdministrativeExpenses": 8045000, "sellingAndMarketingExpenses": 0, "sellingGeneralAndAdministrativeExpenses": 8045000, "otherExpenses": 64877000, "operatingExpenses": 72922000, "costAndExpenses": 72922000, "interestIncome": 0, "interestExpense": 0, "depreciationAndAmortization": 11192000, "ebitda": 26776000, "ebitdaratio": 0.3025331616, "operatingIncome": 15584000, "operatingIncomeRatio": 0.176078458, "totalOtherIncomeExpensesNet": 0, "incomeBeforeTax": 0, "incomeBeforeTaxRatio": 0, "incomeTaxExpense": -18455000, "netIncome": 34039000, "netIncomeRatio": 0.3845953947, "eps": 1.33, "epsdiluted": 1.33, "weightedAverageShsOut": 25596793, "weightedAverageShsOutDil": 25596793, "link": "https://www.sec.gov/Archives/edgar/data/1025378/000095012300003491/0000950123-00-003491-index.html", "finalLink": "https://www.sec.gov/Archives/edgar/data/1025378/000095012300003491/", "calculatedOtherExpenses": 64877000, "calculatedOperatingExpenses": 72922000, "calculatedNetInterest": 0, "calculatedOtherIncome": -15584000, "calculatedIncomeNonControlling": -15584000, "calculatedEbitda": 26776000}, {"date": "1998-12-31", "symbol": "WPC", "reportedCurrency": "USD", "cik": "0001025378", "fillingDate": "1999-03-30", "acceptedDate": "1999-03-30 00:00:00", "calendarYear": "1998", "period": "FY", "revenue": 85330000, "costOfRevenue": 0, "grossProfit": 85330000, "grossProfitRatio": 1, "researchAndDevelopmentExpenses": 0, "generalAndAdministrativeExpenses": 6660000, "sellingAndMarketingExpenses": 0, "sellingGeneralAndAdministrativeExpenses": 6660000, "otherExpenses": 56538000, "operatingExpenses": 63198000, "costAndExpenses": 63198000, "interestIncome": 0, "interestExpense": 0, "depreciationAndAmortization": 7400000, "ebitda": 30538000, "ebitdaratio": 0.3578811672, "operatingIncome": 22132000, "operatingIncomeRatio": 0.2593695066, "totalOtherIncomeExpensesNet": 0, "incomeBeforeTax": 0, "incomeBeforeTaxRatio": 0, "incomeTaxExpense": -15326000, "netIncome": 38464000, "netIncomeRatio": 0.4507676081, "eps": 1.55, "epsdiluted": 1.55, "weightedAverageShsOut": 24866225, "weightedAverageShsOutDil": 24869570, "link": "https://www.sec.gov/Archives/edgar/data/1025378/000095012399002755/0000950123-99-002755-index.html", "finalLink": "https://www.sec.gov/Archives/edgar/data/1025378/", "calculatedOtherExpenses": 56538000, "calculatedOperatingExpenses": 63198000, "calculatedNetInterest": 0, "calculatedOtherIncome": -22132000, "calculatedIncomeNonControlling": -23138000, "calculatedEbitda": 29532000}, {"date": "1997-12-31", "symbol": "WPC", "reportedCurrency": "USD", "cik": "0001025378", "fillingDate": "1998-03-31", "acceptedDate": "1998-03-31 00:00:00", "calendarYear": "1997", "period": "FY", "revenue": 98347000, "costOfRevenue": 0, "grossProfit": 98347000, "grossProfitRatio": 1, "researchAndDevelopmentExpenses": 0, "generalAndAdministrativeExpenses": 5275000, "sellingAndMarketingExpenses": 0, "sellingGeneralAndAdministrativeExpenses": 5275000, "otherExpenses": 71388000, "operatingExpenses": 76663000, "costAndExpenses": 76663000, "interestIncome": 0, "interestExpense": 0, "depreciationAndAmortization": 10300000, "ebitda": 32312000, "ebitdaratio": 0.3285509472, "operatingIncome": 21684000, "operatingIncomeRatio": 0.2204846106, "totalOtherIncomeExpensesNet": 0, "incomeBeforeTax": 0, "incomeBeforeTaxRatio": 0, "incomeTaxExpense": -18549000, "netIncome": 40561000, "netIncomeRatio": 0.4124274253, "eps": 1.58, "epsdiluted": 1.58, "weightedAverageShsOut": 25671519, "weightedAverageShsOutDil": 25671519, "link": "https://www.sec.gov/Archives/edgar/data/1025378/000095012398003169/0000950123-98-003169-index.html", "finalLink": "https://www.sec.gov/Archives/edgar/data/1025378/", "calculatedOtherExpenses": 71388000, "calculatedOperatingExpenses": 76663000, "calculatedNetInterest": 0, "calculatedOtherIncome": -21684000, "calculatedIncomeNonControlling": -22012000, "calculatedEbitda": 31984000}]}