{"originalCurrency": "USD", "convertedCurrency": "USD", "report": [{"date": "2023-12-31", "symbol": "WPM", "reportedCurrency": "USD", "cik": "0001323404", "fillingDate": "2023-12-31", "acceptedDate": "2023-12-29 19:00:00", "calendarYear": "2023", "period": "FY", "revenue": 1034678061, "costOfRevenue": 452241212, "grossProfit": 582436849, "grossProfitRatio": 0.5629160132, "researchAndDevelopmentExpenses": 0, "generalAndAdministrativeExpenses": 58381000, "sellingAndMarketingExpenses": 2125637, "sellingGeneralAndAdministrativeExpenses": 60506637, "otherExpenses": -10188000, "operatingExpenses": 60506637, "costAndExpenses": 512747850, "interestIncome": 34862000, "interestExpense": 207000, "depreciationAndAmortization": 219885826, "ebitda": 741816040, "ebitdaratio": 0.7169534834, "operatingIncome": 521930211, "operatingIncomeRatio": 0.5044373034, "totalOtherIncomeExpensesNet": 27013473, "incomeBeforeTax": 548943684, "incomeBeforeTaxRatio": 0.5305453983, "incomeTaxExpense": 1439931, "netIncome": 537644000, "netIncomeRatio": 0.5196244322, "eps": 1.21, "epsdiluted": 1.21, "weightedAverageShsOut": 452814000, "weightedAverageShsOutDil": 453463000, "link": null, "finalLink": null, "calculatedOtherExpenses": 1, "calculatedOperatingExpenses": 60506638, "calculatedNetInterest": 34655000, "calculatedOtherIncome": -7641527, "calculatedIncomeNonControlling": 9859753, "calculatedEbitda": 741816037}, {"date": "2022-12-31", "symbol": "WPM", "reportedCurrency": "USD", "cik": "0001323404", "fillingDate": "2022-12-31", "acceptedDate": "2022-12-31 00:00:00", "calendarYear": "2022", "period": "FY", "revenue": 1065053000, "costOfRevenue": 499573000, "grossProfit": 565480000, "grossProfitRatio": 0.5309407137, "researchAndDevelopmentExpenses": 0, "generalAndAdministrativeExpenses": 53463000, "sellingAndMarketingExpenses": 0, "sellingGeneralAndAdministrativeExpenses": 53463000, "otherExpenses": 2428000, "operatingExpenses": 55891000, "costAndExpenses": 555464000, "interestIncome": 6321000, "interestExpense": 91000, "depreciationAndAmortization": 234248000, "ebitda": 746152000, "ebitdaratio": 0.7005773422, "operatingIncome": 511904000, "operatingIncomeRatio": 0.4806371138, "totalOtherIncomeExpensesNet": 157731000, "incomeBeforeTax": 669635000, "incomeBeforeTaxRatio": 0.6287339691, "incomeTaxExpense": 509000, "netIncome": 669126000, "netIncomeRatio": 0.6282560586, "eps": 1.42, "epsdiluted": 1.42, "weightedAverageShsOut": 451570000, "weightedAverageShsOutDil": 452344000, "link": null, "finalLink": null, "calculatedOtherExpenses": 113000, "calculatedOperatingExpenses": 53576000, "calculatedNetInterest": 6230000, "calculatedOtherIncome": 151501000, "calculatedIncomeNonControlling": 0, "calculatedEbitda": 746152000}, {"date": "2021-12-31", "symbol": "WPM", "reportedCurrency": "USD", "cik": "0001323404", "fillingDate": "2021-12-31", "acceptedDate": "2021-12-31 00:00:00", "calendarYear": "2021", "period": "FY", "revenue": 1201665000, "costOfRevenue": 542740000, "grossProfit": 658925000, "grossProfitRatio": 0.5483433403, "researchAndDevelopmentExpenses": 0, "generalAndAdministrativeExpenses": 52874000, "sellingAndMarketingExpenses": 0, "sellingGeneralAndAdministrativeExpenses": 52874000, "otherExpenses": 1893000, "operatingExpenses": 54767000, "costAndExpenses": 597507000, "interestIncome": 241000, "interestExpense": 352000, "depreciationAndAmortization": 256685000, "ebitda": 857576000, "ebitdaratio": 0.7136564683, "operatingIncome": 600891000, "operatingIncomeRatio": 0.5000486825, "totalOtherIncomeExpensesNet": 153725000, "incomeBeforeTax": 754616000, "incomeBeforeTaxRatio": 0.6279753509, "incomeTaxExpense": -269000, "netIncome": 754885000, "netIncomeRatio": 0.6281992069, "eps": 1.66, "epsdiluted": 1.66, "weightedAverageShsOut": 450138000, "weightedAverageShsOutDil": 451170000, "link": null, "finalLink": null, "calculatedOtherExpenses": 5160000, "calculatedOperatingExpenses": 58034000, "calculatedNetInterest": -111000, "calculatedOtherIncome": 153836000, "calculatedIncomeNonControlling": 0, "calculatedEbitda": 857576000}, {"date": "2020-12-31", "symbol": "WPM", "reportedCurrency": "USD", "cik": "0001323404", "fillingDate": "2020-12-31", "acceptedDate": "2020-12-31 00:00:00", "calendarYear": "2020", "period": "FY", "revenue": 1096224000, "costOfRevenue": 510652000, "grossProfit": 585572000, "grossProfitRatio": 0.5341718481, "researchAndDevelopmentExpenses": 0, "generalAndAdministrativeExpenses": 65698000, "sellingAndMarketingExpenses": 0, "sellingGeneralAndAdministrativeExpenses": 65698000, "otherExpenses": 2170000, "operatingExpenses": 65698000, "costAndExpenses": 576350000, "interestIncome": 229000, "interestExpense": 16715000, "depreciationAndAmortization": 247949000, "ebitda": 767823000, "ebitdaratio": 0.700425278, "operatingIncome": 519874000, "operatingIncomeRatio": 0.4742406661, "totalOtherIncomeExpensesNet": -14545000, "incomeBeforeTax": 505329000, "incomeBeforeTaxRatio": 0.4609723925, "incomeTaxExpense": -2475000, "netIncome": 507804000, "netIncomeRatio": 0.4632301427, "eps": 1.19, "epsdiluted": 1.19, "weightedAverageShsOut": 448694000, "weightedAverageShsOutDil": 450070000, "link": null, "finalLink": null, "calculatedOtherExpenses": 0, "calculatedOperatingExpenses": 65698000, "calculatedNetInterest": -16486000, "calculatedOtherIncome": 1941000, "calculatedIncomeNonControlling": 0, "calculatedEbitda": 767823000}, {"date": "2019-12-31", "symbol": "WPM", "reportedCurrency": "USD", "cik": "0001323404", "fillingDate": "2019-12-31", "acceptedDate": "2019-12-31 00:00:00", "calendarYear": "2019", "period": "FY", "revenue": 861332000, "costOfRevenue": 515385000, "grossProfit": 345947000, "grossProfitRatio": 0.4016418756, "researchAndDevelopmentExpenses": 0, "generalAndAdministrativeExpenses": 49658000, "sellingAndMarketingExpenses": 0, "sellingGeneralAndAdministrativeExpenses": 49658000, "otherExpenses": 1903000, "operatingExpenses": 51561000, "costAndExpenses": 566946000, "interestIncome": 1041000, "interestExpense": 44942000, "depreciationAndAmortization": 258730000, "ebitda": 550350000, "ebitdaratio": 0.6389522275, "operatingIncome": 291620000, "operatingIncomeRatio": 0.3385686356, "totalOtherIncomeExpensesNet": -214548000, "incomeBeforeTax": 77072000, "incomeBeforeTaxRatio": 0.0894800147, "incomeTaxExpense": -9066000, "netIncome": 86138000, "netIncomeRatio": 0.1000055728, "eps": 0.2, "epsdiluted": 0.2, "weightedAverageShsOut": 446021000, "weightedAverageShsOutDil": 446930000, "link": null, "finalLink": null, "calculatedOtherExpenses": 4669000, "calculatedOperatingExpenses": 54327000, "calculatedNetInterest": -43901000, "calculatedOtherIncome": -170647000, "calculatedIncomeNonControlling": 0, "calculatedEbitda": 550350000}, {"date": "2018-12-31", "symbol": "WPM", "reportedCurrency": "USD", "cik": "0001323404", "fillingDate": "2018-12-31", "acceptedDate": "2018-12-31 00:00:00", "calendarYear": "2018", "period": "FY", "revenue": 794012000, "costOfRevenue": 498081000, "grossProfit": 295931000, "grossProfitRatio": 0.3727034352, "researchAndDevelopmentExpenses": 0, "generalAndAdministrativeExpenses": 47983000, "sellingAndMarketingExpenses": 0, "sellingGeneralAndAdministrativeExpenses": 47983000, "otherExpenses": 1057000, "operatingExpenses": 49040000, "costAndExpenses": 547121000, "interestIncome": 750000, "interestExpense": 40156000, "depreciationAndAmortization": 251876000, "ebitda": 496157000, "ebitdaratio": 0.6248734276, "operatingIncome": 244281000, "operatingIncomeRatio": 0.3076540405, "totalOtherIncomeExpensesNet": 198702000, "incomeBeforeTax": 442983000, "incomeBeforeTaxRatio": 0.5579046664, "incomeTaxExpense": 15868000, "netIncome": 427115000, "netIncomeRatio": 0.5379200818, "eps": 0.96, "epsdiluted": 0.96, "weightedAverageShsOut": 443407000, "weightedAverageShsOutDil": 443862000, "link": null, "finalLink": null, "calculatedOtherExpenses": 3667000, "calculatedOperatingExpenses": 51650000, "calculatedNetInterest": -39406000, "calculatedOtherIncome": 238108000, "calculatedIncomeNonControlling": 0, "calculatedEbitda": 496157000}, {"date": "2017-12-31", "symbol": "WPM", "reportedCurrency": "USD", "cik": "0001323404", "fillingDate": "2017-12-31", "acceptedDate": "2017-12-31 00:00:00", "calendarYear": "2017", "period": "FY", "revenue": 843215000, "costOfRevenue": 506181000, "grossProfit": 337034000, "grossProfitRatio": 0.3997011438, "researchAndDevelopmentExpenses": 0, "generalAndAdministrativeExpenses": 31560000, "sellingAndMarketingExpenses": 0, "sellingGeneralAndAdministrativeExpenses": 31560000, "otherExpenses": 9029000, "operatingExpenses": 32532000, "costAndExpenses": 538713000, "interestIncome": 407000, "interestExpense": 24993000, "depreciationAndAmortization": 263352000, "ebitda": 574962000, "ebitdaratio": 0.6818687998, "operatingIncome": 311610000, "operatingIncomeRatio": 0.3695498776, "totalOtherIncomeExpensesNet": -220771000, "incomeBeforeTax": 56817000, "incomeBeforeTaxRatio": 0.0673813915, "incomeTaxExpense": -886000, "netIncome": 57703000, "netIncomeRatio": 0.0684321318, "eps": 0.13, "epsdiluted": 0.13, "weightedAverageShsOut": 441961000, "weightedAverageShsOutDil": 442442000, "link": null, "finalLink": null, "calculatedOtherExpenses": -6136000, "calculatedOperatingExpenses": 25424000, "calculatedNetInterest": -24586000, "calculatedOtherIncome": -230207000, "calculatedIncomeNonControlling": 0, "calculatedEbitda": 574962000}, {"date": "2016-12-31", "symbol": "WPM", "reportedCurrency": "USD", "cik": "0001323404", "fillingDate": "2016-12-31", "acceptedDate": "2016-12-31 00:00:00", "calendarYear": "2016", "period": "FY", "revenue": 891557000, "costOfRevenue": 563136000, "grossProfit": 328421000, "grossProfitRatio": 0.3683679226, "researchAndDevelopmentExpenses": 0, "generalAndAdministrativeExpenses": 31511000, "sellingAndMarketingExpenses": 0, "sellingGeneralAndAdministrativeExpenses": 31511000, "otherExpenses": -2866000, "operatingExpenses": 32463000, "costAndExpenses": 595599000, "interestIncome": 147000, "interestExpense": 24193000, "depreciationAndAmortization": 309654000, "ebitda": 601072000, "ebitdaratio": 0.6741823574, "operatingIncome": 293982000, "operatingIncomeRatio": 0.3297399942, "totalOtherIncomeExpensesNet": -76284000, "incomeBeforeTax": 193807000, "incomeBeforeTaxRatio": 0.2173803806, "incomeTaxExpense": -1330000, "netIncome": 195137000, "netIncomeRatio": 0.2188721529, "eps": 0.45, "epsdiluted": 0.45, "weightedAverageShsOut": 430461000, "weightedAverageShsOutDil": 430845000, "link": null, "finalLink": null, "calculatedOtherExpenses": 2928000, "calculatedOperatingExpenses": 34439000, "calculatedNetInterest": -24046000, "calculatedOtherIncome": -76129000, "calculatedIncomeNonControlling": 0, "calculatedEbitda": 603636000}, {"date": "2015-12-31", "symbol": "WPM", "reportedCurrency": "USD", "cik": "0001323404", "fillingDate": "2015-12-31", "acceptedDate": "2015-12-31 00:00:00", "calendarYear": "2015", "period": "FY", "revenue": 648687000, "costOfRevenue": 388795000, "grossProfit": 259892000, "grossProfitRatio": 0.4006431453, "researchAndDevelopmentExpenses": 0, "generalAndAdministrativeExpenses": 29651000, "sellingAndMarketingExpenses": 0, "sellingGeneralAndAdministrativeExpenses": 29651000, "otherExpenses": -3219000, "operatingExpenses": 30272000, "costAndExpenses": 419067000, "interestIncome": 122000, "interestExpense": 4090000, "depreciationAndAmortization": 199202000, "ebitda": 423487000, "ebitdaratio": 0.6528371927, "operatingIncome": 201578000, "operatingIncomeRatio": 0.3107477104, "totalOtherIncomeExpensesNet": -388847000, "incomeBeforeTax": -165433000, "incomeBeforeTaxRatio": -0.2550274632, "incomeTaxExpense": -3391000, "netIncome": -162042000, "netIncomeRatio": -0.2497999806, "eps": -0.41, "epsdiluted": -0.41, "weightedAverageShsOut": 395755000, "weightedAverageShsOutDil": 395938000, "link": null, "finalLink": null, "calculatedOtherExpenses": 28663000, "calculatedOperatingExpenses": 58314000, "calculatedNetInterest": -3968000, "calculatedOtherIncome": -363043000, "calculatedIncomeNonControlling": 0, "calculatedEbitda": 400780000}, {"date": "2014-12-31", "symbol": "WPM", "reportedCurrency": "USD", "cik": "0001323404", "fillingDate": "2014-12-31", "acceptedDate": "2014-12-31 00:00:00", "calendarYear": "2014", "period": "FY", "revenue": 620176000, "costOfRevenue": 311277000, "grossProfit": 308899000, "grossProfitRatio": 0.4980828023, "researchAndDevelopmentExpenses": 0, "generalAndAdministrativeExpenses": 34347000, "sellingAndMarketingExpenses": 0, "sellingGeneralAndAdministrativeExpenses": 34347000, "otherExpenses": -1770000, "operatingExpenses": 34673000, "costAndExpenses": 345950000, "interestIncome": 123000, "interestExpense": 2277000, "depreciationAndAmortization": 160506000, "ebitda": 432065000, "ebitdaratio": 0.6966812647, "operatingIncome": 308899000, "operatingIncomeRatio": 0.4980828023, "totalOtherIncomeExpensesNet": -72271000, "incomeBeforeTax": 198781000, "incomeBeforeTaxRatio": 0.3205235288, "incomeTaxExpense": -1045000, "netIncome": 199826000, "netIncomeRatio": 0.3222085344, "eps": 0.56, "epsdiluted": 0.56, "weightedAverageShsOut": 359401000, "weightedAverageShsOutDil": 359804000, "link": null, "finalLink": null, "calculatedOtherExpenses": -34347000, "calculatedOperatingExpenses": 0, "calculatedNetInterest": -2154000, "calculatedOtherIncome": -107964000, "calculatedIncomeNonControlling": 0, "calculatedEbitda": 469405000}, {"date": "2013-12-31", "symbol": "WPM", "reportedCurrency": "USD", "cik": "0001323404", "fillingDate": "2013-12-31", "acceptedDate": "2013-12-31 00:00:00", "calendarYear": "2013", "period": "FY", "revenue": 706472000, "costOfRevenue": 283505000, "grossProfit": 422967000, "grossProfitRatio": 0.5987031333, "researchAndDevelopmentExpenses": 0, "generalAndAdministrativeExpenses": 32358000, "sellingAndMarketingExpenses": 0, "sellingGeneralAndAdministrativeExpenses": 32358000, "otherExpenses": -2887000, "operatingExpenses": 32598000, "costAndExpenses": 316103000, "interestIncome": 204000, "interestExpense": 6083000, "depreciationAndAmortization": 144393000, "ebitda": 525679000, "ebitdaratio": 0.7440903532, "operatingIncome": 422967000, "operatingIncomeRatio": 0.5987031333, "totalOtherIncomeExpensesNet": -7716000, "incomeBeforeTax": 370374000, "incomeBeforeTaxRatio": 0.5242585693, "incomeTaxExpense": -5121000, "netIncome": 375495000, "netIncomeRatio": 0.5315072643, "eps": 1.06, "epsdiluted": 1.05, "weightedAverageShsOut": 355588000, "weightedAverageShsOutDil": 356595000, "link": null, "finalLink": null, "calculatedOtherExpenses": -32358000, "calculatedOperatingExpenses": 0, "calculatedNetInterest": -5879000, "calculatedOtherIncome": -46714000, "calculatedIncomeNonControlling": 0, "calculatedEbitda": 567360000}, {"date": "2012-12-31", "symbol": "WPM", "reportedCurrency": "USD", "cik": "0001323404", "fillingDate": "2012-12-31", "acceptedDate": "2012-12-31 00:00:00", "calendarYear": "2012", "period": "FY", "revenue": 849560000, "costOfRevenue": 218718000, "grossProfit": 630842000, "grossProfitRatio": 0.7425514384, "researchAndDevelopmentExpenses": 0, "generalAndAdministrativeExpenses": 28754000, "sellingAndMarketingExpenses": 0, "sellingGeneralAndAdministrativeExpenses": 28754000, "otherExpenses": -981000, "operatingExpenses": 28982000, "costAndExpenses": 247700000, "interestIncome": 1222000, "interestExpense": 1222000, "depreciationAndAmortization": 101457000, "ebitda": 704627000, "ebitdaratio": 0.8294022788, "operatingIncome": 630842000, "operatingIncomeRatio": 0.7425514384, "totalOtherIncomeExpensesNet": -2291000, "incomeBeforeTax": 600791000, "incomeBeforeTaxRatio": 0.7071790103, "incomeTaxExpense": 14755000, "netIncome": 586036000, "netIncomeRatio": 0.6898111964, "eps": 1.66, "epsdiluted": 1.65, "weightedAverageShsOut": 353874000, "weightedAverageShsOutDil": 356008000, "link": null, "finalLink": null, "calculatedOtherExpenses": -28754000, "calculatedOperatingExpenses": 0, "calculatedNetInterest": 0, "calculatedOtherIncome": -30051000, "calculatedIncomeNonControlling": 0, "calculatedEbitda": 732299000}, {"date": "2011-12-31", "symbol": "WPM", "reportedCurrency": "USD", "cik": "0001323404", "fillingDate": "2011-12-31", "acceptedDate": "2011-12-31 00:00:00", "calendarYear": "2011", "period": "FY", "revenue": 729997000, "costOfRevenue": 143723000, "grossProfit": 586274000, "grossProfitRatio": 0.803118369, "researchAndDevelopmentExpenses": 0, "generalAndAdministrativeExpenses": 24919000, "sellingAndMarketingExpenses": 261000, "sellingGeneralAndAdministrativeExpenses": 25180000, "otherExpenses": 3443000, "operatingExpenses": 28362000, "costAndExpenses": 172085000, "interestIncome": 0, "interestExpense": -906000, "depreciationAndAmortization": 57720000, "ebitda": 615179000, "ebitdaratio": 0.8427144221, "operatingIncome": 558365000, "operatingIncomeRatio": 0.764886705, "totalOtherIncomeExpensesNet": 453000, "incomeBeforeTax": 558365000, "incomeBeforeTaxRatio": 0.764886705, "incomeTaxExpense": 8337000, "netIncome": 550028000, "netIncomeRatio": 0.7534661101, "eps": 1.56, "epsdiluted": 1.55, "weightedAverageShsOut": 353249000, "weightedAverageShsOutDil": 355904000, "link": null, "finalLink": null, "calculatedOtherExpenses": 2729000, "calculatedOperatingExpenses": 27909000, "calculatedNetInterest": 906000, "calculatedOtherIncome": -906000, "calculatedIncomeNonControlling": 0, "calculatedEbitda": 616085000}, {"date": "2010-12-31", "symbol": "WPM", "reportedCurrency": "USD", "cik": "0001323404", "fillingDate": "2010-12-31", "acceptedDate": "2010-12-31 00:00:00", "calendarYear": "2010", "period": "FY", "revenue": 423353000, "costOfRevenue": 82749000, "grossProfit": 340604000, "grossProfitRatio": 0.8045390017, "researchAndDevelopmentExpenses": 0, "generalAndAdministrativeExpenses": 24669000, "sellingAndMarketingExpenses": 0, "sellingGeneralAndAdministrativeExpenses": 24669000, "otherExpenses": 0, "operatingExpenses": 82240000, "costAndExpenses": 164989000, "interestIncome": 0, "interestExpense": -36258000, "depreciationAndAmortization": 57839000, "ebitda": 298074000, "ebitdaratio": 0.7040791018, "operatingIncome": 258364000, "operatingIncomeRatio": 0.6102803098, "totalOtherIncomeExpensesNet": 18129000, "incomeBeforeTax": 276493000, "incomeBeforeTaxRatio": 0.6531027299, "incomeTaxExpense": -13600000, "netIncome": 290093000, "netIncomeRatio": 0.6852272217, "eps": 0.84, "epsdiluted": 0.83, "weightedAverageShsOut": 344288000, "weightedAverageShsOutDil": 350429000, "link": null, "finalLink": null, "calculatedOtherExpenses": 57571000, "calculatedOperatingExpenses": 82240000, "calculatedNetInterest": 36258000, "calculatedOtherIncome": -18129000, "calculatedIncomeNonControlling": 0, "calculatedEbitda": 316203000}, {"date": "2009-12-31", "symbol": "WPM", "reportedCurrency": "USD", "cik": "0001323404", "fillingDate": "2009-12-31", "acceptedDate": "2009-12-31 00:00:00", "calendarYear": "2009", "period": "FY", "revenue": 239293000, "costOfRevenue": 63715000, "grossProfit": 175578000, "grossProfitRatio": 0.7337364653, "researchAndDevelopmentExpenses": 0, "generalAndAdministrativeExpenses": 17288000, "sellingAndMarketingExpenses": 0, "sellingGeneralAndAdministrativeExpenses": 17288000, "otherExpenses": 455000, "operatingExpenses": 58444000, "costAndExpenses": 122159000, "interestIncome": 0, "interestExpense": 0, "depreciationAndAmortization": 41413000, "ebitda": 157757000, "ebitdaratio": 0.659262912, "operatingIncome": 117134000, "operatingIncomeRatio": 0.4895003197, "totalOtherIncomeExpensesNet": 790000, "incomeBeforeTax": 117924000, "incomeBeforeTaxRatio": 0.4928017117, "incomeTaxExpense": -335000, "netIncome": 117924000, "netIncomeRatio": 0.4928017117, "eps": 0.39, "epsdiluted": 0.38, "weightedAverageShsOut": 306040000, "weightedAverageShsOutDil": 309500000, "link": null, "finalLink": null, "calculatedOtherExpenses": 41156000, "calculatedOperatingExpenses": 58444000, "calculatedNetInterest": 0, "calculatedOtherIncome": 790000, "calculatedIncomeNonControlling": 335000, "calculatedEbitda": 158547000}, {"date": "2008-12-31", "symbol": "WPM", "reportedCurrency": "USD", "cik": "0001323404", "fillingDate": "2008-12-31", "acceptedDate": "2008-12-31 00:00:00", "calendarYear": "2008", "period": "FY", "revenue": 166719000, "costOfRevenue": 43890000, "grossProfit": 122829000, "grossProfitRatio": 0.7367426628, "researchAndDevelopmentExpenses": 0, "generalAndAdministrativeExpenses": 16448000, "sellingAndMarketingExpenses": 866000, "sellingGeneralAndAdministrativeExpenses": 16448000, "otherExpenses": -396000, "operatingExpenses": 19491000, "costAndExpenses": 63381000, "interestIncome": 320000, "interestExpense": 116000, "depreciationAndAmortization": 19491000, "ebitda": 123149000, "ebitdaratio": 0.7386620601, "operatingIncome": 103338000, "operatingIncomeRatio": 0.6198333723, "totalOtherIncomeExpensesNet": -83377000, "incomeBeforeTax": 20165000, "incomeBeforeTaxRatio": 0.1209520211, "incomeTaxExpense": 2913000, "netIncome": 17252000, "netIncomeRatio": 0.1034795074, "eps": 0.07, "epsdiluted": 0.07, "weightedAverageShsOut": 232855000, "weightedAverageShsOutDil": 249244000, "link": null, "finalLink": null, "calculatedOtherExpenses": 3043000, "calculatedOperatingExpenses": 19491000, "calculatedNetInterest": 204000, "calculatedOtherIncome": -83377000, "calculatedIncomeNonControlling": 0, "calculatedEbitda": 122829000}, {"date": "2007-12-31", "symbol": "WPM", "reportedCurrency": "USD", "cik": "0001323404", "fillingDate": "2007-12-31", "acceptedDate": "2007-12-31 00:00:00", "calendarYear": "2007", "period": "FY", "revenue": 175434000, "costOfRevenue": 51059000, "grossProfit": 124375000, "grossProfitRatio": 0.7089560746, "researchAndDevelopmentExpenses": 0, "generalAndAdministrativeExpenses": 0, "sellingAndMarketingExpenses": 0, "sellingGeneralAndAdministrativeExpenses": 10060000, "otherExpenses": 11645000, "operatingExpenses": 21705000, "costAndExpenses": 72764000, "interestIncome": 1508000, "interestExpense": 13020000, "depreciationAndAmortization": 21705000, "ebitda": 126609000, "ebitdaratio": 0.7216902083, "operatingIncome": 102670000, "operatingIncomeRatio": 0.5852343331, "totalOtherIncomeExpensesNet": -2234000, "incomeBeforeTax": 91884000, "incomeBeforeTaxRatio": 0.5237525223, "incomeTaxExpense": 22000, "netIncome": 91862000, "netIncomeRatio": 0.523627119, "eps": 0.41, "epsdiluted": 0.37, "weightedAverageShsOut": 221909000, "weightedAverageShsOutDil": 246728000, "link": null, "finalLink": null, "calculatedOtherExpenses": 11645000, "calculatedOperatingExpenses": 21705000, "calculatedNetInterest": -11512000, "calculatedOtherIncome": 726000, "calculatedIncomeNonControlling": 0, "calculatedEbitda": 124375000}, {"date": "2006-12-31", "symbol": "WPM", "reportedCurrency": "USD", "cik": "0001323404", "fillingDate": "2006-12-31", "acceptedDate": "2006-12-31 00:00:00", "calendarYear": "2006", "period": "FY", "revenue": 158541000, "costOfRevenue": 52772000, "grossProfit": 105769000, "grossProfitRatio": 0.6671397304, "researchAndDevelopmentExpenses": 0, "generalAndAdministrativeExpenses": 0, "sellingAndMarketingExpenses": 0, "sellingGeneralAndAdministrativeExpenses": 5911000, "otherExpenses": 10627000, "operatingExpenses": 16538000, "costAndExpenses": 69310000, "interestIncome": 3221000, "interestExpense": 1691000, "depreciationAndAmortization": 17488000, "ebitda": 106349000, "ebitdaratio": 0.6707980901, "operatingIncome": 89231000, "operatingIncomeRatio": 0.5628260198, "totalOtherIncomeExpensesNet": 370000, "incomeBeforeTax": 89601000, "incomeBeforeTaxRatio": 0.5651598009, "incomeTaxExpense": 1950000, "netIncome": 85220000, "netIncomeRatio": 0.5375265704, "eps": 0.4, "epsdiluted": 0.37, "weightedAverageShsOut": 210538000, "weightedAverageShsOutDil": 232566000, "link": null, "finalLink": null, "calculatedOtherExpenses": 10627000, "calculatedOperatingExpenses": 16538000, "calculatedNetInterest": 1530000, "calculatedOtherIncome": -1160000, "calculatedIncomeNonControlling": 2431000, "calculatedEbitda": 106719000}, {"date": "2005-12-31", "symbol": "WPM", "reportedCurrency": "USD", "cik": "0001323404", "fillingDate": "2005-12-31", "acceptedDate": "2005-12-31 00:00:00", "calendarYear": "2005", "period": "FY", "revenue": 70895000, "costOfRevenue": 37839000, "grossProfit": 33056000, "grossProfitRatio": 0.4662670146, "researchAndDevelopmentExpenses": 0, "generalAndAdministrativeExpenses": 0, "sellingAndMarketingExpenses": 0, "sellingGeneralAndAdministrativeExpenses": 2534000, "otherExpenses": 3466000, "operatingExpenses": 6000000, "costAndExpenses": 43839000, "interestIncome": 705000, "interestExpense": 0, "depreciationAndAmortization": 6000000, "ebitda": 32992000, "ebitdaratio": 0.4653642711, "operatingIncome": 27056000, "operatingIncomeRatio": 0.381634812, "totalOtherIncomeExpensesNet": 64000, "incomeBeforeTax": 27120000, "incomeBeforeTaxRatio": 0.3825375555, "incomeTaxExpense": 1701000, "netIncome": 25291000, "netIncomeRatio": 0.3567388391, "eps": 0.15, "epsdiluted": 0.15, "weightedAverageShsOut": 168606667, "weightedAverageShsOutDil": 168606667, "link": null, "finalLink": null, "calculatedOtherExpenses": 3466000, "calculatedOperatingExpenses": 6000000, "calculatedNetInterest": 705000, "calculatedOtherIncome": -641000, "calculatedIncomeNonControlling": 128000, "calculatedEbitda": 33056000}, {"date": "2004-12-31", "symbol": "WPM", "reportedCurrency": "USD", "cik": "0001323404", "fillingDate": "2004-12-31", "acceptedDate": "2004-12-31 00:00:00", "calendarYear": "2004", "period": "FY", "revenue": 0, "costOfRevenue": 0, "grossProfit": 0, "grossProfitRatio": 0, "researchAndDevelopmentExpenses": 0, "generalAndAdministrativeExpenses": 0, "sellingAndMarketingExpenses": 0, "sellingGeneralAndAdministrativeExpenses": 0, "otherExpenses": 0, "operatingExpenses": 0, "costAndExpenses": 0, "interestIncome": 0, "interestExpense": 0, "depreciationAndAmortization": 0, "ebitda": 0, "ebitdaratio": 0, "operatingIncome": 0, "operatingIncomeRatio": 0, "totalOtherIncomeExpensesNet": 0, "incomeBeforeTax": 0, "incomeBeforeTaxRatio": 0, "incomeTaxExpense": 0, "netIncome": 0, "netIncomeRatio": 0, "eps": 0, "epsdiluted": 0, "weightedAverageShsOut": 168606667, "weightedAverageShsOutDil": 168606667, "link": null, "finalLink": null, "calculatedOtherExpenses": 0, "calculatedOperatingExpenses": 0, "calculatedNetInterest": 0, "calculatedOtherIncome": 0, "calculatedIncomeNonControlling": 0, "calculatedEbitda": 0}, {"date": "2003-08-31", "symbol": "WPM", "reportedCurrency": "USD", "cik": "0001323404", "fillingDate": "2003-08-31", "acceptedDate": "2003-08-31 00:00:00", "calendarYear": "2003", "period": "FY", "revenue": 724544, "costOfRevenue": 244798, "grossProfit": 479746, "grossProfitRatio": 0.6621350808, "researchAndDevelopmentExpenses": 0, "generalAndAdministrativeExpenses": 0, "sellingAndMarketingExpenses": 0, "sellingGeneralAndAdministrativeExpenses": 411944, "otherExpenses": 14874, "operatingExpenses": 426818, "costAndExpenses": 671616, "interestIncome": 0, "interestExpense": 1893, "depreciationAndAmortization": 14874, "ebitda": 63818, "ebitdaratio": 0.088080227, "operatingIncome": 52928, "operatingIncomeRatio": 0.0730500839, "totalOtherIncomeExpensesNet": 3984, "incomeBeforeTax": 56912, "incomeBeforeTaxRatio": 0.0785487148, "incomeTaxExpense": -7968, "netIncome": 55019, "netIncomeRatio": 0.075936037, "eps": 0.03, "epsdiluted": 0.03, "weightedAverageShsOut": 1720000, "weightedAverageShsOutDil": 1720000, "link": null, "finalLink": null, "calculatedOtherExpenses": 14874, "calculatedOperatingExpenses": 426818, "calculatedNetInterest": -1893, "calculatedOtherIncome": 5877, "calculatedIncomeNonControlling": 9861, "calculatedEbitda": 67802}, {"date": "2002-08-31", "symbol": "WPM", "reportedCurrency": "USD", "cik": "0001323404", "fillingDate": "2002-08-31", "acceptedDate": "2002-08-31 00:00:00", "calendarYear": "2002", "period": "FY", "revenue": 562558, "costOfRevenue": 194724, "grossProfit": 367834, "grossProfitRatio": 0.6538596909, "researchAndDevelopmentExpenses": 0, "generalAndAdministrativeExpenses": 0, "sellingAndMarketingExpenses": 0, "sellingGeneralAndAdministrativeExpenses": 348920, "otherExpenses": 16218, "operatingExpenses": 365138, "costAndExpenses": 559862, "interestIncome": 0, "interestExpense": 380862, "depreciationAndAmortization": 16218, "ebitda": 273493, "ebitdaratio": 0.4861596493, "operatingIncome": -125600, "operatingIncomeRatio": -0.2232658677, "totalOtherIncomeExpensesNet": -254579, "incomeBeforeTax": -123587, "incomeBeforeTaxRatio": -0.21968757, "incomeTaxExpense": -2566, "netIncome": -121021, "netIncomeRatio": -0.2151262625, "eps": -0.0704, "epsdiluted": -0.0704, "weightedAverageShsOut": 1720000, "weightedAverageShsOutDil": 1720000, "link": null, "finalLink": null, "calculatedOtherExpenses": 144514, "calculatedOperatingExpenses": 493434, "calculatedNetInterest": -380862, "calculatedOtherIncome": 382875, "calculatedIncomeNonControlling": 0, "calculatedEbitda": -109382}, {"date": "2001-08-31", "symbol": "WPM", "reportedCurrency": "USD", "cik": "0001323404", "fillingDate": "2001-08-31", "acceptedDate": "2001-08-31 00:00:00", "calendarYear": "2001", "period": "FY", "revenue": 577768, "costOfRevenue": 195525, "grossProfit": 382243, "grossProfitRatio": 0.6615856191, "researchAndDevelopmentExpenses": 0, "generalAndAdministrativeExpenses": 0, "sellingAndMarketingExpenses": 0, "sellingGeneralAndAdministrativeExpenses": 377189, "otherExpenses": 16730, "operatingExpenses": 393919, "costAndExpenses": 589444, "interestIncome": 0, "interestExpense": 0, "depreciationAndAmortization": 16730, "ebitda": 348, "ebitdaratio": 0.0006023179, "operatingIncome": -11676, "operatingIncomeRatio": -0.0202088035, "totalOtherIncomeExpensesNet": 4706, "incomeBeforeTax": -11676, "incomeBeforeTaxRatio": -0.0202088035, "incomeTaxExpense": -9412, "netIncome": -6970, "netIncomeRatio": -0.0120636657, "eps": -0.0041, "epsdiluted": -0.0041, "weightedAverageShsOut": 1720000, "weightedAverageShsOutDil": 1720000, "link": null, "finalLink": null, "calculatedOtherExpenses": 16730, "calculatedOperatingExpenses": 393919, "calculatedNetInterest": 0, "calculatedOtherIncome": 0, "calculatedIncomeNonControlling": 4706, "calculatedEbitda": 5054}, {"date": "2000-08-31", "symbol": "WPM", "reportedCurrency": "USD", "cik": "0001323404", "fillingDate": "2000-08-31", "acceptedDate": "2000-08-31 00:00:00", "calendarYear": "2000", "period": "FY", "revenue": 683788, "costOfRevenue": 309872, "grossProfit": 373916, "grossProfitRatio": 0.5468303041, "researchAndDevelopmentExpenses": 0, "generalAndAdministrativeExpenses": 0, "sellingAndMarketingExpenses": 0, "sellingGeneralAndAdministrativeExpenses": 379591, "otherExpenses": 18170, "operatingExpenses": 397761, "costAndExpenses": 707633, "interestIncome": 0, "interestExpense": -12771, "depreciationAndAmortization": 18170, "ebitda": -5675, "ebitdaratio": -0.0082993559, "operatingIncome": -23845, "operatingIncomeRatio": -0.0348719194, "totalOtherIncomeExpensesNet": 12771, "incomeBeforeTax": -11074, "incomeBeforeTaxRatio": -0.016195078, "incomeTaxExpense": -17668, "netIncome": 6594, "netIncomeRatio": 0.0096433397, "eps": 0.0038, "epsdiluted": 0.0038, "weightedAverageShsOut": 1720000, "weightedAverageShsOutDil": 1720000, "link": null, "finalLink": null, "calculatedOtherExpenses": 18170, "calculatedOperatingExpenses": 397761, "calculatedNetInterest": 12771, "calculatedOtherIncome": 0, "calculatedIncomeNonControlling": 0, "calculatedEbitda": -5675}, {"date": "1999-08-31", "symbol": "WPM", "reportedCurrency": "USD", "cik": "0001323404", "fillingDate": "1999-08-31", "acceptedDate": "1999-08-31 00:00:00", "calendarYear": "1999", "period": "FY", "revenue": 603015, "costOfRevenue": 201005, "grossProfit": 402010, "grossProfitRatio": 0.6666666667, "researchAndDevelopmentExpenses": 0, "generalAndAdministrativeExpenses": 0, "sellingAndMarketingExpenses": 0, "sellingGeneralAndAdministrativeExpenses": 402010, "otherExpenses": 0, "operatingExpenses": 402010, "costAndExpenses": 603015, "interestIncome": 0, "interestExpense": 0, "depreciationAndAmortization": 0, "ebitda": 0, "ebitdaratio": 0, "operatingIncome": 0, "operatingIncomeRatio": 0, "totalOtherIncomeExpensesNet": 0, "incomeBeforeTax": 0, "incomeBeforeTaxRatio": 0, "incomeTaxExpense": 0, "netIncome": 0, "netIncomeRatio": 0, "eps": 0, "epsdiluted": 0, "weightedAverageShsOut": 1720000, "weightedAverageShsOutDil": 1720000, "link": null, "finalLink": null, "calculatedOtherExpenses": 0, "calculatedOperatingExpenses": 402010, "calculatedNetInterest": 0, "calculatedOtherIncome": 0, "calculatedIncomeNonControlling": 0, "calculatedEbitda": 0}, {"date": "1998-08-31", "symbol": "WPM", "reportedCurrency": "USD", "cik": "0001323404", "fillingDate": "1998-08-31", "acceptedDate": "1998-08-31 00:00:00", "calendarYear": "1998", "period": "FY", "revenue": 509554, "costOfRevenue": 191083, "grossProfit": 318471, "grossProfitRatio": 0.6249995094, "researchAndDevelopmentExpenses": 0, "generalAndAdministrativeExpenses": 0, "sellingAndMarketingExpenses": 0, "sellingGeneralAndAdministrativeExpenses": 382166, "otherExpenses": 0, "operatingExpenses": 382166, "costAndExpenses": 573249, "interestIncome": 0, "interestExpense": 0, "depreciationAndAmortization": -1, "ebitda": -63695, "ebitdaratio": -0.1250014719, "operatingIncome": -63694, "operatingIncomeRatio": -0.1249995094, "totalOtherIncomeExpensesNet": 0, "incomeBeforeTax": 0, "incomeBeforeTaxRatio": 0, "incomeTaxExpense": 0, "netIncome": 0, "netIncomeRatio": 0, "eps": 0, "epsdiluted": 0, "weightedAverageShsOut": 1720000, "weightedAverageShsOutDil": 1720000, "link": null, "finalLink": null, "calculatedOtherExpenses": -1, "calculatedOperatingExpenses": 382165, "calculatedNetInterest": 0, "calculatedOtherIncome": 63694, "calculatedIncomeNonControlling": 0, "calculatedEbitda": -63695}]}