{"originalCurrency": "USD", "convertedCurrency": "USD", "report": [{"date": "2023-12-31", "symbol": "WRB", "reportedCurrency": "USD", "cik": "0000011544", "fillingDate": "2024-02-23", "acceptedDate": "2024-02-23 16:09:29", "calendarYear": "2023", "period": "FY", "revenue": 12111139000, "costOfRevenue": 3363936000, "grossProfit": 8747203000, "grossProfitRatio": 0.7222444561, "researchAndDevelopmentExpenses": 0, "generalAndAdministrativeExpenses": 0, "sellingAndMarketingExpenses": 0, "sellingGeneralAndAdministrativeExpenses": 44256000, "otherExpenses": -3857135000, "operatingExpenses": 3857135000, "costAndExpenses": 10356736000, "interestIncome": 0, "interestExpense": 127459000, "depreciationAndAmortization": -20861000, "ebitda": 1754403000, "ebitdaratio": 0.1448586297, "operatingIncome": 1754403000, "operatingIncomeRatio": 0.1448586297, "totalOtherIncomeExpensesNet": 535889000, "incomeBeforeTax": 1754403000, "incomeBeforeTaxRatio": 0.1448586297, "incomeTaxExpense": 370557000, "netIncome": 1381359000, "netIncomeRatio": 0.1140569025, "eps": 5.1, "epsdiluted": 5.05, "weightedAverageShsOut": 271000000, "weightedAverageShsOutDil": 273298000, "link": "https://www.sec.gov/Archives/edgar/data/11544/000001154424000005/0000011544-24-000005-index.htm", "finalLink": "https://www.sec.gov/Archives/edgar/data/11544/000001154424000005/wrb-20231231.htm", "calculatedOtherExpenses": 6948544000, "calculatedOperatingExpenses": 6992800000, "calculatedNetInterest": -127459000, "calculatedOtherIncome": 127459000, "calculatedIncomeNonControlling": 2487000, "calculatedEbitda": 1733542000}, {"date": "2022-12-31", "symbol": "WRB", "reportedCurrency": "USD", "cik": "0000011544", "fillingDate": "2023-02-24", "acceptedDate": "2023-02-24 08:37:12", "calendarYear": "2022", "period": "FY", "revenue": 11217429000, "costOfRevenue": 0, "grossProfit": 11217429000, "grossProfitRatio": 1, "researchAndDevelopmentExpenses": 0, "generalAndAdministrativeExpenses": 0, "sellingAndMarketingExpenses": 0, "sellingGeneralAndAdministrativeExpenses": 43383000, "otherExpenses": -3505624000, "operatingExpenses": 3505624000, "costAndExpenses": 9497748000, "interestIncome": 0, "interestExpense": 130374000, "depreciationAndAmortization": 55872000, "ebitda": 1902035000, "ebitdaratio": 0.1695606899, "operatingIncome": 1846163000, "operatingIncomeRatio": 0.1645798694, "totalOtherIncomeExpensesNet": 512944000, "incomeBeforeTax": 1719681000, "incomeBeforeTaxRatio": 0.1533043802, "incomeTaxExpense": 334727000, "netIncome": 1381062000, "netIncomeRatio": 0.1231175165, "eps": 4.99, "epsdiluted": 4.94, "weightedAverageShsOut": 276852000, "weightedAverageShsOutDil": 279461000, "link": "https://www.sec.gov/Archives/edgar/data/11544/000001154423000004/0000011544-23-000004-index.htm", "finalLink": "https://www.sec.gov/Archives/edgar/data/11544/000001154423000004/wrb-20221231.htm", "calculatedOtherExpenses": 9327883000, "calculatedOperatingExpenses": 9371266000, "calculatedNetInterest": -130374000, "calculatedOtherIncome": 3892000, "calculatedIncomeNonControlling": 3892000, "calculatedEbitda": 1902035000}, {"date": "2021-12-31", "symbol": "WRB", "reportedCurrency": "USD", "cik": "0000011544", "fillingDate": "2022-02-24", "acceptedDate": "2022-02-24 16:51:04", "calendarYear": "2021", "period": "FY", "revenue": 9481191000, "costOfRevenue": 0, "grossProfit": 9481191000, "grossProfitRatio": 1, "researchAndDevelopmentExpenses": 0, "generalAndAdministrativeExpenses": 0, "sellingAndMarketingExpenses": 0, "sellingGeneralAndAdministrativeExpenses": 44051000, "otherExpenses": -3085625000, "operatingExpenses": 3085625000, "costAndExpenses": 8198286000, "interestIncome": 0, "interestExpense": 147180000, "depreciationAndAmortization": 129682000, "ebitda": 910734000, "ebitdaratio": 0.0960569194, "operatingIncome": 781052000, "operatingIncomeRatio": 0.082379102, "totalOtherIncomeExpensesNet": 493328000, "incomeBeforeTax": 1282905000, "incomeBeforeTaxRatio": 0.1353105322, "incomeTaxExpense": 251890000, "netIncome": 1022490000, "netIncomeRatio": 0.1078440462, "eps": 3.69, "epsdiluted": 3.66, "weightedAverageShsOut": 277430000, "weightedAverageShsOutDil": 279749000, "link": "https://www.sec.gov/Archives/edgar/data/11544/000001154422000007/0000011544-22-000007-index.htm", "finalLink": "https://www.sec.gov/Archives/edgar/data/11544/000001154422000007/wrb-20211231.htm", "calculatedOtherExpenses": 8656088000, "calculatedOperatingExpenses": 8700139000, "calculatedNetInterest": -147180000, "calculatedOtherIncome": 649033000, "calculatedIncomeNonControlling": 8525000, "calculatedEbitda": 910734000}, {"date": "2020-12-31", "symbol": "WRB", "reportedCurrency": "USD", "cik": "0000011544", "fillingDate": "2021-02-18", "acceptedDate": "2021-02-18 17:21:32", "calendarYear": "2020", "period": "FY", "revenue": 8098562000, "costOfRevenue": 0, "grossProfit": 8098562000, "grossProfitRatio": 1, "researchAndDevelopmentExpenses": 0, "generalAndAdministrativeExpenses": 0, "sellingAndMarketingExpenses": 0, "sellingGeneralAndAdministrativeExpenses": 44291000, "otherExpenses": -2766077000, "operatingExpenses": 2766077000, "costAndExpenses": 7393760000, "interestIncome": 0, "interestExpense": 150537000, "depreciationAndAmortization": 135065000, "ebitda": 445068000, "ebitdaratio": 0.0549564231, "operatingIncome": 310003000, "operatingIncomeRatio": 0.038278771, "totalOtherIncomeExpensesNet": 392484000, "incomeBeforeTax": 704802000, "incomeBeforeTaxRatio": 0.0870280428, "incomeTaxExpense": 171817000, "netIncome": 530670000, "netIncomeRatio": 0.0655264478, "eps": 1.89, "epsdiluted": 1.87, "weightedAverageShsOut": 280386000, "weightedAverageShsOutDil": 283145000, "link": "https://www.sec.gov/Archives/edgar/data/11544/000001154421000013/0000011544-21-000013-index.htm", "finalLink": "https://www.sec.gov/Archives/edgar/data/11544/000001154421000013/wrb-20201231.htm", "calculatedOtherExpenses": 7744268000, "calculatedOperatingExpenses": 7788559000, "calculatedNetInterest": -150537000, "calculatedOtherIncome": 545336000, "calculatedIncomeNonControlling": 2315000, "calculatedEbitda": 445068000}, {"date": "2019-12-31", "symbol": "WRB", "reportedCurrency": "USD", "cik": "0000011544", "fillingDate": "2020-02-20", "acceptedDate": "2020-02-20 16:20:08", "calendarYear": "2019", "period": "FY", "revenue": 7932911000, "costOfRevenue": 0, "grossProfit": 7932911000, "grossProfitRatio": 1, "researchAndDevelopmentExpenses": 0, "generalAndAdministrativeExpenses": 0, "sellingAndMarketingExpenses": 0, "sellingGeneralAndAdministrativeExpenses": 44107000, "otherExpenses": -2795466000, "operatingExpenses": 2795466000, "costAndExpenses": 7079991000, "interestIncome": 0, "interestExpense": 153409000, "depreciationAndAmortization": 113387000, "ebitda": 554355000, "ebitdaratio": 0.0698804008, "operatingIncome": 440968000, "operatingIncomeRatio": 0.0555871609, "totalOtherIncomeExpensesNet": 409911000, "incomeBeforeTax": 852920000, "incomeBeforeTaxRatio": 0.1075166481, "incomeTaxExpense": 168935000, "netIncome": 681944000, "netIncomeRatio": 0.085963904, "eps": 2.39, "epsdiluted": 2.35, "weightedAverageShsOut": 286083000, "weightedAverageShsOutDil": 290281500, "link": "https://www.sec.gov/Archives/edgar/data/11544/000001154420000016/0000011544-20-000016-index.htm", "finalLink": "https://www.sec.gov/Archives/edgar/data/11544/000001154420000016/wrb1231201910-k.htm", "calculatedOtherExpenses": 7447836000, "calculatedOperatingExpenses": 7491943000, "calculatedNetInterest": -153409000, "calculatedOtherIncome": 565361000, "calculatedIncomeNonControlling": 2041000, "calculatedEbitda": 554355000}, {"date": "2018-12-31", "symbol": "WRB", "reportedCurrency": "USD", "cik": "0000011544", "fillingDate": "2019-02-22", "acceptedDate": "2019-02-22 16:13:46", "calendarYear": "2018", "period": "FY", "revenue": 7718718000, "costOfRevenue": 0, "grossProfit": 7718718000, "grossProfitRatio": 1, "researchAndDevelopmentExpenses": 0, "generalAndAdministrativeExpenses": 0, "sellingAndMarketingExpenses": 0, "sellingGeneralAndAdministrativeExpenses": 0, "otherExpenses": -6757756000, "operatingExpenses": -6757756000, "costAndExpenses": 6906624000, "interestIncome": 0, "interestExpense": 157185000, "depreciationAndAmortization": 131108000, "ebitda": 1092070000, "ebitdaratio": 0.1414833396, "operatingIncome": 960962000, "operatingIncomeRatio": 0.1244976174, "totalOtherIncomeExpensesNet": 373666000, "incomeBeforeTax": 812094000, "incomeBeforeTaxRatio": 0.1052109949, "incomeTaxExpense": 163028000, "netIncome": 640749000, "netIncomeRatio": 0.0830123603, "eps": 2.25, "epsdiluted": 2.22, "weightedAverageShsOut": 285072750, "weightedAverageShsOutDil": 288594000, "link": "https://www.sec.gov/Archives/edgar/data/11544/000001154419000016/0000011544-19-000016-index.htm", "finalLink": "https://www.sec.gov/Archives/edgar/data/11544/000001154419000016/wrb1231201810-k.htm", "calculatedOtherExpenses": 6757756000, "calculatedOperatingExpenses": 6757756000, "calculatedNetInterest": -157185000, "calculatedOtherIncome": 8317000, "calculatedIncomeNonControlling": 8317000, "calculatedEbitda": 1092070000}, {"date": "2017-12-31", "symbol": "WRB", "reportedCurrency": "USD", "cik": "0000011544", "fillingDate": "2018-02-23", "acceptedDate": "2018-02-23 16:41:12", "calendarYear": "2017", "period": "FY", "revenue": 7669497000, "costOfRevenue": 0, "grossProfit": 7669497000, "grossProfitRatio": 1, "researchAndDevelopmentExpenses": 0, "generalAndAdministrativeExpenses": 0, "sellingAndMarketingExpenses": 0, "sellingGeneralAndAdministrativeExpenses": 0, "otherExpenses": 0, "operatingExpenses": 0, "costAndExpenses": 6896727000, "interestIncome": 0, "interestExpense": 147297000, "depreciationAndAmortization": 112956000, "ebitda": 1028780000, "ebitdaratio": 0.134139175, "operatingIncome": 915824000, "operatingIncomeRatio": 0.1194112208, "totalOtherIncomeExpensesNet": 326970000, "incomeBeforeTax": 772770000, "incomeBeforeTaxRatio": 0.1007588894, "incomeTaxExpense": 219433000, "netIncome": 549094000, "netIncomeRatio": 0.0715945257, "eps": 1.96, "epsdiluted": 1.89, "weightedAverageShsOut": 280896750, "weightedAverageShsOutDil": 290290500, "link": "https://www.sec.gov/Archives/edgar/data/11544/000001154418000012/0000011544-18-000012-index.htm", "finalLink": "https://www.sec.gov/Archives/edgar/data/11544/000001154418000012/wrb1231201710k.htm", "calculatedOtherExpenses": 6753673000, "calculatedOperatingExpenses": 6753673000, "calculatedNetInterest": -147297000, "calculatedOtherIncome": 4243000, "calculatedIncomeNonControlling": 4243000, "calculatedEbitda": 1028780000}, {"date": "2016-12-31", "symbol": "WRB", "reportedCurrency": "USD", "cik": "0000011544", "fillingDate": "2017-02-28", "acceptedDate": "2017-02-27 17:34:39", "calendarYear": "2016", "period": "FY", "revenue": 7666088000, "costOfRevenue": 0, "grossProfit": 7666088000, "grossProfitRatio": 1, "researchAndDevelopmentExpenses": 0, "generalAndAdministrativeExpenses": 0, "sellingAndMarketingExpenses": 0, "sellingGeneralAndAdministrativeExpenses": 0, "otherExpenses": 0, "operatingExpenses": 0, "costAndExpenses": 6769650000, "interestIncome": 0, "interestExpense": 140896000, "depreciationAndAmortization": 86051000, "ebitda": 1121816000, "ebitdaratio": 0.1463348712, "operatingIncome": 1035765000, "operatingIncomeRatio": 0.1351099805, "totalOtherIncomeExpensesNet": 390724000, "incomeBeforeTax": 896438000, "incomeBeforeTaxRatio": 0.1169355217, "incomeTaxExpense": 292953000, "netIncome": 601916000, "netIncomeRatio": 0.0785167089, "eps": 2.18, "epsdiluted": 2.08, "weightedAverageShsOut": 275964750, "weightedAverageShsOutDil": 289244250, "link": "https://www.sec.gov/Archives/edgar/data/11544/000001154417000009/0000011544-17-000009-index.htm", "finalLink": "https://www.sec.gov/Archives/edgar/data/11544/000001154417000009/wrb1231201610k.htm", "calculatedOtherExpenses": 6630323000, "calculatedOperatingExpenses": 6630323000, "calculatedNetInterest": -140896000, "calculatedOtherIncome": 1569000, "calculatedIncomeNonControlling": 1569000, "calculatedEbitda": 1121816000}, {"date": "2015-12-31", "symbol": "WRB", "reportedCurrency": "USD", "cik": "0000011544", "fillingDate": "2016-02-22", "acceptedDate": "2016-02-22 17:25:35", "calendarYear": "2015", "period": "FY", "revenue": 6784955000, "costOfRevenue": 0, "grossProfit": 6784955000, "grossProfitRatio": 1, "researchAndDevelopmentExpenses": 0, "generalAndAdministrativeExpenses": 0, "sellingAndMarketingExpenses": 0, "sellingGeneralAndAdministrativeExpenses": 0, "otherExpenses": 0, "operatingExpenses": 0, "costAndExpenses": 6052925000, "interestIncome": 0, "interestExpense": 130946000, "depreciationAndAmortization": 85139000, "ebitda": 947702000, "ebitdaratio": 0.1396769765, "operatingIncome": 862563000, "operatingIncomeRatio": 0.1271287724, "totalOtherIncomeExpensesNet": 337000, "incomeBeforeTax": 732030000, "incomeBeforeTaxRatio": 0.1078901776, "incomeTaxExpense": 227923000, "netIncome": 503694000, "netIncomeRatio": 0.0742368962, "eps": 1.8, "epsdiluted": 1.72, "weightedAverageShsOut": 279090000, "weightedAverageShsOutDil": 292925250, "link": "https://www.sec.gov/Archives/edgar/data/11544/000001154416000086/0000011544-16-000086-index.htm", "finalLink": "https://www.sec.gov/Archives/edgar/data/11544/000001154416000086/wrb1231201510k.htm", "calculatedOtherExpenses": 5922392000, "calculatedOperatingExpenses": 5922392000, "calculatedNetInterest": -130946000, "calculatedOtherIncome": 413000, "calculatedIncomeNonControlling": 413000, "calculatedEbitda": 947702000}, {"date": "2014-12-31", "symbol": "WRB", "reportedCurrency": "USD", "cik": "0000011544", "fillingDate": "2015-02-27", "acceptedDate": "2015-02-27 16:09:48", "calendarYear": "2014", "period": "FY", "revenue": 6718933000, "costOfRevenue": 0, "grossProfit": 6718933000, "grossProfitRatio": 1, "researchAndDevelopmentExpenses": 0, "generalAndAdministrativeExpenses": 0, "sellingAndMarketingExpenses": 0, "sellingGeneralAndAdministrativeExpenses": 0, "otherExpenses": 0, "operatingExpenses": 0, "costAndExpenses": 5766737000, "interestIncome": 0, "interestExpense": 128174000, "depreciationAndAmortization": 88836000, "ebitda": 1168487000, "ebitdaratio": 0.1739096074, "operatingIncome": 1079651000, "operatingIncomeRatio": 0.1606878652, "totalOtherIncomeExpensesNet": 1308000, "incomeBeforeTax": 952196000, "incomeBeforeTaxRatio": 0.1417183353, "incomeTaxExpense": 302593000, "netIncome": 648884000, "netIncomeRatio": 0.0965754533, "eps": 2.25, "epsdiluted": 2.16, "weightedAverageShsOut": 287716500, "weightedAverageShsOutDil": 300717000, "link": "https://www.sec.gov/Archives/edgar/data/11544/000001154415000010/0000011544-15-000010-index.htm", "finalLink": "https://www.sec.gov/Archives/edgar/data/11544/000001154415000010/wrb1231201410k.htm", "calculatedOtherExpenses": 5639282000, "calculatedOperatingExpenses": 5639282000, "calculatedNetInterest": -128174000, "calculatedOtherIncome": 719000, "calculatedIncomeNonControlling": 719000, "calculatedEbitda": 1168487000}, {"date": "2013-12-31", "symbol": "WRB", "reportedCurrency": "USD", "cik": "0000011544", "fillingDate": "2014-02-28", "acceptedDate": "2014-02-28 16:51:18", "calendarYear": "2013", "period": "FY", "revenue": 6011031000, "costOfRevenue": 0, "grossProfit": 6011031000, "grossProfitRatio": 1, "researchAndDevelopmentExpenses": 0, "generalAndAdministrativeExpenses": 0, "sellingAndMarketingExpenses": 0, "sellingGeneralAndAdministrativeExpenses": 0, "otherExpenses": 0, "operatingExpenses": 0, "costAndExpenses": 5312143000, "interestIncome": 0, "interestExpense": 123177000, "depreciationAndAmortization": 103090000, "ebitda": 919779000, "ebitdaratio": 0.1530151816, "operatingIncome": 816689000, "operatingIncomeRatio": 0.1358650454, "totalOtherIncomeExpensesNet": 1026000, "incomeBeforeTax": 698888000, "incomeBeforeTaxRatio": 0.1162675754, "incomeTaxExpense": 193587000, "netIncome": 499925000, "netIncomeRatio": 0.0831679291, "eps": 1.64, "epsdiluted": 1.58, "weightedAverageShsOut": 304436250, "weightedAverageShsOutDil": 316671750, "link": "https://www.sec.gov/Archives/edgar/data/11544/000001154414000012/0000011544-14-000012-index.htm", "finalLink": "https://www.sec.gov/Archives/edgar/data/11544/000001154414000012/wrb1231201310k.htm", "calculatedOtherExpenses": 5194342000, "calculatedOperatingExpenses": 5194342000, "calculatedNetInterest": -123177000, "calculatedOtherIncome": 5376000, "calculatedIncomeNonControlling": 5376000, "calculatedEbitda": 919779000}, {"date": "2012-12-31", "symbol": "WRB", "reportedCurrency": "USD", "cik": "0000011544", "fillingDate": "2013-02-28", "acceptedDate": "2013-02-28 14:27:25", "calendarYear": "2012", "period": "FY", "revenue": 5576441000, "costOfRevenue": 0, "grossProfit": 5576441000, "grossProfitRatio": 1, "researchAndDevelopmentExpenses": 0, "generalAndAdministrativeExpenses": 0, "sellingAndMarketingExpenses": 0, "sellingGeneralAndAdministrativeExpenses": 0, "otherExpenses": 0, "operatingExpenses": 0, "costAndExpenses": 4874513000, "interestIncome": 0, "interestExpense": 126302000, "depreciationAndAmortization": 103419000, "ebitda": 931598000, "ebitdaratio": 0.1670595995, "operatingIncome": 828179000, "operatingIncomeRatio": 0.1485138998, "totalOtherIncomeExpensesNet": 2564000, "incomeBeforeTax": 701928000, "incomeBeforeTaxRatio": 0.1258738324, "incomeTaxExpense": 191285000, "netIncome": 510592000, "netIncomeRatio": 0.0915623424, "eps": 1.65, "epsdiluted": 1.58, "weightedAverageShsOut": 308468250, "weightedAverageShsOutDil": 322458750, "link": "https://www.sec.gov/Archives/edgar/data/11544/000001154413000018/0000011544-13-000018-index.htm", "finalLink": "https://www.sec.gov/Archives/edgar/data/11544/000001154413000018/wrb1231201210k.htm", "calculatedOtherExpenses": 4748262000, "calculatedOperatingExpenses": 4748262000, "calculatedNetInterest": -126302000, "calculatedOtherIncome": 51000, "calculatedIncomeNonControlling": 51000, "calculatedEbitda": 931598000}, {"date": "2011-12-31", "symbol": "WRB", "reportedCurrency": "USD", "cik": "0000011544", "fillingDate": "2012-02-28", "acceptedDate": "2012-02-28 14:57:21", "calendarYear": "2011", "period": "FY", "revenue": 5155984000, "costOfRevenue": 0, "grossProfit": 5155984000, "grossProfitRatio": 1, "researchAndDevelopmentExpenses": 0, "generalAndAdministrativeExpenses": 0, "sellingAndMarketingExpenses": 0, "sellingGeneralAndAdministrativeExpenses": 1621329000, "otherExpenses": 0, "operatingExpenses": 0, "costAndExpenses": 4637701000, "interestIncome": 0, "interestExpense": 112512000, "depreciationAndAmortization": 88012000, "ebitda": 718877000, "ebitdaratio": 0.1394257624, "operatingIncome": 630865000, "operatingIncomeRatio": 0.1223558878, "totalOtherIncomeExpensesNet": 1764000, "incomeBeforeTax": 518283000, "incomeBeforeTaxRatio": 0.1005206766, "incomeTaxExpense": 123550000, "netIncome": 394803000, "netIncomeRatio": 0.0765718047, "eps": 1.26, "epsdiluted": 1.2, "weightedAverageShsOut": 314298000, "weightedAverageShsOutDil": 327762000, "link": "https://www.sec.gov/Archives/edgar/data/11544/000001154412000021/0000011544-12-000021-index.htm", "finalLink": "https://www.sec.gov/Archives/edgar/data/11544/000001154412000021/wrb1231201110k.htm", "calculatedOtherExpenses": 2903790000, "calculatedOperatingExpenses": 4525119000, "calculatedNetInterest": -112512000, "calculatedOtherIncome": -70000, "calculatedIncomeNonControlling": -70000, "calculatedEbitda": 718877000}, {"date": "2010-12-31", "symbol": "WRB", "reportedCurrency": "USD", "cik": "0000011544", "fillingDate": "2011-02-28", "acceptedDate": "2011-02-28 15:37:05", "calendarYear": "2010", "period": "FY", "revenue": 4724069000, "costOfRevenue": 0, "grossProfit": 4724069000, "grossProfitRatio": 1, "researchAndDevelopmentExpenses": 0, "generalAndAdministrativeExpenses": 0, "sellingAndMarketingExpenses": 0, "sellingGeneralAndAdministrativeExpenses": 1496362000, "otherExpenses": 0, "operatingExpenses": 0, "costAndExpenses": 4120764000, "interestIncome": 0, "interestExpense": 106969000, "depreciationAndAmortization": 82867000, "ebitda": 792862000, "ebitdaratio": 0.1678345511, "operatingIncome": 709995000, "operatingIncomeRatio": 0.1502931054, "totalOtherIncomeExpensesNet": 1522000, "incomeBeforeTax": 603305000, "incomeBeforeTaxRatio": 0.1277087612, "incomeTaxExpense": 153739000, "netIncome": 449287000, "netIncomeRatio": 0.0951059352, "eps": 1.33, "epsdiluted": 1.28, "weightedAverageShsOut": 334692828, "weightedAverageShsOutDil": 348931219, "link": "https://www.sec.gov/Archives/edgar/data/11544/000095012311019708/0000950123-11-019708-index.htm", "finalLink": "https://www.sec.gov/Archives/edgar/data/11544/000095012311019708/y88683e10vk.htm", "calculatedOtherExpenses": 2517712000, "calculatedOperatingExpenses": 4014074000, "calculatedNetInterest": -106969000, "calculatedOtherIncome": 279000, "calculatedIncomeNonControlling": 279000, "calculatedEbitda": 792862000}, {"date": "2009-12-31", "symbol": "WRB", "reportedCurrency": "USD", "cik": "0000011544", "fillingDate": "2010-02-26", "acceptedDate": "2010-02-26 15:53:49", "calendarYear": "2009", "period": "FY", "revenue": 4431178000, "costOfRevenue": 0, "grossProfit": 4431178000, "grossProfitRatio": 1, "researchAndDevelopmentExpenses": 0, "generalAndAdministrativeExpenses": 0, "sellingAndMarketingExpenses": 0, "sellingGeneralAndAdministrativeExpenses": 1440838000, "otherExpenses": 0, "operatingExpenses": 0, "costAndExpenses": 4048948000, "interestIncome": 0, "interestExpense": 87989000, "depreciationAndAmortization": 78875000, "ebitda": 549071000, "ebitdaratio": 0.1239108427, "operatingIncome": 470196000, "operatingIncomeRatio": 0.1061108355, "totalOtherIncomeExpensesNet": 2137000, "incomeBeforeTax": 382230000, "incomeBeforeTaxRatio": 0.0862592295, "incomeTaxExpense": 73150000, "netIncome": 309057000, "netIncomeRatio": 0.0697460134, "eps": 0.86, "epsdiluted": 0.83, "weightedAverageShsOut": 360803250, "weightedAverageShsOutDil": 374791500, "link": "https://www.sec.gov/Archives/edgar/data/11544/000095012310018092/0000950123-10-018092-index.htm", "finalLink": "https://www.sec.gov/Archives/edgar/data/11544/000095012310018092/y82923e10vk.htm", "calculatedOtherExpenses": 2520144000, "calculatedOperatingExpenses": 3960982000, "calculatedNetInterest": -87989000, "calculatedOtherIncome": 23000, "calculatedIncomeNonControlling": 23000, "calculatedEbitda": 549071000}, {"date": "2008-12-31", "symbol": "WRB", "reportedCurrency": "USD", "cik": "0000011544", "fillingDate": "2009-02-27", "acceptedDate": "2009-02-27 12:19:51", "calendarYear": "2008", "period": "FY", "revenue": 4708808000, "costOfRevenue": 0, "grossProfit": 4708808000, "grossProfitRatio": 1, "researchAndDevelopmentExpenses": 0, "generalAndAdministrativeExpenses": 0, "sellingAndMarketingExpenses": 0, "sellingGeneralAndAdministrativeExpenses": 0, "otherExpenses": 0, "operatingExpenses": 0, "costAndExpenses": 4382486000, "interestIncome": 0, "interestExpense": 84623000, "depreciationAndAmortization": 83953000, "ebitda": 494636000, "ebitdaratio": 0.1050448436, "operatingIncome": 410683000, "operatingIncomeRatio": 0.0872159154, "totalOtherIncomeExpensesNet": 139823000, "incomeBeforeTax": 326322000, "incomeBeforeTaxRatio": 0.069300341, "incomeTaxExpense": 44919000, "netIncome": 281141000, "netIncomeRatio": 0.0597053437, "eps": 0.75, "epsdiluted": 0.72, "weightedAverageShsOut": 375651000, "weightedAverageShsOutDil": 390271500, "link": "https://www.sec.gov/Archives/edgar/data/11544/000095012309003653/0000950123-09-003653-index.htm", "finalLink": "https://www.sec.gov/Archives/edgar/data/11544/000095012309003653/y74875e10vk.htm", "calculatedOtherExpenses": 4298125000, "calculatedOperatingExpenses": 4298125000, "calculatedNetInterest": -84623000, "calculatedOtherIncome": 262000, "calculatedIncomeNonControlling": 262000, "calculatedEbitda": 494636000}, {"date": "2007-12-31", "symbol": "WRB", "reportedCurrency": "USD", "cik": "0000011544", "fillingDate": "2008-02-29", "acceptedDate": "2008-02-29 11:56:58", "calendarYear": "2007", "period": "FY", "revenue": 5553639000, "costOfRevenue": 0, "grossProfit": 5553639000, "grossProfitRatio": 1, "researchAndDevelopmentExpenses": 0, "generalAndAdministrativeExpenses": 0, "sellingAndMarketingExpenses": 0, "sellingGeneralAndAdministrativeExpenses": 0, "otherExpenses": 0, "operatingExpenses": 0, "costAndExpenses": 4496005000, "interestIncome": 0, "interestExpense": 88996000, "depreciationAndAmortization": 73697000, "ebitda": 1217244000, "ebitdaratio": 0.2191795326, "operatingIncome": 1143547000, "operatingIncomeRatio": 0.2059094947, "totalOtherIncomeExpensesNet": 202340000, "incomeBeforeTax": 1057634000, "incomeBeforeTaxRatio": 0.1904398179, "incomeTaxExpense": 310905000, "netIncome": 743646000, "netIncomeRatio": 0.1339024737, "eps": 1.8, "epsdiluted": 1.73, "weightedAverageShsOut": 425207250, "weightedAverageShsOutDil": 442570500, "link": "https://www.sec.gov/Archives/edgar/data/11544/000095012308002324/0000950123-08-002324-index.htm", "finalLink": "https://www.sec.gov/Archives/edgar/data/11544/000095012308002324/y50287e10vk.htm", "calculatedOtherExpenses": 4410092000, "calculatedOperatingExpenses": 4410092000, "calculatedNetInterest": -88996000, "calculatedOtherIncome": 3083000, "calculatedIncomeNonControlling": 3083000, "calculatedEbitda": 1217244000}, {"date": "2006-12-31", "symbol": "WRB", "reportedCurrency": "USD", "cik": "0000011544", "fillingDate": "2007-03-01", "acceptedDate": "2007-03-01 13:56:04", "calendarYear": "2006", "period": "FY", "revenue": 5394831000, "costOfRevenue": 0, "grossProfit": 5394831000, "grossProfitRatio": 1, "researchAndDevelopmentExpenses": 0, "generalAndAdministrativeExpenses": 0, "sellingAndMarketingExpenses": 0, "sellingGeneralAndAdministrativeExpenses": 0, "otherExpenses": 0, "operatingExpenses": 0, "costAndExpenses": 4406186000, "interestIncome": 0, "interestExpense": 92522000, "depreciationAndAmortization": 65674000, "ebitda": 1144112000, "ebitdaratio": 0.2120755961, "operatingIncome": 1078438000, "operatingIncomeRatio": 0.1999020915, "totalOtherIncomeExpensesNet": 106386000, "incomeBeforeTax": 988645000, "incomeBeforeTaxRatio": 0.1832578259, "incomeTaxExpense": 286398000, "netIncome": 699518000, "netIncomeRatio": 0.1296644881, "eps": 1.62, "epsdiluted": 1.54, "weightedAverageShsOut": 431209726, "weightedAverageShsOutDil": 454888873, "link": "https://www.sec.gov/Archives/edgar/data/11544/000095012307003012/0000950123-07-003012-index.htm", "finalLink": "https://www.sec.gov/Archives/edgar/data/11544/000095012307003012/y30637e10vk.htm", "calculatedOtherExpenses": 4316393000, "calculatedOperatingExpenses": 4316393000, "calculatedNetInterest": -92522000, "calculatedOtherIncome": 2729000, "calculatedIncomeNonControlling": 2729000, "calculatedEbitda": 1144112000}, {"date": "2005-12-31", "symbol": "WRB", "reportedCurrency": "USD", "cik": "0000011544", "fillingDate": "2006-03-13", "acceptedDate": "2006-03-13 17:14:32", "calendarYear": "2005", "period": "FY", "revenue": 4996839000, "costOfRevenue": 0, "grossProfit": 4996839000, "grossProfitRatio": 1, "researchAndDevelopmentExpenses": 0, "generalAndAdministrativeExpenses": 0, "sellingAndMarketingExpenses": 0, "sellingGeneralAndAdministrativeExpenses": 0, "otherExpenses": 0, "operatingExpenses": 0, "costAndExpenses": 4226302000, "interestIncome": 0, "interestExpense": 85926000, "depreciationAndAmortization": 63854000, "ebitda": 917193000, "ebitdaratio": 0.1835546432, "operatingIncome": 853339000, "operatingIncomeRatio": 0.1707757644, "totalOtherIncomeExpensesNet": 114733000, "incomeBeforeTax": 770537000, "incomeBeforeTaxRatio": 0.1542048883, "incomeTaxExpense": 222521000, "netIncome": 544892000, "netIncomeRatio": 0.1090473397, "eps": 1.27, "epsdiluted": 1.21, "weightedAverageShsOut": 428673776, "weightedAverageShsOutDil": 450737868, "link": "https://www.sec.gov/Archives/edgar/data/11544/000095012306003047/0000950123-06-003047-index.htm", "finalLink": "https://www.sec.gov/Archives/edgar/data/11544/000095012306003047/y18323e10vk.htm", "calculatedOtherExpenses": 4143500000, "calculatedOperatingExpenses": 4143500000, "calculatedNetInterest": -85926000, "calculatedOtherIncome": 3124000, "calculatedIncomeNonControlling": 3124000, "calculatedEbitda": 917193000}, {"date": "2004-12-31", "symbol": "WRB", "reportedCurrency": "USD", "cik": "0000011544", "fillingDate": "2005-03-14", "acceptedDate": "2005-03-14 06:01:13", "calendarYear": "2004", "period": "FY", "revenue": 4512235000, "costOfRevenue": 0, "grossProfit": 4512235000, "grossProfitRatio": 1, "researchAndDevelopmentExpenses": 0, "generalAndAdministrativeExpenses": 0, "sellingAndMarketingExpenses": 0, "sellingGeneralAndAdministrativeExpenses": 0, "otherExpenses": 0, "operatingExpenses": 0, "costAndExpenses": 3873722000, "interestIncome": 0, "interestExpense": 66423000, "depreciationAndAmortization": 55034000, "ebitda": 755797000, "ebitdaratio": 0.1674994764, "operatingIncome": 700763000, "operatingIncomeRatio": 0.1553028599, "totalOtherIncomeExpensesNet": 111580000, "incomeBeforeTax": 638513000, "incomeBeforeTaxRatio": 0.1415070359, "incomeTaxExpense": 196235000, "netIncome": 438105000, "netIncomeRatio": 0.0970926825, "eps": 1.03, "epsdiluted": 0.98, "weightedAverageShsOut": 424886315, "weightedAverageShsOutDil": 446034502, "link": "https://www.sec.gov/Archives/edgar/data/11544/000095012305003028/0000950123-05-003028-index.htm", "finalLink": "https://www.sec.gov/Archives/edgar/data/11544/000095012305003028/y06585e10vk.htm", "calculatedOtherExpenses": 3811472000, "calculatedOperatingExpenses": 3811472000, "calculatedNetInterest": -66423000, "calculatedOtherIncome": 4173000, "calculatedIncomeNonControlling": 4173000, "calculatedEbitda": 755797000}, {"date": "2003-12-31", "symbol": "WRB", "reportedCurrency": "USD", "cik": "0000011544", "fillingDate": "2004-03-12", "acceptedDate": "2004-03-12 16:40:30", "calendarYear": "2003", "period": "FY", "revenue": 3630108000, "costOfRevenue": 0, "grossProfit": 3630108000, "grossProfitRatio": 1, "researchAndDevelopmentExpenses": 0, "generalAndAdministrativeExpenses": 0, "sellingAndMarketingExpenses": 0, "sellingGeneralAndAdministrativeExpenses": 0, "otherExpenses": 0, "operatingExpenses": 0, "costAndExpenses": 3140804000, "interestIncome": 0, "interestExpense": 54733000, "depreciationAndAmortization": 20324000, "ebitda": 562903000, "ebitdaratio": 0.1550650835, "operatingIncome": 542579000, "operatingIncomeRatio": 0.149466352, "totalOtherIncomeExpensesNet": 102911000, "incomeBeforeTax": 489304000, "incomeBeforeTaxRatio": 0.1347904801, "incomeTaxExpense": 150626000, "netIncome": 337220000, "netIncomeRatio": 0.0928953078, "eps": 0.8, "epsdiluted": 0.76, "weightedAverageShsOut": 420486761, "weightedAverageShsOutDil": 441130814, "link": "https://www.sec.gov/Archives/edgar/data/11544/000095012304003258/0000950123-04-003258-index.htm", "finalLink": "https://www.sec.gov/Archives/edgar/data/11544/000095012304003258/y95088e10vk.txt", "calculatedOtherExpenses": 3087529000, "calculatedOperatingExpenses": 3087529000, "calculatedNetInterest": -54733000, "calculatedOtherIncome": 1458000, "calculatedIncomeNonControlling": 1458000, "calculatedEbitda": 562903000}, {"date": "2002-12-31", "symbol": "WRB", "reportedCurrency": "USD", "cik": "0000011544", "fillingDate": "2003-03-31", "acceptedDate": "2003-03-31 15:36:57", "calendarYear": "2002", "period": "FY", "revenue": 2566084000, "costOfRevenue": 0, "grossProfit": 2566084000, "grossProfitRatio": 1, "researchAndDevelopmentExpenses": 0, "generalAndAdministrativeExpenses": 0, "sellingAndMarketingExpenses": 0, "sellingGeneralAndAdministrativeExpenses": 0, "otherExpenses": 0, "operatingExpenses": 0, "costAndExpenses": 2306651000, "interestIncome": 0, "interestExpense": 45475000, "depreciationAndAmortization": 17254000, "ebitda": 321913000, "ebitdaratio": 0.1254491279, "operatingIncome": 304659000, "operatingIncomeRatio": 0.1187252639, "totalOtherIncomeExpensesNet": 110468000, "incomeBeforeTax": 259433000, "incomeBeforeTaxRatio": 0.1011007434, "incomeTaxExpense": 84139000, "netIncome": 175045000, "netIncomeRatio": 0.0682148363, "eps": 0.45, "epsdiluted": 0.44, "weightedAverageShsOut": 386971752, "weightedAverageShsOutDil": 400979779, "link": "https://www.sec.gov/Archives/edgar/data/11544/000095012303003655/0000950123-03-003655-index.htm", "finalLink": "https://www.sec.gov/Archives/edgar/data/11544/000095012303003655/y84583e10vk.htm", "calculatedOtherExpenses": 2261425000, "calculatedOperatingExpenses": 2261425000, "calculatedNetInterest": -45475000, "calculatedOtherIncome": 249000, "calculatedIncomeNonControlling": 249000, "calculatedEbitda": 321913000}, {"date": "2001-12-31", "symbol": "WRB", "reportedCurrency": "USD", "cik": "0000011544", "fillingDate": "2002-03-28", "acceptedDate": "2002-03-28 00:00:00", "calendarYear": "2001", "period": "FY", "revenue": 1941797000, "costOfRevenue": 0, "grossProfit": 1941797000, "grossProfitRatio": 1, "researchAndDevelopmentExpenses": 0, "generalAndAdministrativeExpenses": 0, "sellingAndMarketingExpenses": 0, "sellingGeneralAndAdministrativeExpenses": 0, "otherExpenses": 0, "operatingExpenses": 0, "costAndExpenses": 2093191000, "interestIncome": 0, "interestExpense": 45719000, "depreciationAndAmortization": 17625000, "ebitda": -84863000, "ebitdaratio": -0.0437033325, "operatingIncome": -102488000, "operatingIncomeRatio": -0.0527799765, "totalOtherIncomeExpensesNet": 77801000, "incomeBeforeTax": -151394000, "incomeBeforeTaxRatio": -0.0779659254, "incomeTaxExpense": -56661000, "netIncome": -91546000, "netIncomeRatio": -0.0471449899, "eps": -0.27, "epsdiluted": -0.27, "weightedAverageShsOut": 333418435, "weightedAverageShsOutDil": 333418435, "link": "https://www.sec.gov/Archives/edgar/data/11544/000091403902000118/0000914039-02-000118-index.htm", "finalLink": "https://www.sec.gov/Archives/edgar/data/11544/000091403902000118/y58639e10-k.txt", "calculatedOtherExpenses": 2044285000, "calculatedOperatingExpenses": 2044285000, "calculatedNetInterest": -45719000, "calculatedOtherIncome": -3187000, "calculatedIncomeNonControlling": -3187000, "calculatedEbitda": -84863000}, {"date": "2000-12-31", "symbol": "WRB", "reportedCurrency": "USD", "cik": "0000011544", "fillingDate": "2001-03-23", "acceptedDate": "2001-03-23 00:00:00", "calendarYear": "2000", "period": "FY", "revenue": 1781287000, "costOfRevenue": 0, "grossProfit": 1781287000, "grossProfitRatio": 1, "researchAndDevelopmentExpenses": 0, "generalAndAdministrativeExpenses": 0, "sellingAndMarketingExpenses": 0, "sellingGeneralAndAdministrativeExpenses": 0, "otherExpenses": 0, "operatingExpenses": 0, "costAndExpenses": 1740436000, "interestIncome": 0, "interestExpense": 47596000, "depreciationAndAmortization": 21700000, "ebitda": 107985000, "ebitdaratio": 0.0606218987, "operatingIncome": 86285000, "operatingIncomeRatio": 0.0484396956, "totalOtherIncomeExpensesNet": 71461000, "incomeBeforeTax": 40851000, "incomeBeforeTaxRatio": 0.0229334184, "incomeTaxExpense": 2451000, "netIncome": 36238000, "netIncomeRatio": 0.0203437178, "eps": 0.12, "epsdiluted": 0.12, "weightedAverageShsOut": 292747141, "weightedAverageShsOutDil": 296959330, "link": "https://www.sec.gov/Archives/edgar/data/11544/000091403901000093/0000914039-01-000093-index.htm", "finalLink": "https://www.sec.gov/Archives/edgar/data/11544/000091403901000093/y46799e10-k.txt", "calculatedOtherExpenses": 1695002000, "calculatedOperatingExpenses": 1695002000, "calculatedNetInterest": -47596000, "calculatedOtherIncome": 2162000, "calculatedIncomeNonControlling": 2162000, "calculatedEbitda": 107985000}, {"date": "1999-12-31", "symbol": "WRB", "reportedCurrency": "USD", "cik": "0000011544", "fillingDate": "2000-03-27", "acceptedDate": "2000-03-27 00:00:00", "calendarYear": "1999", "period": "FY", "revenue": 1673668000, "costOfRevenue": 0, "grossProfit": 1673668000, "grossProfitRatio": 1, "researchAndDevelopmentExpenses": 0, "generalAndAdministrativeExpenses": 0, "sellingAndMarketingExpenses": 0, "sellingGeneralAndAdministrativeExpenses": 0, "otherExpenses": 0, "operatingExpenses": 0, "costAndExpenses": 1752916000, "interestIncome": 0, "interestExpense": 50801000, "depreciationAndAmortization": 23598000, "ebitda": -5415000, "ebitdaratio": -0.0032354087, "operatingIncome": -29013000, "operatingIncomeRatio": -0.0173349792, "totalOtherIncomeExpensesNet": 75032000, "incomeBeforeTax": -79248000, "incomeBeforeTaxRatio": -0.0473498926, "incomeTaxExpense": -45766000, "netIncome": -34048000, "netIncomeRatio": -0.0203433417, "eps": -0.13, "epsdiluted": -0.13, "weightedAverageShsOut": 293150391, "weightedAverageShsOutDil": 295200393, "link": "https://www.sec.gov/Archives/edgar/data/11544/000091403900000142/0000914039-00-000142-index.htm", "finalLink": "https://www.sec.gov/Archives/edgar/data/11544/000091403900000142/0000914039-00-000142.txt", "calculatedOtherExpenses": 1702681000, "calculatedOperatingExpenses": 1702681000, "calculatedNetInterest": -50801000, "calculatedOtherIncome": 566000, "calculatedIncomeNonControlling": 566000, "calculatedEbitda": -5415000}, {"date": "1998-12-31", "symbol": "WRB", "reportedCurrency": "USD", "cik": "0000011544", "fillingDate": "1999-03-23", "acceptedDate": "1999-03-23 00:00:00", "calendarYear": "1998", "period": "FY", "revenue": 1582517000, "costOfRevenue": 0, "grossProfit": 1582517000, "grossProfitRatio": 1, "researchAndDevelopmentExpenses": 0, "generalAndAdministrativeExpenses": 0, "sellingAndMarketingExpenses": 0, "sellingGeneralAndAdministrativeExpenses": 0, "otherExpenses": 0, "operatingExpenses": 0, "costAndExpenses": 1519736000, "interestIncome": 0, "interestExpense": 48819000, "depreciationAndAmortization": 22658000, "ebitda": 135702000, "ebitdaratio": 0.0857507376, "operatingIncome": 113044000, "operatingIncomeRatio": 0.0714330399, "totalOtherIncomeExpensesNet": 76298000, "incomeBeforeTax": 62781000, "incomeBeforeTaxRatio": 0.0396716117, "incomeTaxExpense": 5465000, "netIncome": 58760000, "netIncomeRatio": 0.0371307228, "eps": 0.14, "epsdiluted": 0.14, "weightedAverageShsOut": 320847513, "weightedAverageShsOutDil": 330937058, "link": "https://www.sec.gov/Archives/edgar/data/11544/000091403999000106/0000914039-99-000106-index.htm", "finalLink": "https://www.sec.gov/Archives/edgar/data/11544/0000914039-99-000106.txt", "calculatedOtherExpenses": 1469473000, "calculatedOperatingExpenses": 1469473000, "calculatedNetInterest": -48819000, "calculatedOtherIncome": -1444000, "calculatedIncomeNonControlling": -1444000, "calculatedEbitda": 135702000}, {"date": "1997-12-31", "symbol": "WRB", "reportedCurrency": "USD", "cik": "0000011544", "fillingDate": "1998-03-27", "acceptedDate": "1998-03-27 00:00:00", "calendarYear": "1997", "period": "FY", "revenue": 1400310000, "costOfRevenue": 0, "grossProfit": 1400310000, "grossProfitRatio": 1, "researchAndDevelopmentExpenses": 0, "generalAndAdministrativeExpenses": 0, "sellingAndMarketingExpenses": 0, "sellingGeneralAndAdministrativeExpenses": 0, "otherExpenses": 0, "operatingExpenses": 0, "costAndExpenses": 1271069000, "interestIncome": 0, "interestExpense": 48869000, "depreciationAndAmortization": 11852000, "ebitda": 190436000, "ebitdaratio": 0.135995601, "operatingIncome": 178584000, "operatingIncomeRatio": 0.1275317608, "totalOtherIncomeExpensesNet": 75789000, "incomeBeforeTax": 129241000, "incomeBeforeTaxRatio": 0.0922945633, "incomeTaxExpense": 30668000, "netIncome": 99047000, "netIncomeRatio": 0.070732195, "eps": 0.27, "epsdiluted": 0.27, "weightedAverageShsOut": 335517796, "weightedAverageShsOutDil": 343294794, "link": "https://www.sec.gov/Archives/edgar/data/11544/000091403998000117/0000914039-98-000117-index.htm", "finalLink": "https://www.sec.gov/Archives/edgar/data/11544/0000914039-98-000117.txt", "calculatedOtherExpenses": 1221726000, "calculatedOperatingExpenses": 1221726000, "calculatedNetInterest": -48869000, "calculatedOtherIncome": -474000, "calculatedIncomeNonControlling": -474000, "calculatedEbitda": 190436000}, {"date": "1996-12-31", "symbol": "WRB", "reportedCurrency": "USD", "cik": "0000011544", "fillingDate": "1997-03-25", "acceptedDate": "1997-03-25 00:00:00", "calendarYear": "1996", "period": "FY", "revenue": 1225166000, "costOfRevenue": 0, "grossProfit": 1225166000, "grossProfitRatio": 1, "researchAndDevelopmentExpenses": 0, "generalAndAdministrativeExpenses": 0, "sellingAndMarketingExpenses": 0, "sellingGeneralAndAdministrativeExpenses": 0, "otherExpenses": 0, "operatingExpenses": 0, "costAndExpenses": 1110117000, "interestIncome": 0, "interestExpense": 31963000, "depreciationAndAmortization": 8590000, "ebitda": 155918000, "ebitdaratio": 0.1272627546, "operatingIncome": 147328000, "operatingIncomeRatio": 0.1202514598, "totalOtherIncomeExpensesNet": 72018000, "incomeBeforeTax": 115049000, "incomeBeforeTaxRatio": 0.093904826, "incomeTaxExpense": 25102000, "netIncome": 90263000, "netIncomeRatio": 0.073674098, "eps": 0.22, "epsdiluted": 0.22, "weightedAverageShsOut": 339734290, "weightedAverageShsOutDil": 339734290, "link": "https://www.sec.gov/Archives/edgar/data/11544/000091403997000076/0000914039-97-000076-index.htm", "finalLink": "https://www.sec.gov/Archives/edgar/data/11544/0000914039-97-000076.txt", "calculatedOtherExpenses": 1077838000, "calculatedOperatingExpenses": 1077838000, "calculatedNetInterest": -31963000, "calculatedOtherIncome": -316000, "calculatedIncomeNonControlling": -316000, "calculatedEbitda": 155918000}, {"date": "1995-12-31", "symbol": "WRB", "reportedCurrency": "USD", "cik": "0000011544", "fillingDate": "1996-03-26", "acceptedDate": "1996-03-26 00:00:00", "calendarYear": "1995", "period": "FY", "revenue": 1021943000, "costOfRevenue": 0, "grossProfit": 1021943000, "grossProfitRatio": 1, "researchAndDevelopmentExpenses": 0, "generalAndAdministrativeExpenses": 0, "sellingAndMarketingExpenses": 0, "sellingGeneralAndAdministrativeExpenses": 0, "otherExpenses": 0, "operatingExpenses": 0, "costAndExpenses": 939196000, "interestIncome": 0, "interestExpense": 28209000, "depreciationAndAmortization": 14286000, "ebitda": 120931000, "ebitdaratio": 0.1183343885, "operatingIncome": 106645000, "operatingIncomeRatio": 0.1043551353, "totalOtherIncomeExpensesNet": 70918000, "incomeBeforeTax": 82747000, "incomeBeforeTaxRatio": 0.0809702694, "incomeTaxExpense": 17554000, "netIncome": 60882000, "netIncomeRatio": 0.0595747512, "eps": 0.17, "epsdiluted": 0.17, "weightedAverageShsOut": 297629862, "weightedAverageShsOutDil": 297629862, "link": "https://www.sec.gov/Archives/edgar/data/11544/000091403996000065/0000914039-96-000065-index.htm", "finalLink": "https://www.sec.gov/Archives/edgar/data/11544/0000914039-96-000065.txt", "calculatedOtherExpenses": 915298000, "calculatedOperatingExpenses": 915298000, "calculatedNetInterest": -28209000, "calculatedOtherIncome": 4311000, "calculatedIncomeNonControlling": 4311000, "calculatedEbitda": 120931000}, {"date": "1994-12-31", "symbol": "WRB", "reportedCurrency": "USD", "cik": "0000011544", "fillingDate": "1994-12-31", "acceptedDate": "1994-12-31 00:00:00", "calendarYear": "1994", "period": "FY", "revenue": 830800000, "costOfRevenue": 0, "grossProfit": 830800000, "grossProfitRatio": 1, "researchAndDevelopmentExpenses": 0, "generalAndAdministrativeExpenses": 0, "sellingAndMarketingExpenses": 0, "sellingGeneralAndAdministrativeExpenses": 0, "otherExpenses": 0, "operatingExpenses": 0, "costAndExpenses": 27600000, "interestIncome": 0, "interestExpense": 27600000, "depreciationAndAmortization": 15000000, "ebitda": 76100000, "ebitdaratio": 0.0915984593, "operatingIncome": 61100000, "operatingIncomeRatio": 0.0735435725, "totalOtherIncomeExpensesNet": 175800000, "incomeBeforeTax": 0, "incomeBeforeTaxRatio": 0, "incomeTaxExpense": -1600000, "netIncome": 35100000, "netIncomeRatio": 0.0422484352, "eps": 0.0844, "epsdiluted": 0.0836, "weightedAverageShsOut": 292486145, "weightedAverageShsOutDil": 295564538, "link": null, "finalLink": null, "calculatedOtherExpenses": 769700000, "calculatedOperatingExpenses": 769700000, "calculatedNetInterest": -27600000, "calculatedOtherIncome": -33500000, "calculatedIncomeNonControlling": -33500000, "calculatedEbitda": 76100000}, {"date": "1993-12-31", "symbol": "WRB", "reportedCurrency": "USD", "cik": "0000011544", "fillingDate": "1993-12-31", "acceptedDate": "1993-12-31 00:00:00", "calendarYear": "1993", "period": "FY", "revenue": 582600000, "costOfRevenue": 0, "grossProfit": 582600000, "grossProfitRatio": 1, "researchAndDevelopmentExpenses": 0, "generalAndAdministrativeExpenses": 0, "sellingAndMarketingExpenses": 0, "sellingGeneralAndAdministrativeExpenses": 0, "otherExpenses": 0, "operatingExpenses": 0, "costAndExpenses": 22300000, "interestIncome": 0, "interestExpense": 22300000, "depreciationAndAmortization": 12800000, "ebitda": 96300000, "ebitdaratio": 0.1652935118, "operatingIncome": 83500000, "operatingIncomeRatio": 0.1433230347, "totalOtherIncomeExpensesNet": 162300000, "incomeBeforeTax": 0, "incomeBeforeTaxRatio": 0, "incomeTaxExpense": 9600000, "netIncome": 51600000, "netIncomeRatio": 0.0885684861, "eps": 0.17, "epsdiluted": 0.17, "weightedAverageShsOut": 307111171, "weightedAverageShsOutDil": 310361420, "link": null, "finalLink": null, "calculatedOtherExpenses": 499100000, "calculatedOperatingExpenses": 499100000, "calculatedNetInterest": -22300000, "calculatedOtherIncome": -61200000, "calculatedIncomeNonControlling": -61200000, "calculatedEbitda": 96300000}, {"date": "1992-12-31", "symbol": "WRB", "reportedCurrency": "USD", "cik": "0000011544", "fillingDate": "1992-12-31", "acceptedDate": "1992-12-31 00:00:00", "calendarYear": "1992", "period": "FY", "revenue": 567200000, "costOfRevenue": 0, "grossProfit": 567200000, "grossProfitRatio": 1, "researchAndDevelopmentExpenses": 0, "generalAndAdministrativeExpenses": 0, "sellingAndMarketingExpenses": 0, "sellingGeneralAndAdministrativeExpenses": 0, "otherExpenses": 0, "operatingExpenses": 0, "costAndExpenses": 19300000, "interestIncome": 0, "interestExpense": 19300000, "depreciationAndAmortization": 10000000, "ebitda": 89700000, "ebitdaratio": 0.158145275, "operatingIncome": 79700000, "operatingIncomeRatio": 0.1405148096, "totalOtherIncomeExpensesNet": 151200000, "incomeBeforeTax": 0, "incomeBeforeTaxRatio": 0, "incomeTaxExpense": 8000000, "netIncome": 52400000, "netIncomeRatio": 0.0923836389, "eps": 0.17, "epsdiluted": 0.17, "weightedAverageShsOut": 305475236, "weightedAverageShsOutDil": 305475236, "link": null, "finalLink": null, "calculatedOtherExpenses": 487500000, "calculatedOperatingExpenses": 487500000, "calculatedNetInterest": -19300000, "calculatedOtherIncome": -60400000, "calculatedIncomeNonControlling": -60400000, "calculatedEbitda": 89700000}, {"date": "1991-12-31", "symbol": "WRB", "reportedCurrency": "USD", "cik": "0000011544", "fillingDate": "1991-12-31", "acceptedDate": "1991-12-31 00:00:00", "calendarYear": "1991", "period": "FY", "revenue": 541300000, "costOfRevenue": 0, "grossProfit": 541300000, "grossProfitRatio": 1, "researchAndDevelopmentExpenses": 0, "generalAndAdministrativeExpenses": 0, "sellingAndMarketingExpenses": 0, "sellingGeneralAndAdministrativeExpenses": 0, "otherExpenses": 0, "operatingExpenses": 0, "costAndExpenses": 10600000, "interestIncome": 0, "interestExpense": 10600000, "depreciationAndAmortization": 0, "ebitda": 70700000, "ebitdaratio": 0.1306114909, "operatingIncome": 70700000, "operatingIncomeRatio": 0.1306114909, "totalOtherIncomeExpensesNet": 133200000, "incomeBeforeTax": 0, "incomeBeforeTaxRatio": 0, "incomeTaxExpense": 13500000, "netIncome": 46600000, "netIncomeRatio": 0.0860890449, "eps": 0.15, "epsdiluted": 0.15, "weightedAverageShsOut": 304450465, "weightedAverageShsOutDil": 304450465, "link": null, "finalLink": null, "calculatedOtherExpenses": 470600000, "calculatedOperatingExpenses": 470600000, "calculatedNetInterest": -10600000, "calculatedOtherIncome": -60100000, "calculatedIncomeNonControlling": -60100000, "calculatedEbitda": 70700000}, {"date": "1990-12-31", "symbol": "WRB", "reportedCurrency": "USD", "cik": "0000011544", "fillingDate": "1990-12-31", "acceptedDate": "1990-12-31 00:00:00", "calendarYear": "1990", "period": "FY", "revenue": 538100000, "costOfRevenue": 0, "grossProfit": 538100000, "grossProfitRatio": 1, "researchAndDevelopmentExpenses": 0, "generalAndAdministrativeExpenses": 0, "sellingAndMarketingExpenses": 0, "sellingGeneralAndAdministrativeExpenses": 0, "otherExpenses": 0, "operatingExpenses": 0, "costAndExpenses": 10300000, "interestIncome": 0, "interestExpense": 10300000, "depreciationAndAmortization": 0, "ebitda": 51300000, "ebitdaratio": 0.0953354395, "operatingIncome": 51300000, "operatingIncomeRatio": 0.0953354395, "totalOtherIncomeExpensesNet": 113900000, "incomeBeforeTax": 0, "incomeBeforeTaxRatio": 0, "incomeTaxExpense": 4900000, "netIncome": 36100000, "netIncomeRatio": 0.0670879019, "eps": 0.12, "epsdiluted": 0.12, "weightedAverageShsOut": 303985778, "weightedAverageShsOutDil": 303985778, "link": null, "finalLink": null, "calculatedOtherExpenses": 486800000, "calculatedOperatingExpenses": 486800000, "calculatedNetInterest": -10300000, "calculatedOtherIncome": -41000000, "calculatedIncomeNonControlling": -41000000, "calculatedEbitda": 51300000}, {"date": "1989-12-31", "symbol": "WRB", "reportedCurrency": "USD", "cik": "0000011544", "fillingDate": "1989-12-31", "acceptedDate": "1989-12-31 00:00:00", "calendarYear": "1989", "period": "FY", "revenue": 550800000, "costOfRevenue": 0, "grossProfit": 550800000, "grossProfitRatio": 1, "researchAndDevelopmentExpenses": 0, "generalAndAdministrativeExpenses": 0, "sellingAndMarketingExpenses": 0, "sellingGeneralAndAdministrativeExpenses": 0, "otherExpenses": 0, "operatingExpenses": 0, "costAndExpenses": 10700000, "interestIncome": 0, "interestExpense": 10700000, "depreciationAndAmortization": 0, "ebitda": 75900000, "ebitdaratio": 0.1377995643, "operatingIncome": 75900000, "operatingIncomeRatio": 0.1377995643, "totalOtherIncomeExpensesNet": 111200000, "incomeBeforeTax": 0, "incomeBeforeTaxRatio": 0, "incomeTaxExpense": 9400000, "netIncome": 55800000, "netIncomeRatio": 0.1013071895, "eps": 0.18, "epsdiluted": 0.18, "weightedAverageShsOut": 302060653, "weightedAverageShsOutDil": 302060653, "link": null, "finalLink": null, "calculatedOtherExpenses": 474900000, "calculatedOperatingExpenses": 474900000, "calculatedNetInterest": -10700000, "calculatedOtherIncome": -65200000, "calculatedIncomeNonControlling": -65200000, "calculatedEbitda": 75900000}, {"date": "1988-12-31", "symbol": "WRB", "reportedCurrency": "USD", "cik": "0000011544", "fillingDate": "1988-12-31", "acceptedDate": "1988-12-31 00:00:00", "calendarYear": "1988", "period": "FY", "revenue": 534200000, "costOfRevenue": 0, "grossProfit": 534200000, "grossProfitRatio": 1, "researchAndDevelopmentExpenses": 0, "generalAndAdministrativeExpenses": 0, "sellingAndMarketingExpenses": 0, "sellingGeneralAndAdministrativeExpenses": 0, "otherExpenses": 0, "operatingExpenses": 0, "costAndExpenses": 9200000, "interestIncome": 0, "interestExpense": 9200000, "depreciationAndAmortization": 0, "ebitda": 81100000, "ebitdaratio": 0.1518157993, "operatingIncome": 81100000, "operatingIncomeRatio": 0.1518157993, "totalOtherIncomeExpensesNet": 0, "incomeBeforeTax": 0, "incomeBeforeTaxRatio": 0, "incomeTaxExpense": 12500000, "netIncome": 59400000, "netIncomeRatio": 0.1111943092, "eps": 0.18, "epsdiluted": 0.18, "weightedAverageShsOut": 323086741, "weightedAverageShsOutDil": 323086741, "link": null, "finalLink": null, "calculatedOtherExpenses": 453100000, "calculatedOperatingExpenses": 453100000, "calculatedNetInterest": -9200000, "calculatedOtherIncome": -71900000, "calculatedIncomeNonControlling": -71900000, "calculatedEbitda": 81100000}, {"date": "1987-12-31", "symbol": "WRB", "reportedCurrency": "USD", "cik": "0000011544", "fillingDate": "1987-12-31", "acceptedDate": "1987-12-31 00:00:00", "calendarYear": "1987", "period": "FY", "revenue": 521000000, "costOfRevenue": 0, "grossProfit": 521000000, "grossProfitRatio": 1, "researchAndDevelopmentExpenses": 0, "generalAndAdministrativeExpenses": 0, "sellingAndMarketingExpenses": 0, "sellingGeneralAndAdministrativeExpenses": 0, "otherExpenses": 0, "operatingExpenses": 0, "costAndExpenses": 6800000, "interestIncome": 0, "interestExpense": 6800000, "depreciationAndAmortization": 0, "ebitda": 75500000, "ebitdaratio": 0.1449136276, "operatingIncome": 75500000, "operatingIncomeRatio": 0.1449136276, "totalOtherIncomeExpensesNet": 0, "incomeBeforeTax": 0, "incomeBeforeTaxRatio": 0, "incomeTaxExpense": 14600000, "netIncome": 54100000, "netIncomeRatio": 0.1038387716, "eps": 0.16, "epsdiluted": 0.16, "weightedAverageShsOut": 339780486, "weightedAverageShsOutDil": 339780486, "link": null, "finalLink": null, "calculatedOtherExpenses": 445500000, "calculatedOperatingExpenses": 445500000, "calculatedNetInterest": -6800000, "calculatedOtherIncome": -68700000, "calculatedIncomeNonControlling": -68700000, "calculatedEbitda": 75500000}, {"date": "1986-12-31", "symbol": "WRB", "reportedCurrency": "USD", "cik": "0000011544", "fillingDate": "1986-12-31", "acceptedDate": "1986-12-31 00:00:00", "calendarYear": "1986", "period": "FY", "revenue": 413400000, "costOfRevenue": 0, "grossProfit": 413400000, "grossProfitRatio": 1, "researchAndDevelopmentExpenses": 0, "generalAndAdministrativeExpenses": 0, "sellingAndMarketingExpenses": 0, "sellingGeneralAndAdministrativeExpenses": 0, "otherExpenses": 0, "operatingExpenses": 0, "costAndExpenses": 5800000, "interestIncome": 0, "interestExpense": 5800000, "depreciationAndAmortization": 0, "ebitda": 42800000, "ebitdaratio": 0.1035316884, "operatingIncome": 42800000, "operatingIncomeRatio": 0.1035316884, "totalOtherIncomeExpensesNet": 0, "incomeBeforeTax": 0, "incomeBeforeTaxRatio": 0, "incomeTaxExpense": 7600000, "netIncome": 29400000, "netIncomeRatio": 0.0711175617, "eps": 0.0941, "epsdiluted": 0.0941, "weightedAverageShsOut": 312350966, "weightedAverageShsOutDil": 312350966, "link": null, "finalLink": null, "calculatedOtherExpenses": 370600000, "calculatedOperatingExpenses": 370600000, "calculatedNetInterest": -5800000, "calculatedOtherIncome": -37000000, "calculatedIncomeNonControlling": -37000000, "calculatedEbitda": 42800000}, {"date": "1985-12-31", "symbol": "WRB", "reportedCurrency": "USD", "cik": "0000011544", "fillingDate": "1985-12-31", "acceptedDate": "1985-12-31 00:00:00", "calendarYear": "1985", "period": "FY", "revenue": 214600000, "costOfRevenue": 0, "grossProfit": 214600000, "grossProfitRatio": 1, "researchAndDevelopmentExpenses": 0, "generalAndAdministrativeExpenses": 0, "sellingAndMarketingExpenses": 0, "sellingGeneralAndAdministrativeExpenses": 0, "otherExpenses": 0, "operatingExpenses": 0, "costAndExpenses": 5200000, "interestIncome": 0, "interestExpense": 5200000, "depreciationAndAmortization": 0, "ebitda": 10400000, "ebitdaratio": 0.0484622554, "operatingIncome": 10400000, "operatingIncomeRatio": 0.0484622554, "totalOtherIncomeExpensesNet": 0, "incomeBeforeTax": 0, "incomeBeforeTaxRatio": 0, "incomeTaxExpense": -1700000, "netIncome": 6900000, "netIncomeRatio": 0.0321528425, "eps": 0.0369, "epsdiluted": 0.0369, "weightedAverageShsOut": 186757930, "weightedAverageShsOutDil": 186757930, "link": null, "finalLink": null, "calculatedOtherExpenses": 204200000, "calculatedOperatingExpenses": 204200000, "calculatedNetInterest": -5200000, "calculatedOtherIncome": -5200000, "calculatedIncomeNonControlling": -5200000, "calculatedEbitda": 10400000}]}