{"originalCurrency": "USD", "convertedCurrency": "USD", "report": [{"date": "2023-09-30", "symbol": "WRK", "reportedCurrency": "USD", "cik": "0001732845", "fillingDate": "2023-11-17", "acceptedDate": "2023-11-17 16:31:28", "calendarYear": "2023", "period": "FY", "revenue": 20310000000, "costOfRevenue": 16725500000, "grossProfit": 3584500000, "grossProfitRatio": 0.1764894141, "researchAndDevelopmentExpenses": 0, "generalAndAdministrativeExpenses": 2355900000, "sellingAndMarketingExpenses": 0, "sellingGeneralAndAdministrativeExpenses": 2355900000, "otherExpenses": -15800000, "operatingExpenses": 2355900000, "costAndExpenses": 19081400000, "interestIncome": 117200000, "interestExpense": 417900000, "depreciationAndAmortization": 1535800000, "ebitda": 2752000000, "ebitdaratio": 0.1354997538, "operatingIncome": -1511500000, "operatingIncomeRatio": -0.0744214673, "totalOtherIncomeExpensesNet": -2515300000, "incomeBeforeTax": -1704600000, "incomeBeforeTaxRatio": -0.083929099, "incomeTaxExpense": -60400000, "netIncome": -1649000000, "netIncomeRatio": -0.0811915313, "eps": -6.44, "epsdiluted": -6.44, "weightedAverageShsOut": 255900000, "weightedAverageShsOutDil": 255900000, "link": "https://www.sec.gov/Archives/edgar/data/1732845/000095017023064855/0000950170-23-064855-index.htm", "finalLink": "https://www.sec.gov/Archives/edgar/data/1732845/000095017023064855/wrk-20230930.htm", "calculatedOtherExpenses": 2740100000, "calculatedOperatingExpenses": 5096000000, "calculatedNetInterest": -300700000, "calculatedOtherIncome": 107600000, "calculatedIncomeNonControlling": 4800000, "calculatedEbitda": 24300000}, {"date": "2022-09-30", "symbol": "WRK", "reportedCurrency": "USD", "cik": "0001732845", "fillingDate": "2022-11-18", "acceptedDate": "2022-11-18 16:08:32", "calendarYear": "2022", "period": "FY", "revenue": 21256500000, "costOfRevenue": 17235800000, "grossProfit": 4020700000, "grossProfitRatio": 0.1891515536, "researchAndDevelopmentExpenses": 0, "generalAndAdministrativeExpenses": 1775400000, "sellingAndMarketingExpenses": 157200000, "sellingGeneralAndAdministrativeExpenses": 1932600000, "otherExpenses": 350400000, "operatingExpenses": 2283000000, "costAndExpenses": 19518800000, "interestIncome": 56800000, "interestExpense": 318800000, "depreciationAndAmortization": 1488800000, "ebitda": 3445600000, "ebitdaratio": 0.1620963, "operatingIncome": 1956800000, "operatingIncomeRatio": 0.0920565474, "totalOtherIncomeExpensesNet": -738000000, "incomeBeforeTax": 1218800000, "incomeBeforeTaxRatio": 0.0573377555, "incomeTaxExpense": 269600000, "netIncome": 944600000, "netIncomeRatio": 0.0444381719, "eps": 3.64, "epsdiluted": 3.61, "weightedAverageShsOut": 259500000, "weightedAverageShsOutDil": 261500000, "link": "https://www.sec.gov/Archives/edgar/data/1732845/000095017022025444/0000950170-22-025444-index.htm", "finalLink": "https://www.sec.gov/Archives/edgar/data/1732845/000095017022025444/wrk-20220930.htm", "calculatedOtherExpenses": 131300000, "calculatedOperatingExpenses": 2063900000, "calculatedNetInterest": -262000000, "calculatedOtherIncome": -476000000, "calculatedIncomeNonControlling": 4600000, "calculatedEbitda": 3445600000}, {"date": "2021-09-30", "symbol": "WRK", "reportedCurrency": "USD", "cik": "0001732845", "fillingDate": "2021-11-19", "acceptedDate": "2021-11-19 16:41:09", "calendarYear": "2021", "period": "FY", "revenue": 18746100000, "costOfRevenue": 15315800000, "grossProfit": 3430300000, "grossProfitRatio": 0.1829873947, "researchAndDevelopmentExpenses": 0, "generalAndAdministrativeExpenses": 1759300000, "sellingAndMarketingExpenses": 0, "sellingGeneralAndAdministrativeExpenses": 1759300000, "otherExpenses": 357100000, "operatingExpenses": 2116400000, "costAndExpenses": 17432200000, "interestIncome": 46600000, "interestExpense": 372300000, "depreciationAndAmortization": 1682300000, "ebitda": 2963500000, "ebitdaratio": 0.1580862153, "operatingIncome": 1281200000, "operatingIncomeRatio": 0.0683448824, "totalOtherIncomeExpensesNet": -195300000, "incomeBeforeTax": 1085900000, "incomeBeforeTaxRatio": 0.0579267154, "incomeTaxExpense": 243400000, "netIncome": 838300000, "netIncomeRatio": 0.0447186348, "eps": 3.16, "epsdiluted": 3.13, "weightedAverageShsOut": 265200000, "weightedAverageShsOutDil": 267500000, "link": "https://www.sec.gov/Archives/edgar/data/1732845/000156459021057778/0001564590-21-057778-index.htm", "finalLink": "https://www.sec.gov/Archives/edgar/data/1732845/000156459021057778/wrk-10k_20210930.htm", "calculatedOtherExpenses": 389800000, "calculatedOperatingExpenses": 2149100000, "calculatedNetInterest": -325700000, "calculatedOtherIncome": 130400000, "calculatedIncomeNonControlling": 4200000, "calculatedEbitda": 2963500000}, {"date": "2020-09-30", "symbol": "WRK", "reportedCurrency": "USD", "cik": "0001732845", "fillingDate": "2020-11-23", "acceptedDate": "2020-11-20 19:31:31", "calendarYear": "2020", "period": "FY", "revenue": 17578800000, "costOfRevenue": 14381600000, "grossProfit": 3197200000, "grossProfitRatio": 0.1818781714, "researchAndDevelopmentExpenses": 0, "generalAndAdministrativeExpenses": 1624400000, "sellingAndMarketingExpenses": 0, "sellingGeneralAndAdministrativeExpenses": 1624400000, "otherExpenses": 400500000, "operatingExpenses": 2024900000, "costAndExpenses": 16406500000, "interestIncome": 72000000, "interestExpense": 393500000, "depreciationAndAmortization": 1487000000, "ebitda": 2789000000, "ebitdaratio": 0.1586570187, "operatingIncome": 1302000000, "operatingIncomeRatio": 0.0740664892, "totalOtherIncomeExpensesNet": -1824600000, "incomeBeforeTax": -522600000, "incomeBeforeTaxRatio": -0.0297289917, "incomeTaxExpense": 163500000, "netIncome": -686100000, "netIncomeRatio": -0.0390299679, "eps": -2.65, "epsdiluted": -2.65, "weightedAverageShsOut": 259200000, "weightedAverageShsOutDil": 259200000, "link": "https://www.sec.gov/Archives/edgar/data/1732845/000156459020054816/0001564590-20-054816-index.htm", "finalLink": "https://www.sec.gov/Archives/edgar/data/1732845/000156459020054816/wrk-10k_20200930.htm", "calculatedOtherExpenses": 270800000, "calculatedOperatingExpenses": 1895200000, "calculatedNetInterest": -321500000, "calculatedOtherIncome": -1503100000, "calculatedIncomeNonControlling": 0, "calculatedEbitda": 2789000000}, {"date": "2019-09-30", "symbol": "WRK", "reportedCurrency": "USD", "cik": "0001732845", "fillingDate": "2019-11-18", "acceptedDate": "2019-11-15 17:47:47", "calendarYear": "2019", "period": "FY", "revenue": 18289000000, "costOfRevenue": 14540000000, "grossProfit": 3749000000, "grossProfitRatio": 0.204986604, "researchAndDevelopmentExpenses": 0, "generalAndAdministrativeExpenses": 1708900000, "sellingAndMarketingExpenses": 0, "sellingGeneralAndAdministrativeExpenses": 1708900000, "otherExpenses": 400200000, "operatingExpenses": 2109100000, "costAndExpenses": 16649100000, "interestIncome": 431300000, "interestExpense": 431300000, "depreciationAndAmortization": 1743400000, "ebitda": 3237800000, "ebitdaratio": 0.1770353765, "operatingIncome": 1494400000, "operatingIncomeRatio": 0.0817103177, "totalOtherIncomeExpensesNet": -349700000, "incomeBeforeTax": 1144700000, "incomeBeforeTaxRatio": 0.0625895347, "incomeTaxExpense": 276800000, "netIncome": 862900000, "netIncomeRatio": 0.0471813658, "eps": 3.36, "epsdiluted": 3.33, "weightedAverageShsOut": 256600000, "weightedAverageShsOutDil": 259100000, "link": "https://www.sec.gov/Archives/edgar/data/1732845/000095012319011534/0000950123-19-011534-index.htm", "finalLink": "https://www.sec.gov/Archives/edgar/data/1732845/000095012319011534/wrk-10k_20190930.htm", "calculatedOtherExpenses": 545700000, "calculatedOperatingExpenses": 2254600000, "calculatedNetInterest": 0, "calculatedOtherIncome": -349700000, "calculatedIncomeNonControlling": 5000000, "calculatedEbitda": 3237800000}, {"date": "2018-09-30", "symbol": "WRK", "reportedCurrency": "USD", "cik": "0001732845", "fillingDate": "2018-11-16", "acceptedDate": "2018-11-16 11:25:37", "calendarYear": "2018", "period": "FY", "revenue": 16285100000, "costOfRevenue": 12923100000, "grossProfit": 3362000000, "grossProfitRatio": 0.2064463835, "researchAndDevelopmentExpenses": 0, "generalAndAdministrativeExpenses": 1730800000, "sellingAndMarketingExpenses": 0, "sellingGeneralAndAdministrativeExpenses": 1730800000, "otherExpenses": 108000000, "operatingExpenses": 2027400000, "costAndExpenses": 14950500000, "interestIncome": 0, "interestExpense": 293800000, "depreciationAndAmortization": 1252200000, "ebitda": 2728300000, "ebitdaratio": 0.1675335122, "operatingIncome": 1187200000, "operatingIncomeRatio": 0.0729009954, "totalOtherIncomeExpensesNet": -6000000, "incomeBeforeTax": 1034800000, "incomeBeforeTaxRatio": 0.0635427477, "incomeTaxExpense": -874500000, "netIncome": 1906100000, "netIncomeRatio": 0.1170456429, "eps": 7.46, "epsdiluted": 7.34, "weightedAverageShsOut": 255500000, "weightedAverageShsOutDil": 259800000, "link": "https://www.sec.gov/Archives/edgar/data/1732845/000156459018029723/0001564590-18-029723-index.htm", "finalLink": "https://www.sec.gov/Archives/edgar/data/1732845/000156459018029723/wrk-10k_20180930.htm", "calculatedOtherExpenses": 444000000, "calculatedOperatingExpenses": 2174800000, "calculatedNetInterest": -293800000, "calculatedOtherIncome": 141400000, "calculatedIncomeNonControlling": 3200000, "calculatedEbitda": 2439400000}, {"date": "2017-09-30", "symbol": "WRK", "reportedCurrency": "USD", "cik": "0001732845", "fillingDate": "2017-09-30", "acceptedDate": "2017-09-29 20:00:00", "calendarYear": "2017", "period": "FY", "revenue": 14859700000, "costOfRevenue": 12119500000, "grossProfit": 2740200000, "grossProfitRatio": 0.1844047996, "researchAndDevelopmentExpenses": 0, "generalAndAdministrativeExpenses": 1432200000, "sellingAndMarketingExpenses": 0, "sellingGeneralAndAdministrativeExpenses": 1432200000, "otherExpenses": 229600000, "operatingExpenses": 1661800000, "costAndExpenses": 13781300000, "interestIncome": 66700000, "interestExpense": 277700000, "depreciationAndAmortization": 1116600000, "ebitda": 2300700000, "ebitdaratio": 0.1548281594, "operatingIncome": 835000000, "operatingIncomeRatio": 0.0561922515, "totalOtherIncomeExpensesNet": -9800000, "incomeBeforeTax": 857600000, "incomeBeforeTaxRatio": 0.0577131436, "incomeTaxExpense": 159000000, "netIncome": 708200000, "netIncomeRatio": 0.0476591048, "eps": 2.78, "epsdiluted": 2.77, "weightedAverageShsOut": 254500000, "weightedAverageShsOutDil": 255700000, "link": "", "finalLink": "", "calculatedOtherExpenses": 473000000, "calculatedOperatingExpenses": 1905200000, "calculatedNetInterest": -211000000, "calculatedOtherIncome": 233600000, "calculatedIncomeNonControlling": -9600000, "calculatedEbitda": 1951600000}, {"date": "2016-09-30", "symbol": "WRK", "reportedCurrency": "USD", "cik": "0001732845", "fillingDate": "2016-09-30", "acceptedDate": "2016-09-29 20:00:00", "calendarYear": "2016", "period": "FY", "revenue": 14171800000, "costOfRevenue": 11413200000, "grossProfit": 2758600000, "grossProfitRatio": 0.1946541724, "researchAndDevelopmentExpenses": 0, "generalAndAdministrativeExpenses": 1750100000, "sellingAndMarketingExpenses": 0, "sellingGeneralAndAdministrativeExpenses": 1750100000, "otherExpenses": 211800000, "operatingExpenses": 1961900000, "costAndExpenses": 13375100000, "interestIncome": 58600000, "interestExpense": 256700000, "depreciationAndAmortization": 1146500000, "ebitda": 2011500000, "ebitdaratio": 0.1419368041, "operatingIncome": 430300000, "operatingIncomeRatio": 0.0303631155, "totalOtherIncomeExpensesNet": -354000000, "incomeBeforeTax": 244600000, "incomeBeforeTaxRatio": 0.0172596283, "incomeTaxExpense": 89800000, "netIncome": -396300000, "netIncomeRatio": -0.0279639848, "eps": -1.58, "epsdiluted": -1.54, "weightedAverageShsOut": 251000000, "weightedAverageShsOutDil": 257900000, "link": "", "finalLink": "", "calculatedOtherExpenses": 578200000, "calculatedOperatingExpenses": 2328300000, "calculatedNetInterest": -198100000, "calculatedOtherIncome": 12400000, "calculatedIncomeNonControlling": 551100000, "calculatedEbitda": 1576800000}, {"date": "2015-09-30", "symbol": "WRK", "reportedCurrency": "USD", "cik": "0001732845", "fillingDate": "2015-09-30", "acceptedDate": "2015-09-29 20:00:00", "calendarYear": "2015", "period": "FY", "revenue": 11381300000, "costOfRevenue": 9170500000, "grossProfit": 2210800000, "grossProfitRatio": 0.1942484602, "researchAndDevelopmentExpenses": 0, "generalAndAdministrativeExpenses": 1053500000, "sellingAndMarketingExpenses": 0, "sellingGeneralAndAdministrativeExpenses": 1053500000, "otherExpenses": 130400000, "operatingExpenses": 1183900000, "costAndExpenses": 10354400000, "interestIncome": 11000000, "interestExpense": 132700000, "depreciationAndAmortization": 740800000, "ebitda": 1785800000, "ebitdaratio": 0.1569065045, "operatingIncome": 879500000, "operatingIncomeRatio": 0.0772758824, "totalOtherIncomeExpensesNet": -142900000, "incomeBeforeTax": 762300000, "incomeBeforeTaxRatio": 0.0669782889, "incomeTaxExpense": 250500000, "netIncome": 507100000, "netIncomeRatio": 0.0445555429, "eps": 1.97, "epsdiluted": 1.97, "weightedAverageShsOut": 257000000, "weightedAverageShsOutDil": 257000000, "link": "", "finalLink": "", "calculatedOtherExpenses": 277800000, "calculatedOperatingExpenses": 1331300000, "calculatedNetInterest": -121700000, "calculatedOtherIncome": 4500000, "calculatedIncomeNonControlling": 4700000, "calculatedEbitda": 1620300000}, {"date": "2014-09-30", "symbol": "WRK", "reportedCurrency": "USD", "cik": "0001732845", "fillingDate": "2014-09-30", "acceptedDate": "2014-09-29 20:00:00", "calendarYear": "2014", "period": "FY", "revenue": 9895100000, "costOfRevenue": 7961500000, "grossProfit": 1933600000, "grossProfitRatio": 0.1954098493, "researchAndDevelopmentExpenses": 0, "generalAndAdministrativeExpenses": 1023600000, "sellingAndMarketingExpenses": 0, "sellingGeneralAndAdministrativeExpenses": 1023600000, "otherExpenses": 0, "operatingExpenses": 1023600000, "costAndExpenses": 8985100000, "interestIncome": 2400000, "interestExpense": 95300000, "depreciationAndAmortization": 584500000, "ebitda": 1505700000, "ebitdaratio": 0.1521662237, "operatingIncome": 854400000, "operatingIncomeRatio": 0.0863457671, "totalOtherIncomeExpensesNet": -46800000, "incomeBeforeTax": 770300000, "incomeBeforeTaxRatio": 0.0778466109, "incomeTaxExpense": 286500000, "netIncome": 479700000, "netIncomeRatio": 0.0484785399, "eps": 3.43, "epsdiluted": 3.29, "weightedAverageShsOut": 140000000, "weightedAverageShsOutDil": 146000000, "link": "", "finalLink": "", "calculatedOtherExpenses": 55600000, "calculatedOperatingExpenses": 1079200000, "calculatedNetInterest": -92900000, "calculatedOtherIncome": 8800000, "calculatedIncomeNonControlling": 4100000, "calculatedEbitda": 1438900000}, {"date": "2013-09-30", "symbol": "WRK", "reportedCurrency": "USD", "cik": "0001732845", "fillingDate": "2013-09-30", "acceptedDate": "2013-09-29 20:00:00", "calendarYear": "2013", "period": "FY", "revenue": 9545400000, "costOfRevenue": 7698900000, "grossProfit": 1846500000, "grossProfitRatio": 0.1934439625, "researchAndDevelopmentExpenses": 0, "generalAndAdministrativeExpenses": 954300000, "sellingAndMarketingExpenses": 0, "sellingGeneralAndAdministrativeExpenses": 954300000, "otherExpenses": -900000, "operatingExpenses": 954300000, "costAndExpenses": 8653200000, "interestIncome": -900000, "interestExpense": 106900000, "depreciationAndAmortization": 552200000, "ebitda": 1448100000, "ebitdaratio": 0.1517065812, "operatingIncome": 814200000, "operatingIncomeRatio": 0.0852976303, "totalOtherIncomeExpensesNet": -74600000, "incomeBeforeTax": 710700000, "incomeBeforeTaxRatio": 0.0744547112, "incomeTaxExpense": -21800000, "netIncome": 727300000, "netIncomeRatio": 0.0761937687, "eps": 5.05, "epsdiluted": 4.97, "weightedAverageShsOut": 144000000, "weightedAverageShsOutDil": 146200000, "link": "", "finalLink": "", "calculatedOtherExpenses": 78000000, "calculatedOperatingExpenses": 1032300000, "calculatedNetInterest": -107800000, "calculatedOtherIncome": 4300000, "calculatedIncomeNonControlling": 5200000, "calculatedEbitda": 1366400000}, {"date": "2012-09-30", "symbol": "WRK", "reportedCurrency": "USD", "cik": "0001732845", "fillingDate": "2012-09-30", "acceptedDate": "2012-09-29 20:00:00", "calendarYear": "2012", "period": "FY", "revenue": 9207600000, "costOfRevenue": 7674900000, "grossProfit": 1532700000, "grossProfitRatio": 0.1664603154, "researchAndDevelopmentExpenses": 0, "generalAndAdministrativeExpenses": 0, "sellingAndMarketingExpenses": 0, "sellingGeneralAndAdministrativeExpenses": 927500000, "otherExpenses": 0, "operatingExpenses": 927500000, "costAndExpenses": 8602400000, "interestIncome": 0, "interestExpense": 119700000, "depreciationAndAmortization": 534300000, "ebitda": 1142900000, "ebitdaratio": 0.1241257222, "operatingIncome": 530000000, "operatingIncomeRatio": 0.0575611451, "totalOtherIncomeExpensesNet": -96400000, "incomeBeforeTax": 389100000, "incomeBeforeTaxRatio": 0.042258569, "incomeTaxExpense": 136900000, "netIncome": 249100000, "netIncomeRatio": 0.0270537382, "eps": 1.75, "epsdiluted": 1.73, "weightedAverageShsOut": 141768004, "weightedAverageShsOutDil": 144200000, "link": "", "finalLink": "", "calculatedOtherExpenses": 75200000, "calculatedOperatingExpenses": 1002700000, "calculatedNetInterest": -119700000, "calculatedOtherIncome": -21200000, "calculatedIncomeNonControlling": 3100000, "calculatedEbitda": 1064300000}, {"date": "2011-09-30", "symbol": "WRK", "reportedCurrency": "USD", "cik": "0001732845", "fillingDate": "2011-09-30", "acceptedDate": "2011-09-29 20:00:00", "calendarYear": "2011", "period": "FY", "revenue": 5399600000, "costOfRevenue": 4407700000, "grossProfit": 991900000, "grossProfitRatio": 0.1836987925, "researchAndDevelopmentExpenses": 0, "generalAndAdministrativeExpenses": 0, "sellingAndMarketingExpenses": 0, "sellingGeneralAndAdministrativeExpenses": 541200000, "otherExpenses": 0, "operatingExpenses": 541200000, "costAndExpenses": 4948900000, "interestIncome": 0, "interestExpense": 88900000, "depreciationAndAmortization": 278300000, "ebitda": 730500000, "ebitdaratio": 0.1352877991, "operatingIncome": 357400000, "operatingIncomeRatio": 0.0661900882, "totalOtherIncomeExpensesNet": -146300000, "incomeBeforeTax": 215500000, "incomeBeforeTaxRatio": 0.0399103637, "incomeTaxExpense": 69500000, "netIncome": 141100000, "netIncomeRatio": 0.0261315653, "eps": 0.99, "epsdiluted": 0.99, "weightedAverageShsOut": 140935808, "weightedAverageShsOutDil": 140935808, "link": "", "finalLink": "", "calculatedOtherExpenses": 93300000, "calculatedOperatingExpenses": 634500000, "calculatedNetInterest": -88900000, "calculatedOtherIncome": -53000000, "calculatedIncomeNonControlling": 4900000, "calculatedEbitda": 635700000}, {"date": "2010-09-30", "symbol": "WRK", "reportedCurrency": "USD", "cik": "0001732845", "fillingDate": "2010-09-30", "acceptedDate": "2010-09-29 20:00:00", "calendarYear": "2010", "period": "FY", "revenue": 3001400000, "costOfRevenue": 2281300000, "grossProfit": 720100000, "grossProfitRatio": 0.23992137, "researchAndDevelopmentExpenses": 0, "generalAndAdministrativeExpenses": 0, "sellingAndMarketingExpenses": 0, "sellingGeneralAndAdministrativeExpenses": 339900000, "otherExpenses": 0, "operatingExpenses": 339900000, "costAndExpenses": 2621200000, "interestIncome": 100000, "interestExpense": 75500000, "depreciationAndAmortization": 147400000, "ebitda": 528500000, "ebitdaratio": 0.1760844939, "operatingIncome": 372800000, "operatingIncomeRatio": 0.1242087026, "totalOtherIncomeExpensesNet": -9400000, "incomeBeforeTax": 295400000, "incomeBeforeTaxRatio": 0.098420737, "incomeTaxExpense": 64700000, "netIncome": 225600000, "netIncomeRatio": 0.075164923, "eps": 2.9, "epsdiluted": 2.85, "weightedAverageShsOut": 77806072, "weightedAverageShsOutDil": 78200000, "link": "", "finalLink": "", "calculatedOtherExpenses": 7400000, "calculatedOperatingExpenses": 347300000, "calculatedNetInterest": -75400000, "calculatedOtherIncome": -2000000, "calculatedIncomeNonControlling": 5100000, "calculatedEbitda": 520200000}, {"date": "2009-09-30", "symbol": "WRK", "reportedCurrency": "USD", "cik": "0001732845", "fillingDate": "2009-09-30", "acceptedDate": "2009-09-29 20:00:00", "calendarYear": "2009", "period": "FY", "revenue": 2812300000, "costOfRevenue": 2049600000, "grossProfit": 762700000, "grossProfitRatio": 0.2712015077, "researchAndDevelopmentExpenses": 0, "generalAndAdministrativeExpenses": 0, "sellingAndMarketingExpenses": 0, "sellingGeneralAndAdministrativeExpenses": 330800000, "otherExpenses": 0, "operatingExpenses": 330800000, "costAndExpenses": 2380400000, "interestIncome": 0, "interestExpense": 96700000, "depreciationAndAmortization": 150000000, "ebitda": 578400000, "ebitdaratio": 0.2056679586, "operatingIncome": 418500000, "operatingIncomeRatio": 0.1488105821, "totalOtherIncomeExpensesNet": -17800000, "incomeBeforeTax": 313900000, "incomeBeforeTaxRatio": 0.1116168261, "incomeTaxExpense": 91600000, "netIncome": 222300000, "netIncomeRatio": 0.079045621, "eps": 2.87, "epsdiluted": 2.87, "weightedAverageShsOut": 75600000, "weightedAverageShsOutDil": 77400000, "link": "", "finalLink": "", "calculatedOtherExpenses": 13400000, "calculatedOperatingExpenses": 344200000, "calculatedNetInterest": -96700000, "calculatedOtherIncome": -7900000, "calculatedIncomeNonControlling": 0, "calculatedEbitda": 568500000}, {"date": "2008-09-30", "symbol": "WRK", "reportedCurrency": "USD", "cik": "0001732845", "fillingDate": "2008-09-30", "acceptedDate": "2008-09-29 20:00:00", "calendarYear": "2008", "period": "FY", "revenue": 2838900000, "costOfRevenue": 2296800000, "grossProfit": 542100000, "grossProfitRatio": 0.1909542428, "researchAndDevelopmentExpenses": 0, "generalAndAdministrativeExpenses": 0, "sellingAndMarketingExpenses": 0, "sellingGeneralAndAdministrativeExpenses": 310500000, "otherExpenses": 0, "operatingExpenses": 310500000, "costAndExpenses": 2607300000, "interestIncome": 0, "interestExpense": 0, "depreciationAndAmortization": 135300000, "ebitda": 382500000, "ebitdaratio": 0.1347352848, "operatingIncome": 216000000, "operatingIncomeRatio": 0.0760858079, "totalOtherIncomeExpensesNet": -13200000, "incomeBeforeTax": 126100000, "incomeBeforeTaxRatio": 0.0444186128, "incomeTaxExpense": 44300000, "netIncome": 81800000, "netIncomeRatio": 0.0288139772, "eps": 1.1, "epsdiluted": 1.07, "weightedAverageShsOut": 74800000, "weightedAverageShsOutDil": 76400000, "link": "", "finalLink": "", "calculatedOtherExpenses": 15600000, "calculatedOperatingExpenses": 326100000, "calculatedNetInterest": 0, "calculatedOtherIncome": -89900000, "calculatedIncomeNonControlling": 0, "calculatedEbitda": 351300000}, {"date": "2007-09-30", "symbol": "WRK", "reportedCurrency": "USD", "cik": "0001732845", "fillingDate": "2007-09-30", "acceptedDate": "2007-09-29 20:00:00", "calendarYear": "2007", "period": "FY", "revenue": 2315800000, "costOfRevenue": 1870200000, "grossProfit": 445600000, "grossProfitRatio": 0.1924173072, "researchAndDevelopmentExpenses": 0, "generalAndAdministrativeExpenses": 0, "sellingAndMarketingExpenses": 0, "sellingGeneralAndAdministrativeExpenses": 259100000, "otherExpenses": 0, "operatingExpenses": 259100000, "costAndExpenses": 2129300000, "interestIncome": 0, "interestExpense": 0, "depreciationAndAmortization": 103700000, "ebitda": 294900000, "ebitdaratio": 0.127342603, "operatingIncome": 181800000, "operatingIncomeRatio": 0.0785041886, "totalOtherIncomeExpensesNet": -3600000, "incomeBeforeTax": 127000000, "incomeBeforeTaxRatio": 0.0548406598, "incomeTaxExpense": 45300000, "netIncome": 81700000, "netIncomeRatio": 0.0352793851, "eps": 1.06, "epsdiluted": 1.03, "weightedAverageShsOut": 77000000, "weightedAverageShsOutDil": 79000000, "link": "", "finalLink": "", "calculatedOtherExpenses": 4700000, "calculatedOperatingExpenses": 263800000, "calculatedNetInterest": 0, "calculatedOtherIncome": -54800000, "calculatedIncomeNonControlling": 0, "calculatedEbitda": 285500000}, {"date": "2006-09-30", "symbol": "WRK", "reportedCurrency": "USD", "cik": "0001732845", "fillingDate": "2006-09-30", "acceptedDate": "2006-09-29 20:00:00", "calendarYear": "2006", "period": "FY", "revenue": 2138100000, "costOfRevenue": 1789000000, "grossProfit": 349100000, "grossProfitRatio": 0.1632758056, "researchAndDevelopmentExpenses": 0, "generalAndAdministrativeExpenses": 0, "sellingAndMarketingExpenses": 0, "sellingGeneralAndAdministrativeExpenses": 244200000, "otherExpenses": 0, "operatingExpenses": 244200000, "costAndExpenses": 2033200000, "interestIncome": 0, "interestExpense": 0, "depreciationAndAmortization": 104300000, "ebitda": 217000000, "ebitdaratio": 0.1014919789, "operatingIncome": 97100000, "operatingIncomeRatio": 0.0454141528, "totalOtherIncomeExpensesNet": -5900000, "incomeBeforeTax": 38600000, "incomeBeforeTaxRatio": 0.0180534119, "incomeTaxExpense": 9900000, "netIncome": 28700000, "netIncomeRatio": 0.0134231327, "eps": 0.4, "epsdiluted": 0.39, "weightedAverageShsOut": 72658228, "weightedAverageShsOutDil": 74545455, "link": "", "finalLink": "", "calculatedOtherExpenses": 7800000, "calculatedOperatingExpenses": 252000000, "calculatedNetInterest": 0, "calculatedOtherIncome": -58500000, "calculatedIncomeNonControlling": 0, "calculatedEbitda": 201400000}, {"date": "2005-09-30", "symbol": "WRK", "reportedCurrency": "USD", "cik": "0001732845", "fillingDate": "2005-09-30", "acceptedDate": "2005-09-29 20:00:00", "calendarYear": "2005", "period": "FY", "revenue": 1733481000, "costOfRevenue": 1459217000, "grossProfit": 274264000, "grossProfitRatio": 0.158215752, "researchAndDevelopmentExpenses": 0, "generalAndAdministrativeExpenses": 0, "sellingAndMarketingExpenses": 0, "sellingGeneralAndAdministrativeExpenses": 204918000, "otherExpenses": 0, "operatingExpenses": 204918000, "costAndExpenses": 1664135000, "interestIncome": 0, "interestExpense": 0, "depreciationAndAmortization": 84040000, "ebitda": 161869000, "ebitdaratio": 0.0933780065, "operatingIncome": 61821000, "operatingIncomeRatio": 0.0356629233, "totalOtherIncomeExpensesNet": -8483000, "incomeBeforeTax": 19856000, "incomeBeforeTaxRatio": 0.0114544088, "incomeTaxExpense": 2242000, "netIncome": 17614000, "netIncomeRatio": 0.0101610574, "eps": 0.25, "epsdiluted": 0.25, "weightedAverageShsOut": 70400000, "weightedAverageShsOutDil": 71836735, "link": "", "finalLink": "", "calculatedOtherExpenses": 7525000, "calculatedOperatingExpenses": 212443000, "calculatedNetInterest": 0, "calculatedOtherIncome": -41965000, "calculatedIncomeNonControlling": 0, "calculatedEbitda": 145861000}, {"date": "2004-09-30", "symbol": "WRK", "reportedCurrency": "USD", "cik": "0001732845", "fillingDate": "2004-09-30", "acceptedDate": "2004-09-29 20:00:00", "calendarYear": "2004", "period": "FY", "revenue": 1581261000, "costOfRevenue": 1310924000, "grossProfit": 270337000, "grossProfitRatio": 0.1709629214, "researchAndDevelopmentExpenses": 0, "generalAndAdministrativeExpenses": 0, "sellingAndMarketingExpenses": 0, "sellingGeneralAndAdministrativeExpenses": 199355000, "otherExpenses": 0, "operatingExpenses": 199355000, "costAndExpenses": 1510279000, "interestIncome": 0, "interestExpense": 0, "depreciationAndAmortization": 74189000, "ebitda": 177933000, "ebitdaratio": 0.1125260156, "operatingIncome": 38244000, "operatingIncomeRatio": 0.0241857606, "totalOtherIncomeExpensesNet": -32762000, "incomeBeforeTax": 11235000, "incomeBeforeTaxRatio": 0.0071050889, "incomeTaxExpense": 1584000, "netIncome": 17648000, "netIncomeRatio": 0.0111607129, "eps": 0.25, "epsdiluted": 0.25, "weightedAverageShsOut": 70816000, "weightedAverageShsOutDil": 70816000, "link": "", "finalLink": "", "calculatedOtherExpenses": 32738000, "calculatedOperatingExpenses": 232093000, "calculatedNetInterest": 0, "calculatedOtherIncome": -27009000, "calculatedIncomeNonControlling": -7997000, "calculatedEbitda": 112433000}, {"date": "2003-09-30", "symbol": "WRK", "reportedCurrency": "USD", "cik": "0001732845", "fillingDate": "2003-09-30", "acceptedDate": "2003-09-29 20:00:00", "calendarYear": "2003", "period": "FY", "revenue": 1433346000, "costOfRevenue": 1168290000, "grossProfit": 265056000, "grossProfitRatio": 0.1849211565, "researchAndDevelopmentExpenses": 0, "generalAndAdministrativeExpenses": 0, "sellingAndMarketingExpenses": 0, "sellingGeneralAndAdministrativeExpenses": 184642000, "otherExpenses": 0, "operatingExpenses": 184642000, "costAndExpenses": 1352932000, "interestIncome": 0, "interestExpense": 0, "depreciationAndAmortization": 72683000, "ebitda": 155180000, "ebitdaratio": 0.1082641595, "operatingIncome": 78730000, "operatingIncomeRatio": 0.0549274216, "totalOtherIncomeExpensesNet": -2083000, "incomeBeforeTax": 48285000, "incomeBeforeTaxRatio": 0.0336869116, "incomeTaxExpense": 18744000, "netIncome": 29576000, "netIncomeRatio": 0.0206342363, "eps": 0.42, "epsdiluted": 0.42, "weightedAverageShsOut": 69238000, "weightedAverageShsOutDil": 69590588, "link": "", "finalLink": "", "calculatedOtherExpenses": 1684000, "calculatedOperatingExpenses": 186326000, "calculatedNetInterest": 0, "calculatedOtherIncome": -30445000, "calculatedIncomeNonControlling": -35000, "calculatedEbitda": 151413000}, {"date": "2002-09-30", "symbol": "WRK", "reportedCurrency": "USD", "cik": "0001732845", "fillingDate": "2002-09-30", "acceptedDate": "2002-09-29 20:00:00", "calendarYear": "2002", "period": "FY", "revenue": 1436547000, "costOfRevenue": 1145524000, "grossProfit": 291023000, "grossProfitRatio": 0.2025850877, "researchAndDevelopmentExpenses": 0, "generalAndAdministrativeExpenses": 0, "sellingAndMarketingExpenses": 0, "sellingGeneralAndAdministrativeExpenses": 189736000, "otherExpenses": 18237000, "operatingExpenses": 207973000, "costAndExpenses": 1353497000, "interestIncome": 0, "interestExpense": 0, "depreciationAndAmortization": 72521000, "ebitda": 174126000, "ebitdaratio": 0.1212114884, "operatingIncome": 83050000, "operatingIncomeRatio": 0.05781224, "totalOtherIncomeExpensesNet": -18555000, "incomeBeforeTax": 53818000, "incomeBeforeTaxRatio": 0.0374634453, "incomeTaxExpense": 21348000, "netIncome": 26626000, "netIncomeRatio": 0.0185347225, "eps": 0.39, "epsdiluted": 0.39, "weightedAverageShsOut": 68602000, "weightedAverageShsOutDil": 69158442, "link": "", "finalLink": "", "calculatedOtherExpenses": 18237000, "calculatedOperatingExpenses": 207973000, "calculatedNetInterest": 0, "calculatedOtherIncome": -29232000, "calculatedIncomeNonControlling": 5844000, "calculatedEbitda": 155571000}, {"date": "2001-09-30", "symbol": "WRK", "reportedCurrency": "USD", "cik": "0001732845", "fillingDate": "2001-09-30", "acceptedDate": "2001-09-29 20:00:00", "calendarYear": "2001", "period": "FY", "revenue": 1441632000, "costOfRevenue": 1144801000, "grossProfit": 296831000, "grossProfitRatio": 0.2058992864, "researchAndDevelopmentExpenses": 0, "generalAndAdministrativeExpenses": 0, "sellingAndMarketingExpenses": 0, "sellingGeneralAndAdministrativeExpenses": 180280000, "otherExpenses": 25462000, "operatingExpenses": 205742000, "costAndExpenses": 1350543000, "interestIncome": 0, "interestExpense": 0, "depreciationAndAmortization": 77593000, "ebitda": 187579000, "ebitdaratio": 0.13011573, "operatingIncome": 91089000, "operatingIncomeRatio": 0.0631846407, "totalOtherIncomeExpensesNet": -18897000, "incomeBeforeTax": 52134000, "incomeBeforeTaxRatio": 0.0361631817, "incomeTaxExpense": 21897000, "netIncome": 30523000, "netIncomeRatio": 0.0211725322, "eps": 0.46, "epsdiluted": 0.46, "weightedAverageShsOut": 66354348, "weightedAverageShsOutDil": 67083516, "link": "", "finalLink": "", "calculatedOtherExpenses": 25462000, "calculatedOperatingExpenses": 205742000, "calculatedNetInterest": 0, "calculatedOtherIncome": -38955000, "calculatedIncomeNonControlling": -286000, "calculatedEbitda": 168682000}, {"date": "2000-09-30", "symbol": "WRK", "reportedCurrency": "USD", "cik": "0001732845", "fillingDate": "2000-09-30", "acceptedDate": "2000-09-29 20:00:00", "calendarYear": "2000", "period": "FY", "revenue": 1463288000, "costOfRevenue": 1106845000, "grossProfit": 356443000, "grossProfitRatio": 0.243590462, "researchAndDevelopmentExpenses": 0, "generalAndAdministrativeExpenses": 0, "sellingAndMarketingExpenses": 0, "sellingGeneralAndAdministrativeExpenses": 243591000, "otherExpenses": 77061000, "operatingExpenses": 320652000, "costAndExpenses": 1427497000, "interestIncome": 0, "interestExpense": 0, "depreciationAndAmortization": 77061000, "ebitda": 112852000, "ebitdaratio": 0.077122207, "operatingIncome": 35791000, "operatingIncomeRatio": 0.0244592999, "totalOtherIncomeExpensesNet": -40137000, "incomeBeforeTax": -4346000, "incomeBeforeTaxRatio": -0.0029700237, "incomeTaxExpense": 11570000, "netIncome": -15916000, "netIncomeRatio": -0.0108768745, "eps": -0.23, "epsdiluted": -0.23, "weightedAverageShsOut": 69200000, "weightedAverageShsOutDil": 69200000, "link": "", "finalLink": "", "calculatedOtherExpenses": 77061000, "calculatedOperatingExpenses": 320652000, "calculatedNetInterest": 0, "calculatedOtherIncome": -40137000, "calculatedIncomeNonControlling": 0, "calculatedEbitda": 112852000}, {"date": "1999-09-30", "symbol": "WRK", "reportedCurrency": "USD", "cik": "0001732845", "fillingDate": "1999-09-30", "acceptedDate": "1999-09-29 20:00:00", "calendarYear": "1999", "period": "FY", "revenue": 1310400000, "costOfRevenue": 894700000, "grossProfit": 415700000, "grossProfitRatio": 0.3172313797, "researchAndDevelopmentExpenses": 0, "generalAndAdministrativeExpenses": 0, "sellingAndMarketingExpenses": 0, "sellingGeneralAndAdministrativeExpenses": 236100000, "otherExpenses": 72500000, "operatingExpenses": 308600000, "costAndExpenses": 1203300000, "interestIncome": 0, "interestExpense": 0, "depreciationAndAmortization": 72500000, "ebitda": 179600000, "ebitdaratio": 0.1370573871, "operatingIncome": 107100000, "operatingIncomeRatio": 0.0817307692, "totalOtherIncomeExpensesNet": -36800000, "incomeBeforeTax": 70300000, "incomeBeforeTaxRatio": 0.0536477411, "incomeTaxExpense": 30600000, "netIncome": 39700000, "netIncomeRatio": 0.0302960928, "eps": 0.57, "epsdiluted": 0.56, "weightedAverageShsOut": 69620253, "weightedAverageShsOutDil": 70265487, "link": "", "finalLink": "", "calculatedOtherExpenses": 72500000, "calculatedOperatingExpenses": 308600000, "calculatedNetInterest": 0, "calculatedOtherIncome": -36800000, "calculatedIncomeNonControlling": 0, "calculatedEbitda": 179600000}, {"date": "1998-09-30", "symbol": "WRK", "reportedCurrency": "USD", "cik": "0001732845", "fillingDate": "1998-09-30", "acceptedDate": "1998-09-29 20:00:00", "calendarYear": "1998", "period": "FY", "revenue": 1293600000, "costOfRevenue": 879300000, "grossProfit": 414300000, "grossProfitRatio": 0.3202690167, "researchAndDevelopmentExpenses": 0, "generalAndAdministrativeExpenses": 0, "sellingAndMarketingExpenses": 0, "sellingGeneralAndAdministrativeExpenses": 229500000, "otherExpenses": 70800000, "operatingExpenses": 300300000, "costAndExpenses": 1179600000, "interestIncome": 0, "interestExpense": 0, "depreciationAndAmortization": 70800000, "ebitda": 183800000, "ebitdaratio": 0.1420841064, "operatingIncome": 114000000, "operatingIncomeRatio": 0.0881261596, "totalOtherIncomeExpensesNet": 1000000, "incomeBeforeTax": 74600000, "incomeBeforeTaxRatio": 0.057668522, "incomeTaxExpense": 32600000, "netIncome": 42000000, "netIncomeRatio": 0.0324675325, "eps": 0.61, "epsdiluted": 0.6, "weightedAverageShsOut": 69655172, "weightedAverageShsOutDil": 70000000, "link": "", "finalLink": "", "calculatedOtherExpenses": 70800000, "calculatedOperatingExpenses": 300300000, "calculatedNetInterest": 0, "calculatedOtherIncome": -39400000, "calculatedIncomeNonControlling": 0, "calculatedEbitda": 184800000}, {"date": "1997-09-30", "symbol": "WRK", "reportedCurrency": "USD", "cik": "0001732845", "fillingDate": "1997-09-30", "acceptedDate": "1997-09-29 20:00:00", "calendarYear": "1997", "period": "FY", "revenue": 1109700000, "costOfRevenue": 786300000, "grossProfit": 323400000, "grossProfitRatio": 0.2914301162, "researchAndDevelopmentExpenses": 0, "generalAndAdministrativeExpenses": 0, "sellingAndMarketingExpenses": 0, "sellingGeneralAndAdministrativeExpenses": 197100000, "otherExpenses": 62100000, "operatingExpenses": 259200000, "costAndExpenses": 1045500000, "interestIncome": 0, "interestExpense": 0, "depreciationAndAmortization": 62100000, "ebitda": 125600000, "ebitdaratio": 0.1131837434, "operatingIncome": 64200000, "operatingIncomeRatio": 0.0578534739, "totalOtherIncomeExpensesNet": 700000, "incomeBeforeTax": 37800000, "incomeBeforeTaxRatio": 0.0340632603, "incomeTaxExpense": 21700000, "netIncome": 16100000, "netIncomeRatio": 0.0145084257, "eps": 0.24, "epsdiluted": 0.24, "weightedAverageShsOut": 68510638, "weightedAverageShsOutDil": 71111111, "link": "", "finalLink": "", "calculatedOtherExpenses": 62100000, "calculatedOperatingExpenses": 259200000, "calculatedNetInterest": 0, "calculatedOtherIncome": -26400000, "calculatedIncomeNonControlling": 0, "calculatedEbitda": 126300000}, {"date": "1996-09-30", "symbol": "WRK", "reportedCurrency": "USD", "cik": "0001732845", "fillingDate": "1996-09-30", "acceptedDate": "1996-09-29 20:00:00", "calendarYear": "1996", "period": "FY", "revenue": 876100000, "costOfRevenue": 583600000, "grossProfit": 292500000, "grossProfitRatio": 0.333865997, "researchAndDevelopmentExpenses": 0, "generalAndAdministrativeExpenses": 0, "sellingAndMarketingExpenses": 0, "sellingGeneralAndAdministrativeExpenses": 151800000, "otherExpenses": 48600000, "operatingExpenses": 200400000, "costAndExpenses": 784000000, "interestIncome": 0, "interestExpense": 0, "depreciationAndAmortization": 48600000, "ebitda": 139400000, "ebitdaratio": 0.1591142564, "operatingIncome": 92100000, "operatingIncomeRatio": 0.1051249857, "totalOtherIncomeExpensesNet": 1300000, "incomeBeforeTax": 82400000, "incomeBeforeTaxRatio": 0.0940531903, "incomeTaxExpense": 31300000, "netIncome": 51100000, "netIncomeRatio": 0.058326675, "eps": 0.7, "epsdiluted": 0.68, "weightedAverageShsOut": 73000000, "weightedAverageShsOutDil": 74946667, "link": "", "finalLink": "", "calculatedOtherExpenses": 48600000, "calculatedOperatingExpenses": 200400000, "calculatedNetInterest": 0, "calculatedOtherIncome": -9700000, "calculatedIncomeNonControlling": 0, "calculatedEbitda": 140700000}, {"date": "1995-09-30", "symbol": "WRK", "reportedCurrency": "USD", "cik": "0001732845", "fillingDate": "1995-09-30", "acceptedDate": "1995-09-29 20:00:00", "calendarYear": "1995", "period": "FY", "revenue": 902900000, "costOfRevenue": 644200000, "grossProfit": 258700000, "grossProfitRatio": 0.2865212094, "researchAndDevelopmentExpenses": 0, "generalAndAdministrativeExpenses": 0, "sellingAndMarketingExpenses": 0, "sellingGeneralAndAdministrativeExpenses": 139500000, "otherExpenses": 43200000, "operatingExpenses": 182700000, "costAndExpenses": 826900000, "interestIncome": 0, "interestExpense": 0, "depreciationAndAmortization": 43200000, "ebitda": 118900000, "ebitdaratio": 0.131686787, "operatingIncome": 76000000, "operatingIncomeRatio": 0.0841732196, "totalOtherIncomeExpensesNet": 300000, "incomeBeforeTax": 67900000, "incomeBeforeTaxRatio": 0.0752021265, "incomeTaxExpense": 26500000, "netIncome": 41400000, "netIncomeRatio": 0.0458522538, "eps": 0.55, "epsdiluted": 0.55, "weightedAverageShsOut": 75272727, "weightedAverageShsOutDil": 75272727, "link": "", "finalLink": "", "calculatedOtherExpenses": 43200000, "calculatedOperatingExpenses": 182700000, "calculatedNetInterest": 0, "calculatedOtherIncome": -8100000, "calculatedIncomeNonControlling": 0, "calculatedEbitda": 119200000}, {"date": "1994-09-30", "symbol": "WRK", "reportedCurrency": "USD", "cik": "0001732845", "fillingDate": "1994-09-30", "acceptedDate": "1994-09-29 20:00:00", "calendarYear": "1994", "period": "FY", "revenue": 705800000, "costOfRevenue": 494800000, "grossProfit": 211000000, "grossProfitRatio": 0.2989515443, "researchAndDevelopmentExpenses": 0, "generalAndAdministrativeExpenses": 0, "sellingAndMarketingExpenses": 0, "sellingGeneralAndAdministrativeExpenses": 113500000, "otherExpenses": 34300000, "operatingExpenses": 147800000, "costAndExpenses": 642600000, "interestIncome": 0, "interestExpense": 0, "depreciationAndAmortization": 34300000, "ebitda": 97000000, "ebitdaratio": 0.1374327005, "operatingIncome": 63200000, "operatingIncomeRatio": 0.0895437801, "totalOtherIncomeExpensesNet": 500000, "incomeBeforeTax": 61000000, "incomeBeforeTaxRatio": 0.0864267498, "incomeTaxExpense": 23500000, "netIncome": 37500000, "netIncomeRatio": 0.0531311986, "eps": 0.5, "epsdiluted": 0.5, "weightedAverageShsOut": 75000000, "weightedAverageShsOutDil": 75000000, "link": "", "finalLink": "", "calculatedOtherExpenses": 34300000, "calculatedOperatingExpenses": 147800000, "calculatedNetInterest": 0, "calculatedOtherIncome": -2200000, "calculatedIncomeNonControlling": 0, "calculatedEbitda": 97500000}, {"date": "1993-09-30", "symbol": "WRK", "reportedCurrency": "USD", "cik": "0001732845", "fillingDate": "1993-09-30", "acceptedDate": "1993-09-29 20:00:00", "calendarYear": "1993", "period": "FY", "revenue": 650700000, "costOfRevenue": 463500000, "grossProfit": 187200000, "grossProfitRatio": 0.2876901798, "researchAndDevelopmentExpenses": 0, "generalAndAdministrativeExpenses": 0, "sellingAndMarketingExpenses": 0, "sellingGeneralAndAdministrativeExpenses": 102000000, "otherExpenses": 29100000, "operatingExpenses": 131100000, "costAndExpenses": 594600000, "interestIncome": 0, "interestExpense": 0, "depreciationAndAmortization": 29100000, "ebitda": 95800000, "ebitdaratio": 0.1472260642, "operatingIncome": 56100000, "operatingIncomeRatio": 0.0862148456, "totalOtherIncomeExpensesNet": -10600000, "incomeBeforeTax": 41500000, "incomeBeforeTaxRatio": 0.0637774704, "incomeTaxExpense": 16000000, "netIncome": 25500000, "netIncomeRatio": 0.0391885662, "eps": 0.35, "epsdiluted": 0.35, "weightedAverageShsOut": 72947368, "weightedAverageShsOutDil": 72947368, "link": "", "finalLink": "", "calculatedOtherExpenses": 29100000, "calculatedOperatingExpenses": 131100000, "calculatedNetInterest": 0, "calculatedOtherIncome": -14600000, "calculatedIncomeNonControlling": 0, "calculatedEbitda": 85200000}, {"date": "1992-09-30", "symbol": "WRK", "reportedCurrency": "USD", "cik": "0001732845", "fillingDate": "1992-09-30", "acceptedDate": "1992-09-29 20:00:00", "calendarYear": "1992", "period": "FY", "revenue": 655500000, "costOfRevenue": 464200000, "grossProfit": 191300000, "grossProfitRatio": 0.2918382914, "researchAndDevelopmentExpenses": 0, "generalAndAdministrativeExpenses": 0, "sellingAndMarketingExpenses": 0, "sellingGeneralAndAdministrativeExpenses": 103300000, "otherExpenses": 28900000, "operatingExpenses": 132200000, "costAndExpenses": 596400000, "interestIncome": 0, "interestExpense": 0, "depreciationAndAmortization": 28900000, "ebitda": 87600000, "ebitdaratio": 0.1336384439, "operatingIncome": 59100000, "operatingIncomeRatio": 0.0901601831, "totalOtherIncomeExpensesNet": 400000, "incomeBeforeTax": 55700000, "incomeBeforeTaxRatio": 0.0849733028, "incomeTaxExpense": 22500000, "netIncome": 33200000, "netIncomeRatio": 0.05064836, "eps": 0.46, "epsdiluted": 0.46, "weightedAverageShsOut": 71663366, "weightedAverageShsOutDil": 71663366, "link": "", "finalLink": "", "calculatedOtherExpenses": 28900000, "calculatedOperatingExpenses": 132200000, "calculatedNetInterest": 0, "calculatedOtherIncome": -3400000, "calculatedIncomeNonControlling": 0, "calculatedEbitda": 88000000}]}