{"originalCurrency": "USD", "convertedCurrency": "USD", "report": [{"date": "2023-12-31", "symbol": "WSC", "reportedCurrency": "USD", "cik": "0001647088", "fillingDate": "2024-02-20", "acceptedDate": "2024-02-20 17:02:25", "calendarYear": "2023", "period": "FY", "revenue": 2364767000, "costOfRevenue": 1030897000, "grossProfit": 1333870000, "grossProfitRatio": 0.5640597995, "researchAndDevelopmentExpenses": 0, "generalAndAdministrativeExpenses": 0, "sellingAndMarketingExpenses": 0, "sellingGeneralAndAdministrativeExpenses": 596090000, "otherExpenses": 0, "operatingExpenses": 653657000, "costAndExpenses": 1684554000, "interestIncome": 0, "interestExpense": 205040000, "depreciationAndAmortization": 338654000, "ebitda": 1018867000, "ebitdaratio": 0.4308530185, "operatingIncome": 673459000, "operatingIncomeRatio": 0.2847887339, "totalOtherIncomeExpensesNet": -6754000, "incomeBeforeTax": 468419000, "incomeBeforeTaxRatio": 0.1980825172, "incomeTaxExpense": 126575000, "netIncome": 476457000, "netIncomeRatio": 0.2014815836, "eps": 1.51, "epsdiluted": 1.49, "weightedAverageShsOut": 198554885, "weightedAverageShsOutDil": 201849836, "link": "https://www.sec.gov/Archives/edgar/data/1647088/000164708824000030/0001647088-24-000030-index.htm", "finalLink": "https://www.sec.gov/Archives/edgar/data/1647088/000164708824000030/wsc-20231231.htm", "calculatedOtherExpenses": 64321000, "calculatedOperatingExpenses": 660411000, "calculatedNetInterest": -205040000, "calculatedOtherIncome": 0, "calculatedIncomeNonControlling": -134613000, "calculatedEbitda": 1012113000}, {"date": "2022-12-31", "symbol": "WSC", "reportedCurrency": "USD", "cik": "0001647088", "fillingDate": "2023-02-22", "acceptedDate": "2023-02-22 11:59:56", "calendarYear": "2022", "period": "FY", "revenue": 2142623000, "costOfRevenue": 1007141000, "grossProfit": 1135482000, "grossProfitRatio": 0.5299495058, "researchAndDevelopmentExpenses": 0, "generalAndAdministrativeExpenses": 0, "sellingAndMarketingExpenses": 0, "sellingGeneralAndAdministrativeExpenses": 567214000, "otherExpenses": 55707000, "operatingExpenses": 622921000, "costAndExpenses": 1630062000, "interestIncome": 146278000, "interestExpense": 146278000, "depreciationAndAmortization": 63459000, "ebitda": 574941000, "ebitdaratio": 0.2683351201, "operatingIncome": 511482000, "operatingIncomeRatio": 0.2387176839, "totalOtherIncomeExpensesNet": -146278000, "incomeBeforeTax": 365204000, "incomeBeforeTaxRatio": 0.1704471575, "incomeTaxExpense": 88863000, "netIncome": 339540000, "netIncomeRatio": 0.1584693154, "eps": 1.4, "epsdiluted": 1.37, "weightedAverageShsOut": 216808577, "weightedAverageShsOutDil": 221399162, "link": "https://www.sec.gov/Archives/edgar/data/1647088/000164708823000014/0001647088-23-000014-index.htm", "finalLink": "https://www.sec.gov/Archives/edgar/data/1647088/000164708823000014/wsc-20221231.htm", "calculatedOtherExpenses": 56786000, "calculatedOperatingExpenses": 624000000, "calculatedNetInterest": 0, "calculatedOtherIncome": -146278000, "calculatedIncomeNonControlling": -63199000, "calculatedEbitda": 574941000}, {"date": "2021-12-31", "symbol": "WSC", "reportedCurrency": "USD", "cik": "0001647088", "fillingDate": "2022-02-25", "acceptedDate": "2022-02-25 11:19:04", "calendarYear": "2021", "period": "FY", "revenue": 1894897000, "costOfRevenue": 926689000, "grossProfit": 968208000, "grossProfitRatio": 0.5109554767, "researchAndDevelopmentExpenses": 0, "generalAndAdministrativeExpenses": 0, "sellingAndMarketingExpenses": 0, "sellingGeneralAndAdministrativeExpenses": 511446000, "otherExpenses": 79810000, "operatingExpenses": 591256000, "costAndExpenses": 1517945000, "interestIncome": 116358000, "interestExpense": 117987000, "depreciationAndAmortization": 94709000, "ebitda": 454982000, "ebitdaratio": 0.240109093, "operatingIncome": 360273000, "operatingIncomeRatio": 0.1901280122, "totalOtherIncomeExpensesNet": -150583000, "incomeBeforeTax": 209690000, "incomeBeforeTaxRatio": 0.1106603683, "incomeTaxExpense": 49546000, "netIncome": 160144000, "netIncomeRatio": 0.0845133007, "eps": 0.71, "epsdiluted": 0.69, "weightedAverageShsOut": 226518931, "weightedAverageShsOutDil": 232793902, "link": "https://www.sec.gov/Archives/edgar/data/1647088/000164708822000009/0001647088-22-000009-index.htm", "finalLink": "https://www.sec.gov/Archives/edgar/data/1647088/000164708822000009/wsc-20211231.htm", "calculatedOtherExpenses": 96489000, "calculatedOperatingExpenses": 607935000, "calculatedNetInterest": -1629000, "calculatedOtherIncome": -148954000, "calculatedIncomeNonControlling": 0, "calculatedEbitda": 454982000}, {"date": "2020-12-31", "symbol": "WSC", "reportedCurrency": "USD", "cik": "0001647088", "fillingDate": "2021-02-26", "acceptedDate": "2021-02-26 11:08:09", "calendarYear": "2020", "period": "FY", "revenue": 1367645000, "costOfRevenue": 707672000, "grossProfit": 659973000, "grossProfitRatio": 0.4825616297, "researchAndDevelopmentExpenses": 0, "generalAndAdministrativeExpenses": 0, "sellingAndMarketingExpenses": 0, "sellingGeneralAndAdministrativeExpenses": 360626000, "otherExpenses": 41531000, "operatingExpenses": 402157000, "costAndExpenses": 1109829000, "interestIncome": 119319000, "interestExpense": 119886000, "depreciationAndAmortization": 246948000, "ebitda": 504764000, "ebitdaratio": 0.3690753083, "operatingIncome": 257816000, "operatingIncomeRatio": 0.1885109074, "totalOtherIncomeExpensesNet": -237388000, "incomeBeforeTax": 20428000, "incomeBeforeTaxRatio": 0.0149366246, "incomeTaxExpense": -51451000, "netIncome": 74127000, "netIncomeRatio": 0.0542004687, "eps": 0.44, "epsdiluted": 0.25, "weightedAverageShsOut": 169230177, "weightedAverageShsOutDil": 177268383, "link": "https://www.sec.gov/Archives/edgar/data/1647088/000164708821000015/0001647088-21-000015-index.htm", "finalLink": "https://www.sec.gov/Archives/edgar/data/1647088/000164708821000015/wsc-20201231.htm", "calculatedOtherExpenses": 41531000, "calculatedOperatingExpenses": 402157000, "calculatedNetInterest": -567000, "calculatedOtherIncome": -236821000, "calculatedIncomeNonControlling": -2248000, "calculatedEbitda": 504764000}, {"date": "2019-12-31", "symbol": "WSC", "reportedCurrency": "USD", "cik": "0001647088", "fillingDate": "2020-03-02", "acceptedDate": "2020-03-02 10:25:00", "calendarYear": "2019", "period": "FY", "revenue": 1063665000, "costOfRevenue": 650352000, "grossProfit": 413313000, "grossProfitRatio": 0.3885744102, "researchAndDevelopmentExpenses": 0, "generalAndAdministrativeExpenses": 0, "sellingAndMarketingExpenses": 0, "sellingGeneralAndAdministrativeExpenses": 271004000, "otherExpenses": 10195000, "operatingExpenses": 281199000, "costAndExpenses": 931551000, "interestIncome": 122504000, "interestExpense": 122504000, "depreciationAndAmortization": 204025000, "ebitda": 321550000, "ebitdaratio": 0.3023038269, "operatingIncome": 117525000, "operatingIncomeRatio": 0.110490615, "totalOtherIncomeExpensesNet": -131259000, "incomeBeforeTax": -13734000, "incomeBeforeTaxRatio": -0.0129119601, "incomeTaxExpense": -2191000, "netIncome": -11543000, "netIncomeRatio": -0.010852101, "eps": -0.11, "epsdiluted": -0.11, "weightedAverageShsOut": 108683820, "weightedAverageShsOutDil": 108683820, "link": "https://www.sec.gov/Archives/edgar/data/1647088/000164708820000010/0001647088-20-000010-index.htm", "finalLink": "https://www.sec.gov/Archives/edgar/data/1647088/000164708820000010/wsc-20191231.htm", "calculatedOtherExpenses": 24784000, "calculatedOperatingExpenses": 295788000, "calculatedNetInterest": 0, "calculatedOtherIncome": -131259000, "calculatedIncomeNonControlling": 0, "calculatedEbitda": 321550000}, {"date": "2018-12-31", "symbol": "WSC", "reportedCurrency": "USD", "cik": "0001647088", "fillingDate": "2019-03-15", "acceptedDate": "2019-03-15 11:41:04", "calendarYear": "2018", "period": "FY", "revenue": 751412000, "costOfRevenue": 462028000, "grossProfit": 289384000, "grossProfitRatio": 0.3851202802, "researchAndDevelopmentExpenses": 0, "generalAndAdministrativeExpenses": 254871000, "sellingAndMarketingExpenses": 0, "sellingGeneralAndAdministrativeExpenses": 254871000, "otherExpenses": 4574000, "operatingExpenses": 263601000, "costAndExpenses": 725629000, "interestIncome": -12232000, "interestExpense": 70281000, "depreciationAndAmortization": 136467000, "ebitda": 134098000, "ebitdaratio": 0.1784613501, "operatingIncome": 6261000, "operatingIncomeRatio": 0.008332313, "totalOtherIncomeExpensesNet": -19522000, "incomeBeforeTax": -92172000, "incomeBeforeTaxRatio": -0.1226650626, "incomeTaxExpense": -38600000, "netIncome": -49040000, "netIncomeRatio": -0.0652637967, "eps": -0.56, "epsdiluted": -0.55, "weightedAverageShsOut": 87209605, "weightedAverageShsOutDil": 88950564, "link": "https://www.sec.gov/Archives/edgar/data/1647088/000162828019002990/0001628280-19-002990-index.htm", "finalLink": "https://www.sec.gov/Archives/edgar/data/1647088/000162828019002990/wsc-20181231.htm", "calculatedOtherExpenses": 28252000, "calculatedOperatingExpenses": 283123000, "calculatedNetInterest": -82513000, "calculatedOtherIncome": -15920000, "calculatedIncomeNonControlling": -4532000, "calculatedEbitda": 142728000}, {"date": "2017-12-31", "symbol": "WSC", "reportedCurrency": "USD", "cik": "0001647088", "fillingDate": "2018-03-16", "acceptedDate": "2018-03-16 10:32:49", "calendarYear": "2017", "period": "FY", "revenue": 445942000, "costOfRevenue": 280372000, "grossProfit": 165570000, "grossProfitRatio": 0.3712814671, "researchAndDevelopmentExpenses": 0, "generalAndAdministrativeExpenses": 162351000, "sellingAndMarketingExpenses": 0, "sellingGeneralAndAdministrativeExpenses": 162351000, "otherExpenses": -2827000, "operatingExpenses": 173831000, "costAndExpenses": 454203000, "interestIncome": 12232000, "interestExpense": 119308000, "depreciationAndAmortization": 107876000, "ebitda": 111847000, "ebitdaratio": 0.2508106435, "operatingIncome": -58322000, "operatingIncomeRatio": -0.1307838239, "totalOtherIncomeExpensesNet": -50061000, "incomeBeforeTax": -165398000, "incomeBeforeTaxRatio": -0.3708957667, "incomeTaxExpense": -936000, "netIncome": -147702000, "netIncomeRatio": -0.3312134762, "eps": -7.47, "epsdiluted": -7.47, "weightedAverageShsOut": 19760189, "weightedAverageShsOutDil": 19760189, "link": "https://www.sec.gov/Archives/edgar/data/1647088/000164708818000006/0001647088-18-000006-index.htm", "finalLink": "https://www.sec.gov/Archives/edgar/data/1647088/000164708818000006/wsc123117-10k.htm", "calculatedOtherExpenses": 61541000, "calculatedOperatingExpenses": 223892000, "calculatedNetInterest": -107076000, "calculatedOtherIncome": 0, "calculatedIncomeNonControlling": -16760000, "calculatedEbitda": 49554000}, {"date": "2016-12-31", "symbol": "WSC", "reportedCurrency": "USD", "cik": "0001647088", "fillingDate": "2017-03-16", "acceptedDate": "2017-03-16 16:13:14", "calendarYear": "2016", "period": "FY", "revenue": 0, "costOfRevenue": 0, "grossProfit": 0, "grossProfitRatio": 0, "researchAndDevelopmentExpenses": 0, "generalAndAdministrativeExpenses": 688567, "sellingAndMarketingExpenses": 0, "sellingGeneralAndAdministrativeExpenses": 688567, "otherExpenses": 0, "operatingExpenses": 688567, "costAndExpenses": 688567, "interestIncome": 1251227, "interestExpense": 0, "depreciationAndAmortization": 0, "ebitda": -688567, "ebitdaratio": 0, "operatingIncome": -688567, "operatingIncomeRatio": 0, "totalOtherIncomeExpensesNet": 1251227, "incomeBeforeTax": 562660, "incomeBeforeTaxRatio": 0, "incomeTaxExpense": 0, "netIncome": 562660, "netIncomeRatio": 0, "eps": 0.05, "epsdiluted": 0.01, "weightedAverageShsOut": 14845029, "weightedAverageShsOutDil": 62500000, "link": "https://www.sec.gov/Archives/edgar/data/1647088/000114420417015086/0001144204-17-015086-index.htm", "finalLink": "https://www.sec.gov/Archives/edgar/data/1647088/000114420417015086/v461548_10k.htm", "calculatedOtherExpenses": 0, "calculatedOperatingExpenses": 688567, "calculatedNetInterest": 1251227, "calculatedOtherIncome": 0, "calculatedIncomeNonControlling": 0, "calculatedEbitda": -688567}, {"date": "2015-12-31", "symbol": "WSC", "reportedCurrency": "USD", "cik": "0001647088", "fillingDate": "2016-03-30", "acceptedDate": "2016-03-30 15:14:40", "calendarYear": "2015", "period": "FY", "revenue": 453335000, "costOfRevenue": 290395000, "grossProfit": 162940000, "grossProfitRatio": 0.3594251492, "researchAndDevelopmentExpenses": 0, "generalAndAdministrativeExpenses": 139355000, "sellingAndMarketingExpenses": 0, "sellingGeneralAndAdministrativeExpenses": 139355000, "otherExpenses": 22675000, "operatingExpenses": 162030000, "costAndExpenses": 452425000, "interestIncome": 9778000, "interestExpense": 92028000, "depreciationAndAmortization": 136892000, "ebitda": 147580000, "ebitdaratio": 0.3255429208, "operatingIncome": -20772000, "operatingIncomeRatio": -0.0458204198, "totalOtherIncomeExpensesNet": -21682000, "incomeBeforeTax": -103022000, "incomeBeforeTaxRatio": -0.2272535763, "incomeTaxExpense": -34069000, "netIncome": -71587000, "netIncomeRatio": -0.1579119194, "eps": -1.43, "epsdiluted": -1.43, "weightedAverageShsOut": 50000000, "weightedAverageShsOutDil": 50000000, "link": "https://www.sec.gov/Archives/edgar/data/1647088/000114420416091401/0001144204-16-091401-index.htm", "finalLink": "https://www.sec.gov/Archives/edgar/data/1647088/000114420416091401/v435353_10k.htm", "calculatedOtherExpenses": 44357000, "calculatedOperatingExpenses": 183712000, "calculatedNetInterest": -82250000, "calculatedOtherIncome": 0, "calculatedIncomeNonControlling": 2634000, "calculatedEbitda": 116120000}]}