{"originalCurrency": "USD", "convertedCurrency": "USD", "report": [{"date": "2023-12-31", "symbol": "WSFS", "reportedCurrency": "USD", "cik": "0000828944", "fillingDate": "2023-12-31", "acceptedDate": "2023-12-29 19:00:00", "calendarYear": "2023", "period": "FY", "revenue": 1266064000, "costOfRevenue": 0, "grossProfit": 1266064000, "grossProfitRatio": 1, "researchAndDevelopmentExpenses": 0, "generalAndAdministrativeExpenses": 305080000, "sellingAndMarketingExpenses": 7914000, "sellingGeneralAndAdministrativeExpenses": 312994000, "otherExpenses": -188244000, "operatingExpenses": 188244000, "costAndExpenses": 901024000, "interestIncome": 976522000, "interestExpense": 41599000, "depreciationAndAmortization": 48602000, "ebitda": 131000, "ebitdaratio": 0.0001034703, "operatingIncome": 131000, "operatingIncomeRatio": 0.0001034703, "totalOtherIncomeExpensesNet": 365270000, "incomeBeforeTax": 365270000, "incomeBeforeTaxRatio": 0.2885083219, "incomeTaxExpense": 96245000, "netIncome": 269156000, "netIncomeRatio": 0.2125927283, "eps": 4.4, "epsdiluted": 4.4, "weightedAverageShsOut": 61108000, "weightedAverageShsOutDil": 61221000, "link": null, "finalLink": null, "calculatedOtherExpenses": 952939000, "calculatedOperatingExpenses": 1265933000, "calculatedNetInterest": 934923000, "calculatedOtherIncome": -569784000, "calculatedIncomeNonControlling": -131000, "calculatedEbitda": 48733000}, {"date": "2022-12-31", "symbol": "WSFS", "reportedCurrency": "USD", "cik": "0000828944", "fillingDate": "2023-02-28", "acceptedDate": "2023-02-28 16:22:35", "calendarYear": "2022", "period": "FY", "revenue": 923024000, "costOfRevenue": 0, "grossProfit": 923024000, "grossProfitRatio": 1, "researchAndDevelopmentExpenses": 0, "generalAndAdministrativeExpenses": 290003000, "sellingAndMarketingExpenses": 7230000, "sellingGeneralAndAdministrativeExpenses": 297233000, "otherExpenses": -207316000, "operatingExpenses": 89917000, "costAndExpenses": 89917000, "interestIncome": 703815000, "interestExpense": 40925000, "depreciationAndAmortization": 42553000, "ebitda": 383814000, "ebitdaratio": 0.4158223405, "operatingIncome": 341261000, "operatingIncomeRatio": 0.369720614, "totalOtherIncomeExpensesNet": -40652000, "incomeBeforeTax": 300609000, "incomeBeforeTaxRatio": 0.3256784222, "incomeTaxExpense": 77961000, "netIncome": 222375000, "netIncomeRatio": 0.2409200628, "eps": 3.5, "epsdiluted": 3.49, "weightedAverageShsOut": 63453000, "weightedAverageShsOutDil": 63659000, "link": "https://www.sec.gov/Archives/edgar/data/828944/000162828023005573/0001628280-23-005573-index.htm", "finalLink": "https://www.sec.gov/Archives/edgar/data/828944/000162828023005573/wsfs-20221231.htm", "calculatedOtherExpenses": 284530000, "calculatedOperatingExpenses": 581763000, "calculatedNetInterest": 662890000, "calculatedOtherIncome": -703542000, "calculatedIncomeNonControlling": 273000, "calculatedEbitda": 383814000}, {"date": "2021-12-31", "symbol": "WSFS", "reportedCurrency": "USD", "cik": "0000828944", "fillingDate": "2022-03-01", "acceptedDate": "2022-03-01 12:45:45", "calendarYear": "2021", "period": "FY", "revenue": 619129000, "costOfRevenue": 0, "grossProfit": 619129000, "grossProfitRatio": 1, "researchAndDevelopmentExpenses": 0, "generalAndAdministrativeExpenses": 243998000, "sellingAndMarketingExpenses": 5413000, "sellingGeneralAndAdministrativeExpenses": 249411000, "otherExpenses": -511003000, "operatingExpenses": -261592000, "costAndExpenses": -261592000, "interestIncome": 456369000, "interestExpense": 22720000, "depreciationAndAmortization": 37837000, "ebitda": 395374000, "ebitdaratio": 0.638597126, "operatingIncome": 357537000, "operatingIncomeRatio": 0.5774838523, "totalOtherIncomeExpensesNet": 163000, "incomeBeforeTax": 357700000, "incomeBeforeTaxRatio": 0.5777471254, "incomeTaxExpense": 86095000, "netIncome": 271442000, "netIncomeRatio": 0.4384255947, "eps": 5.71, "epsdiluted": 5.69, "weightedAverageShsOut": 47539000, "weightedAverageShsOutDil": 47703000, "link": "https://www.sec.gov/Archives/edgar/data/828944/000162828022004404/0001628280-22-004404-index.htm", "finalLink": "https://www.sec.gov/Archives/edgar/data/828944/000162828022004404/wsfs-20211231.htm", "calculatedOtherExpenses": 12181000, "calculatedOperatingExpenses": 261592000, "calculatedNetInterest": 433649000, "calculatedOtherIncome": -433486000, "calculatedIncomeNonControlling": 163000, "calculatedEbitda": 395374000}, {"date": "2020-12-31", "symbol": "WSFS", "reportedCurrency": "USD", "cik": "0000828944", "fillingDate": "2021-03-01", "acceptedDate": "2021-03-01 16:36:25", "calendarYear": "2020", "period": "FY", "revenue": 666980000, "costOfRevenue": 0, "grossProfit": 666980000, "grossProfitRatio": 1, "researchAndDevelopmentExpenses": 0, "generalAndAdministrativeExpenses": 213393000, "sellingAndMarketingExpenses": 5677000, "sellingGeneralAndAdministrativeExpenses": 219070000, "otherExpenses": -739640000, "operatingExpenses": -520570000, "costAndExpenses": -520570000, "interestIncome": 514405000, "interestExpense": 48450000, "depreciationAndAmortization": 38198000, "ebitda": 184608000, "ebitdaratio": 0.2767819125, "operatingIncome": 146410000, "operatingIncomeRatio": 0.2195118294, "totalOtherIncomeExpensesNet": -1454000, "incomeBeforeTax": 144956000, "incomeBeforeTaxRatio": 0.217331854, "incomeTaxExpense": 31636000, "netIncome": 114774000, "netIncomeRatio": 0.1720801223, "eps": 2.27, "epsdiluted": 2.27, "weightedAverageShsOut": 50510000, "weightedAverageShsOutDil": 50547000, "link": "https://www.sec.gov/Archives/edgar/data/828944/000082894421000007/0000828944-21-000007-index.htm", "finalLink": "https://www.sec.gov/Archives/edgar/data/828944/000082894421000007/wsfs-20201231.htm", "calculatedOtherExpenses": 301500000, "calculatedOperatingExpenses": 520570000, "calculatedNetInterest": 465955000, "calculatedOtherIncome": -467409000, "calculatedIncomeNonControlling": -1454000, "calculatedEbitda": 184608000}, {"date": "2019-12-31", "symbol": "WSFS", "reportedCurrency": "USD", "cik": "0000828944", "fillingDate": "2020-03-02", "acceptedDate": "2020-03-02 17:11:56", "calendarYear": "2019", "period": "FY", "revenue": 633057000, "costOfRevenue": 0, "grossProfit": 633057000, "grossProfitRatio": 1, "researchAndDevelopmentExpenses": 0, "generalAndAdministrativeExpenses": 253117000, "sellingAndMarketingExpenses": 6714000, "sellingGeneralAndAdministrativeExpenses": 259831000, "otherExpenses": -697627000, "operatingExpenses": -437796000, "costAndExpenses": -437796000, "interestIncome": 521092000, "interestExpense": 76144000, "depreciationAndAmortization": 49815000, "ebitda": 245076000, "ebitdaratio": 0.3871310166, "operatingIncome": 195261000, "operatingIncomeRatio": 0.30844142, "totalOtherIncomeExpensesNet": -891000, "incomeBeforeTax": 194370000, "incomeBeforeTaxRatio": 0.3070339638, "incomeTaxExpense": 46452000, "netIncome": 148809000, "netIncomeRatio": 0.2350641411, "eps": 3.02, "epsdiluted": 3, "weightedAverageShsOut": 49298000, "weightedAverageShsOutDil": 49554000, "link": "https://www.sec.gov/Archives/edgar/data/828944/000082894420000009/0000828944-20-000009-index.htm", "finalLink": "https://www.sec.gov/Archives/edgar/data/828944/000082894420000009/wsfs-20191231.htm", "calculatedOtherExpenses": 177965000, "calculatedOperatingExpenses": 437796000, "calculatedNetInterest": 444948000, "calculatedOtherIncome": -445839000, "calculatedIncomeNonControlling": -891000, "calculatedEbitda": 245076000}, {"date": "2018-12-31", "symbol": "WSFS", "reportedCurrency": "USD", "cik": "0000828944", "fillingDate": "2019-02-28", "acceptedDate": "2019-02-28 17:01:28", "calendarYear": "2018", "period": "FY", "revenue": 409015000, "costOfRevenue": 0, "grossProfit": 409015000, "grossProfitRatio": 1, "researchAndDevelopmentExpenses": 0, "generalAndAdministrativeExpenses": 139313000, "sellingAndMarketingExpenses": 4586000, "sellingGeneralAndAdministrativeExpenses": 143899000, "otherExpenses": -335617000, "operatingExpenses": -191718000, "costAndExpenses": -191718000, "interestIncome": 292973000, "interestExpense": 46499000, "depreciationAndAmortization": 11271000, "ebitda": 228568000, "ebitdaratio": 0.5588254709, "operatingIncome": 217297000, "operatingIncomeRatio": 0.5312690244, "totalOtherIncomeExpensesNet": -46499000, "incomeBeforeTax": 170798000, "incomeBeforeTaxRatio": 0.4175837072, "incomeTaxExpense": 36055000, "netIncome": 134743000, "netIncomeRatio": 0.3294329059, "eps": 4.27, "epsdiluted": 4.19, "weightedAverageShsOut": 31570000, "weightedAverageShsOutDil": 32167000, "link": "https://www.sec.gov/Archives/edgar/data/828944/000082894419000013/0000828944-19-000013-index.htm", "finalLink": "https://www.sec.gov/Archives/edgar/data/828944/000082894419000013/wsfs-1231201810k.htm", "calculatedOtherExpenses": 47819000, "calculatedOperatingExpenses": 191718000, "calculatedNetInterest": 246474000, "calculatedOtherIncome": -292973000, "calculatedIncomeNonControlling": 0, "calculatedEbitda": 228568000}, {"date": "2017-12-31", "symbol": "WSFS", "reportedCurrency": "USD", "cik": "0000828944", "fillingDate": "2018-03-01", "acceptedDate": "2018-03-01 16:22:05", "calendarYear": "2017", "period": "FY", "revenue": 345915000, "costOfRevenue": 0, "grossProfit": 345915000, "grossProfitRatio": 1, "researchAndDevelopmentExpenses": 0, "generalAndAdministrativeExpenses": 124249000, "sellingAndMarketingExpenses": 3083000, "sellingGeneralAndAdministrativeExpenses": 127332000, "otherExpenses": 0, "operatingExpenses": 0, "costAndExpenses": 0, "interestIncome": 254726000, "interestExpense": 33455000, "depreciationAndAmortization": 11635000, "ebitda": 120125000, "ebitdaratio": 0.3472673923, "operatingIncome": 108490000, "operatingIncomeRatio": 0.3136319616, "totalOtherIncomeExpensesNet": 0, "incomeBeforeTax": 108490000, "incomeBeforeTaxRatio": 0.3136319616, "incomeTaxExpense": 58246000, "netIncome": 50244000, "netIncomeRatio": 0.1452495555, "eps": 1.6, "epsdiluted": 1.56, "weightedAverageShsOut": 31419000, "weightedAverageShsOutDil": 32303000, "link": "https://www.sec.gov/Archives/edgar/data/828944/000162828018002641/0001628280-18-002641-index.htm", "finalLink": "https://www.sec.gov/Archives/edgar/data/828944/000162828018002641/wsfs-1231201710k.htm", "calculatedOtherExpenses": 110093000, "calculatedOperatingExpenses": 237425000, "calculatedNetInterest": 221271000, "calculatedOtherIncome": -221271000, "calculatedIncomeNonControlling": 0, "calculatedEbitda": 120125000}, {"date": "2016-12-31", "symbol": "WSFS", "reportedCurrency": "USD", "cik": "0000828944", "fillingDate": "2017-03-01", "acceptedDate": "2017-03-01 15:27:25", "calendarYear": "2016", "period": "FY", "revenue": 296100000, "costOfRevenue": 0, "grossProfit": 296100000, "grossProfitRatio": 1, "researchAndDevelopmentExpenses": 0, "generalAndAdministrativeExpenses": 113393000, "sellingAndMarketingExpenses": 3020000, "sellingGeneralAndAdministrativeExpenses": 116413000, "otherExpenses": 0, "operatingExpenses": 0, "costAndExpenses": 0, "interestIncome": 216578000, "interestExpense": 22833000, "depreciationAndAmortization": 9915000, "ebitda": 107069000, "ebitdaratio": 0.3615974333, "operatingIncome": 97154000, "operatingIncomeRatio": 0.3281121243, "totalOtherIncomeExpensesNet": 0, "incomeBeforeTax": 97154000, "incomeBeforeTaxRatio": 0.3281121243, "incomeTaxExpense": 33074000, "netIncome": 64080000, "netIncomeRatio": 0.2164133739, "eps": 2.12, "epsdiluted": 2.06, "weightedAverageShsOut": 30276000, "weightedAverageShsOutDil": 31086000, "link": "https://www.sec.gov/Archives/edgar/data/828944/000119312517065442/0001193125-17-065442-index.htm", "finalLink": "https://www.sec.gov/Archives/edgar/data/828944/000119312517065442/d293979d10k.htm", "calculatedOtherExpenses": 82533000, "calculatedOperatingExpenses": 198946000, "calculatedNetInterest": 193745000, "calculatedOtherIncome": -193745000, "calculatedIncomeNonControlling": 0, "calculatedEbitda": 107069000}, {"date": "2015-12-31", "symbol": "WSFS", "reportedCurrency": "USD", "cik": "0000828944", "fillingDate": "2016-02-29", "acceptedDate": "2016-02-29 17:11:54", "calendarYear": "2015", "period": "FY", "revenue": 255055000, "costOfRevenue": 0, "grossProfit": 255055000, "grossProfitRatio": 1, "researchAndDevelopmentExpenses": 0, "generalAndAdministrativeExpenses": 100330000, "sellingAndMarketingExpenses": 3002000, "sellingGeneralAndAdministrativeExpenses": 103332000, "otherExpenses": 0, "operatingExpenses": 0, "costAndExpenses": 0, "interestIncome": 182576000, "interestExpense": 15776000, "depreciationAndAmortization": 8180000, "ebitda": 91986000, "ebitdaratio": 0.3606516242, "operatingIncome": 83806000, "operatingIncomeRatio": 0.3285801102, "totalOtherIncomeExpensesNet": 0, "incomeBeforeTax": 83806000, "incomeBeforeTaxRatio": 0.3285801102, "incomeTaxExpense": 30273000, "netIncome": 53533000, "netIncomeRatio": 0.2098880634, "eps": 1.8, "epsdiluted": 1.8, "weightedAverageShsOut": 28936756, "weightedAverageShsOutDil": 29762844, "link": "https://www.sec.gov/Archives/edgar/data/828944/000119312516485517/0001193125-16-485517-index.htm", "finalLink": "https://www.sec.gov/Archives/edgar/data/828944/000119312516485517/d92227d10k.htm", "calculatedOtherExpenses": 67917000, "calculatedOperatingExpenses": 171249000, "calculatedNetInterest": 166800000, "calculatedOtherIncome": -166800000, "calculatedIncomeNonControlling": 0, "calculatedEbitda": 91986000}, {"date": "2014-12-31", "symbol": "WSFS", "reportedCurrency": "USD", "cik": "0000828944", "fillingDate": "2015-03-16", "acceptedDate": "2015-03-16 17:27:16", "calendarYear": "2014", "period": "FY", "revenue": 222785000, "costOfRevenue": 0, "grossProfit": 222785000, "grossProfitRatio": 1, "researchAndDevelopmentExpenses": 0, "generalAndAdministrativeExpenses": 89176000, "sellingAndMarketingExpenses": 2403000, "sellingGeneralAndAdministrativeExpenses": 91579000, "otherExpenses": 0, "operatingExpenses": 0, "costAndExpenses": 0, "interestIncome": 160337000, "interestExpense": 15830000, "depreciationAndAmortization": 18050000, "ebitda": 89436000, "ebitdaratio": 0.4014453397, "operatingIncome": 71386000, "operatingIncomeRatio": 0.3204255224, "totalOtherIncomeExpensesNet": 0, "incomeBeforeTax": 71386000, "incomeBeforeTaxRatio": 0.3204255224, "incomeTaxExpense": 17629000, "netIncome": 53757000, "netIncomeRatio": 0.2412954194, "eps": 1.91, "epsdiluted": 1.91, "weightedAverageShsOut": 27853367, "weightedAverageShsOutDil": 28207836, "link": "https://www.sec.gov/Archives/edgar/data/828944/000119312515094071/0001193125-15-094071-index.htm", "finalLink": "https://www.sec.gov/Archives/edgar/data/828944/000119312515094071/d877399d10k.htm", "calculatedOtherExpenses": 59820000, "calculatedOperatingExpenses": 151399000, "calculatedNetInterest": 144507000, "calculatedOtherIncome": -144507000, "calculatedIncomeNonControlling": 0, "calculatedEbitda": 89436000}, {"date": "2013-12-31", "symbol": "WSFS", "reportedCurrency": "USD", "cik": "0000828944", "fillingDate": "2014-03-17", "acceptedDate": "2014-03-17 17:00:55", "calendarYear": "2013", "period": "FY", "revenue": 211739000, "costOfRevenue": 0, "grossProfit": 211739000, "grossProfitRatio": 1, "researchAndDevelopmentExpenses": 0, "generalAndAdministrativeExpenses": 80282000, "sellingAndMarketingExpenses": 2428000, "sellingGeneralAndAdministrativeExpenses": 82710000, "otherExpenses": 0, "operatingExpenses": 0, "costAndExpenses": 0, "interestIncome": 147023000, "interestExpense": 15435000, "depreciationAndAmortization": 17336000, "ebitda": 88974000, "ebitdaratio": 0.4202060083, "operatingIncome": 71638000, "operatingIncomeRatio": 0.3383316253, "totalOtherIncomeExpensesNet": 0, "incomeBeforeTax": 71638000, "incomeBeforeTaxRatio": 0.3383316253, "incomeTaxExpense": 24756000, "netIncome": 46882000, "netIncomeRatio": 0.2214140994, "eps": 1.7, "epsdiluted": 1.69, "weightedAverageShsOut": 26686302, "weightedAverageShsOutDil": 26829738, "link": "https://www.sec.gov/Archives/edgar/data/828944/000119312514102580/0001193125-14-102580-index.htm", "finalLink": "https://www.sec.gov/Archives/edgar/data/828944/000119312514102580/d652063d10k.htm", "calculatedOtherExpenses": 57391000, "calculatedOperatingExpenses": 140101000, "calculatedNetInterest": 131588000, "calculatedOtherIncome": -131588000, "calculatedIncomeNonControlling": 0, "calculatedEbitda": 88974000}, {"date": "2012-12-31", "symbol": "WSFS", "reportedCurrency": "USD", "cik": "0000828944", "fillingDate": "2013-03-18", "acceptedDate": "2013-03-18 16:21:09", "calendarYear": "2012", "period": "FY", "revenue": 213692000, "costOfRevenue": 0, "grossProfit": 213692000, "grossProfitRatio": 1, "researchAndDevelopmentExpenses": 0, "generalAndAdministrativeExpenses": 77286000, "sellingAndMarketingExpenses": 2656000, "sellingGeneralAndAdministrativeExpenses": 79942000, "otherExpenses": 0, "operatingExpenses": 0, "costAndExpenses": 0, "interestIncome": 150287000, "interestExpense": 23288000, "depreciationAndAmortization": 17400000, "ebitda": 65694000, "ebitdaratio": 0.3074237688, "operatingIncome": 48294000, "operatingIncomeRatio": 0.2259981656, "totalOtherIncomeExpensesNet": 0, "incomeBeforeTax": 48294000, "incomeBeforeTaxRatio": 0.2259981656, "incomeTaxExpense": 16983000, "netIncome": 31311000, "netIncomeRatio": 0.1465239691, "eps": 1.08, "epsdiluted": 1.08, "weightedAverageShsOut": 26320458, "weightedAverageShsOutDil": 26370957, "link": "https://www.sec.gov/Archives/edgar/data/828944/000119312513112559/0001193125-13-112559-index.htm", "finalLink": "https://www.sec.gov/Archives/edgar/data/828944/000119312513112559/d459925d10k.htm", "calculatedOtherExpenses": 85456000, "calculatedOperatingExpenses": 165398000, "calculatedNetInterest": 126999000, "calculatedOtherIncome": -126999000, "calculatedIncomeNonControlling": 0, "calculatedEbitda": 65694000}, {"date": "2011-12-31", "symbol": "WSFS", "reportedCurrency": "USD", "cik": "0000828944", "fillingDate": "2012-03-15", "acceptedDate": "2012-03-15 17:24:39", "calendarYear": "2011", "period": "FY", "revenue": 189625000, "costOfRevenue": 0, "grossProfit": 189625000, "grossProfitRatio": 1, "researchAndDevelopmentExpenses": 0, "generalAndAdministrativeExpenses": 71112000, "sellingAndMarketingExpenses": 4302000, "sellingGeneralAndAdministrativeExpenses": 75414000, "otherExpenses": 0, "operatingExpenses": 0, "costAndExpenses": 0, "interestIncome": 158642000, "interestExpense": 32605000, "depreciationAndAmortization": 11138000, "ebitda": 45290000, "ebitdaratio": 0.2388398154, "operatingIncome": 34152000, "operatingIncomeRatio": 0.1801028345, "totalOtherIncomeExpensesNet": 0, "incomeBeforeTax": 34152000, "incomeBeforeTaxRatio": 0.1801028345, "incomeTaxExpense": 11475000, "netIncome": 22677000, "netIncomeRatio": 0.1195886618, "eps": 0.77, "epsdiluted": 0.76, "weightedAverageShsOut": 25818000, "weightedAverageShsOutDil": 26151000, "link": "https://www.sec.gov/Archives/edgar/data/828944/000094627512000092/0000946275-12-000092-index.htm", "finalLink": "https://www.sec.gov/Archives/edgar/data/828944/000094627512000092/f10k_123111-0312.htm", "calculatedOtherExpenses": 80059000, "calculatedOperatingExpenses": 155473000, "calculatedNetInterest": 126037000, "calculatedOtherIncome": -126037000, "calculatedIncomeNonControlling": 0, "calculatedEbitda": 45290000}, {"date": "2010-12-31", "symbol": "WSFS", "reportedCurrency": "USD", "cik": "0000828944", "fillingDate": "2011-03-16", "acceptedDate": "2011-03-16 17:23:55", "calendarYear": "2010", "period": "FY", "revenue": 170786000, "costOfRevenue": 0, "grossProfit": 170786000, "grossProfitRatio": 1, "researchAndDevelopmentExpenses": 0, "generalAndAdministrativeExpenses": 61394000, "sellingAndMarketingExpenses": 3193000, "sellingGeneralAndAdministrativeExpenses": 64587000, "otherExpenses": 0, "operatingExpenses": 0, "costAndExpenses": 0, "interestIncome": 162403000, "interestExpense": 41732000, "depreciationAndAmortization": 6664000, "ebitda": 26235000, "ebitdaratio": 0.1536132938, "operatingIncome": 19571000, "operatingIncomeRatio": 0.1145937021, "totalOtherIncomeExpensesNet": 0, "incomeBeforeTax": 19571000, "incomeBeforeTaxRatio": 0.1145937021, "incomeTaxExpense": 5454000, "netIncome": 14117000, "netIncomeRatio": 0.0826590002, "eps": 0.49, "epsdiluted": 0.49, "weightedAverageShsOut": 22965000, "weightedAverageShsOutDil": 23358000, "link": "https://www.sec.gov/Archives/edgar/data/828944/000094627511000115/0000946275-11-000115-index.htm", "finalLink": "https://www.sec.gov/Archives/edgar/data/828944/000094627511000115/f10k_123110-0312.htm", "calculatedOtherExpenses": 86628000, "calculatedOperatingExpenses": 151215000, "calculatedNetInterest": 120671000, "calculatedOtherIncome": -120671000, "calculatedIncomeNonControlling": 0, "calculatedEbitda": 26235000}, {"date": "2009-12-31", "symbol": "WSFS", "reportedCurrency": "USD", "cik": "0000828944", "fillingDate": "2010-03-16", "acceptedDate": "2010-03-16 17:22:49", "calendarYear": "2009", "period": "FY", "revenue": 154885000, "costOfRevenue": 0, "grossProfit": 154885000, "grossProfitRatio": 1, "researchAndDevelopmentExpenses": 0, "generalAndAdministrativeExpenses": 52876000, "sellingAndMarketingExpenses": 3304000, "sellingGeneralAndAdministrativeExpenses": 56180000, "otherExpenses": 0, "operatingExpenses": 0, "costAndExpenses": 0, "interestIncome": 157730000, "interestExpense": 53086000, "depreciationAndAmortization": 6823000, "ebitda": 5393000, "ebitdaratio": 0.0348193821, "operatingIncome": -1430000, "operatingIncomeRatio": -0.0092326565, "totalOtherIncomeExpensesNet": 0, "incomeBeforeTax": -1430000, "incomeBeforeTaxRatio": -0.0092326565, "incomeTaxExpense": -2093000, "netIncome": 663000, "netIncomeRatio": 0.0042805953, "eps": -0.0907, "epsdiluted": -0.1, "weightedAverageShsOut": 18630000, "weightedAverageShsOutDil": 19286667, "link": "https://www.sec.gov/Archives/edgar/data/828944/000094627510000213/0000946275-10-000213-index.htm", "finalLink": "https://www.sec.gov/Archives/edgar/data/828944/000094627510000213/f10k_1231090-0312.htm", "calculatedOtherExpenses": 100135000, "calculatedOperatingExpenses": 156315000, "calculatedNetInterest": 104644000, "calculatedOtherIncome": -104644000, "calculatedIncomeNonControlling": 0, "calculatedEbitda": 5393000}, {"date": "2008-12-31", "symbol": "WSFS", "reportedCurrency": "USD", "cik": "0000828944", "fillingDate": "2009-03-16", "acceptedDate": "2009-03-16 17:24:30", "calendarYear": "2008", "period": "FY", "revenue": 135208000, "costOfRevenue": 0, "grossProfit": 135208000, "grossProfitRatio": 1, "researchAndDevelopmentExpenses": 0, "generalAndAdministrativeExpenses": 46654000, "sellingAndMarketingExpenses": 3920000, "sellingGeneralAndAdministrativeExpenses": 50574000, "otherExpenses": 0, "operatingExpenses": 0, "costAndExpenses": 0, "interestIncome": 166477000, "interestExpense": 77258000, "depreciationAndAmortization": 6218000, "ebitda": 29304000, "ebitdaratio": 0.2167327377, "operatingIncome": 23086000, "operatingIncomeRatio": 0.1707443347, "totalOtherIncomeExpensesNet": 0, "incomeBeforeTax": 23086000, "incomeBeforeTaxRatio": 0.1707443347, "incomeTaxExpense": 6950000, "netIncome": 16136000, "netIncomeRatio": 0.1193420508, "eps": 0.87, "epsdiluted": 0.86, "weightedAverageShsOut": 18474000, "weightedAverageShsOutDil": 18870000, "link": "https://www.sec.gov/Archives/edgar/data/828944/000094627509000308/0000946275-09-000308-index.htm", "finalLink": "https://www.sec.gov/Archives/edgar/data/828944/000094627509000308/f10k_123108-0312.htm", "calculatedOtherExpenses": 61548000, "calculatedOperatingExpenses": 112122000, "calculatedNetInterest": 89219000, "calculatedOtherIncome": -89219000, "calculatedIncomeNonControlling": 0, "calculatedEbitda": 29304000}, {"date": "2007-12-31", "symbol": "WSFS", "reportedCurrency": "USD", "cik": "0000828944", "fillingDate": "2008-03-17", "acceptedDate": "2008-03-17 16:40:21", "calendarYear": "2007", "period": "FY", "revenue": 130175000, "costOfRevenue": 0, "grossProfit": 130175000, "grossProfitRatio": 1, "researchAndDevelopmentExpenses": 0, "generalAndAdministrativeExpenses": 43662000, "sellingAndMarketingExpenses": 3911000, "sellingGeneralAndAdministrativeExpenses": 47573000, "otherExpenses": 0, "operatingExpenses": 0, "costAndExpenses": 0, "interestIncome": 189477000, "interestExpense": 107468000, "depreciationAndAmortization": 4930000, "ebitda": 48053000, "ebitdaratio": 0.3691415402, "operatingIncome": 43123000, "operatingIncomeRatio": 0.331269445, "totalOtherIncomeExpensesNet": 0, "incomeBeforeTax": 43123000, "incomeBeforeTaxRatio": 0.331269445, "incomeTaxExpense": 13474000, "netIncome": 29649000, "netIncomeRatio": 0.2277626272, "eps": 1.56, "epsdiluted": 1.52, "weightedAverageShsOut": 18965245, "weightedAverageShsOutDil": 19548791, "link": "https://www.sec.gov/Archives/edgar/data/828944/000094627508000242/0000946275-08-000242-index.htm", "finalLink": "https://www.sec.gov/Archives/edgar/data/828944/000094627508000242/f10k_123107-0312.txt", "calculatedOtherExpenses": 39479000, "calculatedOperatingExpenses": 87052000, "calculatedNetInterest": 82009000, "calculatedOtherIncome": -82009000, "calculatedIncomeNonControlling": 0, "calculatedEbitda": 48053000}, {"date": "2006-12-31", "symbol": "WSFS", "reportedCurrency": "USD", "cik": "0000828944", "fillingDate": "2007-03-16", "acceptedDate": "2007-03-16 13:04:21", "calendarYear": "2006", "period": "FY", "revenue": 118204000, "costOfRevenue": 0, "grossProfit": 118204000, "grossProfitRatio": 1, "researchAndDevelopmentExpenses": 0, "generalAndAdministrativeExpenses": 39369000, "sellingAndMarketingExpenses": 2713000, "sellingGeneralAndAdministrativeExpenses": 42082000, "otherExpenses": 0, "operatingExpenses": 0, "costAndExpenses": 0, "interestIncome": 177177000, "interestExpense": 99278000, "depreciationAndAmortization": 4507000, "ebitda": 50608000, "ebitdaratio": 0.4281411797, "operatingIncome": 46101000, "operatingIncomeRatio": 0.3900121823, "totalOtherIncomeExpensesNet": 0, "incomeBeforeTax": 46101000, "incomeBeforeTaxRatio": 0.3900121823, "incomeTaxExpense": 15660000, "netIncome": 30441000, "netIncomeRatio": 0.257529356, "eps": 1.53, "epsdiluted": 1.47, "weightedAverageShsOut": 19896078, "weightedAverageShsOutDil": 20708163, "link": "https://www.sec.gov/Archives/edgar/data/828944/000094627507000244/0000946275-07-000244-index.htm", "finalLink": "https://www.sec.gov/Archives/edgar/data/828944/000094627507000244/f10k_123106-0312.txt", "calculatedOtherExpenses": 30021000, "calculatedOperatingExpenses": 72103000, "calculatedNetInterest": 77899000, "calculatedOtherIncome": -77899000, "calculatedIncomeNonControlling": 0, "calculatedEbitda": 50608000}, {"date": "2005-12-31", "symbol": "WSFS", "reportedCurrency": "USD", "cik": "0000828944", "fillingDate": "2006-03-16", "acceptedDate": "2006-03-16 17:18:54", "calendarYear": "2005", "period": "FY", "revenue": 108295000, "costOfRevenue": 0, "grossProfit": 108295000, "grossProfitRatio": 1, "researchAndDevelopmentExpenses": 0, "generalAndAdministrativeExpenses": 35172000, "sellingAndMarketingExpenses": 2745000, "sellingGeneralAndAdministrativeExpenses": 37917000, "otherExpenses": 0, "operatingExpenses": 0, "costAndExpenses": 0, "interestIncome": 136022000, "interestExpense": 62380000, "depreciationAndAmortization": 5440000, "ebitda": 48143000, "ebitdaratio": 0.4445542269, "operatingIncome": 42703000, "operatingIncomeRatio": 0.3943210675, "totalOtherIncomeExpensesNet": 0, "incomeBeforeTax": 42703000, "incomeBeforeTaxRatio": 0.3943210675, "incomeTaxExpense": 14847000, "netIncome": 27856000, "netIncomeRatio": 0.2572233252, "eps": 1.37, "epsdiluted": 1.3, "weightedAverageShsOut": 20382439, "weightedAverageShsOutDil": 21482776, "link": "https://www.sec.gov/Archives/edgar/data/828944/000094627506000235/0000946275-06-000235-index.htm", "finalLink": "https://www.sec.gov/Archives/edgar/data/828944/000094627506000235/f10k_123105-0312.txt", "calculatedOtherExpenses": 27675000, "calculatedOperatingExpenses": 65592000, "calculatedNetInterest": 73642000, "calculatedOtherIncome": -73642000, "calculatedIncomeNonControlling": 0, "calculatedEbitda": 48143000}, {"date": "2004-12-31", "symbol": "WSFS", "reportedCurrency": "USD", "cik": "0000828944", "fillingDate": "2005-03-16", "acceptedDate": "2005-03-16 13:39:14", "calendarYear": "2004", "period": "FY", "revenue": 98814000, "costOfRevenue": 0, "grossProfit": 98814000, "grossProfitRatio": 1, "researchAndDevelopmentExpenses": 0, "generalAndAdministrativeExpenses": 30723000, "sellingAndMarketingExpenses": 2329000, "sellingGeneralAndAdministrativeExpenses": 33052000, "otherExpenses": 0, "operatingExpenses": 0, "costAndExpenses": 0, "interestIncome": 104110000, "interestExpense": 37246000, "depreciationAndAmortization": 6022000, "ebitda": 45873000, "ebitdaratio": 0.464235837, "operatingIncome": 39851000, "operatingIncomeRatio": 0.4032930556, "totalOtherIncomeExpensesNet": -143000, "incomeBeforeTax": 39708000, "incomeBeforeTaxRatio": 0.4018458923, "incomeTaxExpense": 13951000, "netIncome": 25900000, "netIncomeRatio": 0.2621086081, "eps": 1.21, "epsdiluted": 1.14, "weightedAverageShsOut": 21464088, "weightedAverageShsOutDil": 22785924, "link": "https://www.sec.gov/Archives/edgar/data/828944/000094627505000321/0000946275-05-000321-index.htm", "finalLink": "https://www.sec.gov/Archives/edgar/data/828944/000094627505000321/f10k_123104-0312.txt", "calculatedOtherExpenses": 25911000, "calculatedOperatingExpenses": 58963000, "calculatedNetInterest": 66864000, "calculatedOtherIncome": -67007000, "calculatedIncomeNonControlling": -143000, "calculatedEbitda": 45873000}, {"date": "2003-12-31", "symbol": "WSFS", "reportedCurrency": "USD", "cik": "0000828944", "fillingDate": "2004-03-12", "acceptedDate": "2004-03-12 16:47:14", "calendarYear": "2003", "period": "FY", "revenue": 84164000, "costOfRevenue": 0, "grossProfit": 84164000, "grossProfitRatio": 1, "researchAndDevelopmentExpenses": 0, "generalAndAdministrativeExpenses": 26544000, "sellingAndMarketingExpenses": 1602000, "sellingGeneralAndAdministrativeExpenses": 28146000, "otherExpenses": 0, "operatingExpenses": 0, "costAndExpenses": 0, "interestIncome": 89299000, "interestExpense": 31301000, "depreciationAndAmortization": 11562000, "ebitda": 85548000, "ebitdaratio": 1.0164440854, "operatingIncome": 73986000, "operatingIncomeRatio": 0.8790694359, "totalOtherIncomeExpensesNet": -41789000, "incomeBeforeTax": 32197000, "incomeBeforeTaxRatio": 0.3825507343, "incomeTaxExpense": 10964000, "netIncome": 63022000, "netIncomeRatio": 0.748799962, "eps": 2.7, "epsdiluted": 2.55, "weightedAverageShsOut": 23312700, "weightedAverageShsOutDil": 24714510, "link": "https://www.sec.gov/Archives/edgar/data/828944/000094627504000287/0000946275-04-000287-index.htm", "finalLink": "https://www.sec.gov/Archives/edgar/data/828944/000094627504000287/f10k2003_123103-0312.txt", "calculatedOtherExpenses": -17968000, "calculatedOperatingExpenses": 10178000, "calculatedNetInterest": 57998000, "calculatedOtherIncome": -99787000, "calculatedIncomeNonControlling": -41789000, "calculatedEbitda": 85548000}, {"date": "2002-12-31", "symbol": "WSFS", "reportedCurrency": "USD", "cik": "0000828944", "fillingDate": "2003-03-27", "acceptedDate": "2003-03-27 17:07:57", "calendarYear": "2002", "period": "FY", "revenue": 185329000, "costOfRevenue": 0, "grossProfit": 185329000, "grossProfitRatio": 1, "researchAndDevelopmentExpenses": 0, "generalAndAdministrativeExpenses": 25653000, "sellingAndMarketingExpenses": 1427000, "sellingGeneralAndAdministrativeExpenses": 27080000, "otherExpenses": 0, "operatingExpenses": 0, "costAndExpenses": 0, "interestIncome": 94703000, "interestExpense": 33434000, "depreciationAndAmortization": 8891000, "ebitda": 154186000, "ebitdaratio": 0.8319583012, "operatingIncome": 145295000, "operatingIncomeRatio": 0.7839841579, "totalOtherIncomeExpensesNet": -13826000, "incomeBeforeTax": 131469000, "incomeBeforeTaxRatio": 0.7093816942, "incomeTaxExpense": 44154000, "netIncome": 101141000, "netIncomeRatio": 0.5457375802, "eps": 3.71, "epsdiluted": 3.55, "weightedAverageShsOut": 27261725, "weightedAverageShsOutDil": 28490423, "link": "https://www.sec.gov/Archives/edgar/data/828944/000094627503000212/0000946275-03-000212-index.htm", "finalLink": "https://www.sec.gov/Archives/edgar/data/828944/000094627503000212/f10k_123102-0312.txt", "calculatedOtherExpenses": 12954000, "calculatedOperatingExpenses": 40034000, "calculatedNetInterest": 61269000, "calculatedOtherIncome": -75095000, "calculatedIncomeNonControlling": -13826000, "calculatedEbitda": 154186000}, {"date": "2001-12-31", "symbol": "WSFS", "reportedCurrency": "USD", "cik": "0000828944", "fillingDate": "2002-03-28", "acceptedDate": "2002-03-28 00:00:00", "calendarYear": "2001", "period": "FY", "revenue": 106421000, "costOfRevenue": 0, "grossProfit": 106421000, "grossProfitRatio": 1, "researchAndDevelopmentExpenses": 0, "generalAndAdministrativeExpenses": 40199000, "sellingAndMarketingExpenses": 2714000, "sellingGeneralAndAdministrativeExpenses": 42913000, "otherExpenses": 0, "operatingExpenses": 0, "costAndExpenses": 0, "interestIncome": 120474000, "interestExpense": 58184000, "depreciationAndAmortization": 4983000, "ebitda": 31527000, "ebitdaratio": 0.296247921, "operatingIncome": 26544000, "operatingIncomeRatio": 0.2494244557, "totalOtherIncomeExpensesNet": 2026000, "incomeBeforeTax": 28570000, "incomeBeforeTaxRatio": 0.2684620517, "incomeTaxExpense": 9461000, "netIncome": 17083000, "netIncomeRatio": 0.1605228291, "eps": 0.59, "epsdiluted": 0.59, "weightedAverageShsOut": 28791573, "weightedAverageShsOutDil": 29118750, "link": "https://www.sec.gov/Archives/edgar/data/828944/000095011602000504/0000950116-02-000504-index.htm", "finalLink": "https://www.sec.gov/Archives/edgar/data/828944/000095011602000504/tenk.txt", "calculatedOtherExpenses": 36964000, "calculatedOperatingExpenses": 79877000, "calculatedNetInterest": 62290000, "calculatedOtherIncome": -60264000, "calculatedIncomeNonControlling": 2026000, "calculatedEbitda": 31527000}, {"date": "2000-12-31", "symbol": "WSFS", "reportedCurrency": "USD", "cik": "0000828944", "fillingDate": "2001-04-02", "acceptedDate": "2001-04-02 00:00:00", "calendarYear": "2000", "period": "FY", "revenue": 82051000, "costOfRevenue": 0, "grossProfit": 82051000, "grossProfitRatio": 1, "researchAndDevelopmentExpenses": 0, "generalAndAdministrativeExpenses": 29991000, "sellingAndMarketingExpenses": 2893000, "sellingGeneralAndAdministrativeExpenses": 32884000, "otherExpenses": 0, "operatingExpenses": 0, "costAndExpenses": 0, "interestIncome": 129677000, "interestExpense": 65727000, "depreciationAndAmortization": 2366000, "ebitda": 19971000, "ebitdaratio": 0.2433973992, "operatingIncome": 17605000, "operatingIncomeRatio": 0.2145616751, "totalOtherIncomeExpensesNet": 5859000, "incomeBeforeTax": 23464000, "incomeBeforeTaxRatio": 0.285968483, "incomeTaxExpense": 6586000, "netIncome": 11019000, "netIncomeRatio": 0.1342945241, "eps": 0.34, "epsdiluted": 0.34, "weightedAverageShsOut": 32094175, "weightedAverageShsOutDil": 32094175, "link": "https://www.sec.gov/Archives/edgar/data/828944/000095011601000563/0000950116-01-000563-index.htm", "finalLink": "https://www.sec.gov/Archives/edgar/data/828944/000095011601000563/0000950116-01-000563-0001.txt", "calculatedOtherExpenses": 31562000, "calculatedOperatingExpenses": 64446000, "calculatedNetInterest": 63950000, "calculatedOtherIncome": -58091000, "calculatedIncomeNonControlling": 5859000, "calculatedEbitda": 19971000}, {"date": "1999-12-31", "symbol": "WSFS", "reportedCurrency": "USD", "cik": "0000828944", "fillingDate": "2000-03-30", "acceptedDate": "2000-03-30 00:00:00", "calendarYear": "1999", "period": "FY", "revenue": 65444000, "costOfRevenue": 0, "grossProfit": 65444000, "grossProfitRatio": 1, "researchAndDevelopmentExpenses": 0, "generalAndAdministrativeExpenses": 20100000, "sellingAndMarketingExpenses": 1575000, "sellingGeneralAndAdministrativeExpenses": 21675000, "otherExpenses": 0, "operatingExpenses": 0, "costAndExpenses": 0, "interestIncome": 110180000, "interestExpense": 71370000, "depreciationAndAmortization": 3366000, "ebitda": 24278000, "ebitdaratio": 0.3709736569, "operatingIncome": 20912000, "operatingIncomeRatio": 0.3195403704, "totalOtherIncomeExpensesNet": 0, "incomeBeforeTax": 20912000, "incomeBeforeTaxRatio": 0.3195403704, "incomeTaxExpense": 1203000, "netIncome": 19709000, "netIncomeRatio": 0.3011582422, "eps": 0.58, "epsdiluted": 0.58, "weightedAverageShsOut": 33981034, "weightedAverageShsOutDil": 34177457, "link": "https://www.sec.gov/Archives/edgar/data/828944/000095011600000690/0000950116-00-000690-index.html", "finalLink": "https://www.sec.gov/Archives/edgar/data/828944/000095011600000690/", "calculatedOtherExpenses": 22857000, "calculatedOperatingExpenses": 44532000, "calculatedNetInterest": 38810000, "calculatedOtherIncome": -38810000, "calculatedIncomeNonControlling": 0, "calculatedEbitda": 24278000}, {"date": "1998-12-31", "symbol": "WSFS", "reportedCurrency": "USD", "cik": "0000828944", "fillingDate": "1999-03-31", "acceptedDate": "1999-03-31 00:00:00", "calendarYear": "1998", "period": "FY", "revenue": 61800000, "costOfRevenue": 0, "grossProfit": 61800000, "grossProfitRatio": 1, "researchAndDevelopmentExpenses": 0, "generalAndAdministrativeExpenses": 15800000, "sellingAndMarketingExpenses": 1300000, "sellingGeneralAndAdministrativeExpenses": 17100000, "otherExpenses": 0, "operatingExpenses": 0, "costAndExpenses": 0, "interestIncome": 108200000, "interestExpense": 71100000, "depreciationAndAmortization": 2900000, "ebitda": 25700000, "ebitdaratio": 0.4158576052, "operatingIncome": 22800000, "operatingIncomeRatio": 0.3689320388, "totalOtherIncomeExpensesNet": 1500000, "incomeBeforeTax": 24300000, "incomeBeforeTaxRatio": 0.3932038835, "incomeTaxExpense": 6300000, "netIncome": 16500000, "netIncomeRatio": 0.2669902913, "eps": 0.45, "epsdiluted": 0.44, "weightedAverageShsOut": 36940299, "weightedAverageShsOutDil": 37500000, "link": "https://www.sec.gov/Archives/edgar/data/828944/000095011699000624/0000950116-99-000624-index.html", "finalLink": "https://www.sec.gov/Archives/edgar/data/828944/", "calculatedOtherExpenses": 21900000, "calculatedOperatingExpenses": 39000000, "calculatedNetInterest": 37100000, "calculatedOtherIncome": -35600000, "calculatedIncomeNonControlling": 1500000, "calculatedEbitda": 25700000}, {"date": "1997-12-31", "symbol": "WSFS", "reportedCurrency": "USD", "cik": "0000828944", "fillingDate": "1998-03-27", "acceptedDate": "1998-03-27 00:00:00", "calendarYear": "1997", "period": "FY", "revenue": 59700000, "costOfRevenue": 0, "grossProfit": 59700000, "grossProfitRatio": 1, "researchAndDevelopmentExpenses": 0, "generalAndAdministrativeExpenses": 17100000, "sellingAndMarketingExpenses": 1200000, "sellingGeneralAndAdministrativeExpenses": 18300000, "otherExpenses": 0, "operatingExpenses": 0, "costAndExpenses": 0, "interestIncome": 109900000, "interestExpense": 69800000, "depreciationAndAmortization": -900000, "ebitda": 22100000, "ebitdaratio": 0.3701842546, "operatingIncome": 23000000, "operatingIncomeRatio": 0.3852596315, "totalOtherIncomeExpensesNet": 0, "incomeBeforeTax": 23000000, "incomeBeforeTaxRatio": 0.3852596315, "incomeTaxExpense": 6600000, "netIncome": 16400000, "netIncomeRatio": 0.2747068677, "eps": 0.44, "epsdiluted": 0.43, "weightedAverageShsOut": 37557252, "weightedAverageShsOutDil": 38139535, "link": "https://www.sec.gov/Archives/edgar/data/828944/000095011698000665/0000950116-98-000665-index.html", "finalLink": "https://www.sec.gov/Archives/edgar/data/828944/", "calculatedOtherExpenses": 18400000, "calculatedOperatingExpenses": 36700000, "calculatedNetInterest": 40100000, "calculatedOtherIncome": -40100000, "calculatedIncomeNonControlling": 0, "calculatedEbitda": 22100000}, {"date": "1996-12-31", "symbol": "WSFS", "reportedCurrency": "USD", "cik": "0000828944", "fillingDate": "1997-03-28", "acceptedDate": "1997-03-28 00:00:00", "calendarYear": "1996", "period": "FY", "revenue": 53900000, "costOfRevenue": 0, "grossProfit": 53900000, "grossProfitRatio": 1, "researchAndDevelopmentExpenses": 0, "generalAndAdministrativeExpenses": 17500000, "sellingAndMarketingExpenses": 700000, "sellingGeneralAndAdministrativeExpenses": 18200000, "otherExpenses": 0, "operatingExpenses": 0, "costAndExpenses": 0, "interestIncome": 104600000, "interestExpense": 58900000, "depreciationAndAmortization": -400000, "ebitda": 19200000, "ebitdaratio": 0.3562152134, "operatingIncome": 19600000, "operatingIncomeRatio": 0.3636363636, "totalOtherIncomeExpensesNet": 0, "incomeBeforeTax": 19600000, "incomeBeforeTaxRatio": 0.3636363636, "incomeTaxExpense": 3200000, "netIncome": 16400000, "netIncomeRatio": 0.3042671614, "eps": 0.39, "epsdiluted": 0.39, "weightedAverageShsOut": 41694915, "weightedAverageShsOutDil": 42413793, "link": "https://www.sec.gov/Archives/edgar/data/828944/000095011697000607/0000950116-97-000607-index.html", "finalLink": "https://www.sec.gov/Archives/edgar/data/828944/", "calculatedOtherExpenses": 16100000, "calculatedOperatingExpenses": 34300000, "calculatedNetInterest": 45700000, "calculatedOtherIncome": -45700000, "calculatedIncomeNonControlling": 0, "calculatedEbitda": 19200000}, {"date": "1995-12-31", "symbol": "WSFS", "reportedCurrency": "USD", "cik": "0000828944", "fillingDate": "1996-03-29", "acceptedDate": "1996-03-29 00:00:00", "calendarYear": "1995", "period": "FY", "revenue": 64500000, "costOfRevenue": 0, "grossProfit": 64500000, "grossProfitRatio": 1, "researchAndDevelopmentExpenses": 0, "generalAndAdministrativeExpenses": 20300000, "sellingAndMarketingExpenses": 1100000, "sellingGeneralAndAdministrativeExpenses": 21400000, "otherExpenses": 0, "operatingExpenses": 0, "costAndExpenses": 0, "interestIncome": 100000000, "interestExpense": 58100000, "depreciationAndAmortization": -1300000, "ebitda": 24400000, "ebitdaratio": 0.3782945736, "operatingIncome": 25700000, "operatingIncomeRatio": 0.3984496124, "totalOtherIncomeExpensesNet": 0, "incomeBeforeTax": 25700000, "incomeBeforeTaxRatio": 0.3984496124, "incomeTaxExpense": -1300000, "netIncome": 27000000, "netIncomeRatio": 0.4186046512, "eps": 0.61, "epsdiluted": 0.61, "weightedAverageShsOut": 44021739, "weightedAverageShsOutDil": 44021739, "link": "https://www.sec.gov/Archives/edgar/data/828944/000095011696000179/0000950116-96-000179-index.html", "finalLink": "https://www.sec.gov/Archives/edgar/data/828944/", "calculatedOtherExpenses": 17400000, "calculatedOperatingExpenses": 38800000, "calculatedNetInterest": 41900000, "calculatedOtherIncome": -41900000, "calculatedIncomeNonControlling": 0, "calculatedEbitda": 24400000}, {"date": "1994-12-31", "symbol": "WSFS", "reportedCurrency": "USD", "cik": "0000828944", "fillingDate": "1994-12-31", "acceptedDate": "1994-12-30 19:00:00", "calendarYear": "1994", "period": "FY", "revenue": 43200000, "costOfRevenue": 0, "grossProfit": 43200000, "grossProfitRatio": 1, "researchAndDevelopmentExpenses": 0, "generalAndAdministrativeExpenses": 15500000, "sellingAndMarketingExpenses": 1500000, "sellingGeneralAndAdministrativeExpenses": 17000000, "otherExpenses": 0, "operatingExpenses": 0, "costAndExpenses": 0, "interestIncome": 80700000, "interestExpense": 44700000, "depreciationAndAmortization": 1400000, "ebitda": 8600000, "ebitdaratio": 0.1990740741, "operatingIncome": 7200000, "operatingIncomeRatio": 0.1666666667, "totalOtherIncomeExpensesNet": -100000, "incomeBeforeTax": 7100000, "incomeBeforeTaxRatio": 0.1643518519, "incomeTaxExpense": -1000000, "netIncome": 8200000, "netIncomeRatio": 0.1898148148, "eps": 0.19, "epsdiluted": 0.19, "weightedAverageShsOut": 43157895, "weightedAverageShsOutDil": 43928571, "link": null, "finalLink": null, "calculatedOtherExpenses": 19000000, "calculatedOperatingExpenses": 36000000, "calculatedNetInterest": 36000000, "calculatedOtherIncome": -36100000, "calculatedIncomeNonControlling": -100000, "calculatedEbitda": 8600000}, {"date": "1993-12-31", "symbol": "WSFS", "reportedCurrency": "USD", "cik": "0000828944", "fillingDate": "1993-12-31", "acceptedDate": "1993-12-30 19:00:00", "calendarYear": "1993", "period": "FY", "revenue": 41800000, "costOfRevenue": 0, "grossProfit": 41800000, "grossProfitRatio": 1, "researchAndDevelopmentExpenses": 0, "generalAndAdministrativeExpenses": 13500000, "sellingAndMarketingExpenses": 900000, "sellingGeneralAndAdministrativeExpenses": 14400000, "otherExpenses": 0, "operatingExpenses": 0, "costAndExpenses": 0, "interestIncome": 72300000, "interestExpense": 38500000, "depreciationAndAmortization": 1000000, "ebitda": 5700000, "ebitdaratio": 0.1363636364, "operatingIncome": 4700000, "operatingIncomeRatio": 0.1124401914, "totalOtherIncomeExpensesNet": 0, "incomeBeforeTax": 4700000, "incomeBeforeTaxRatio": 0.1124401914, "incomeTaxExpense": -1700000, "netIncome": 6400000, "netIncomeRatio": 0.1531100478, "eps": 0.33, "epsdiluted": 0.15, "weightedAverageShsOut": 19393939, "weightedAverageShsOutDil": 19393939, "link": null, "finalLink": null, "calculatedOtherExpenses": 22700000, "calculatedOperatingExpenses": 37100000, "calculatedNetInterest": 33800000, "calculatedOtherIncome": -33800000, "calculatedIncomeNonControlling": 0, "calculatedEbitda": 5700000}, {"date": "1992-12-31", "symbol": "WSFS", "reportedCurrency": "USD", "cik": "0000828944", "fillingDate": "1992-12-31", "acceptedDate": "1992-12-30 19:00:00", "calendarYear": "1992", "period": "FY", "revenue": 38900000, "costOfRevenue": 0, "grossProfit": 38900000, "grossProfitRatio": 1, "researchAndDevelopmentExpenses": 0, "generalAndAdministrativeExpenses": 14000000, "sellingAndMarketingExpenses": 300000, "sellingGeneralAndAdministrativeExpenses": 14300000, "otherExpenses": 0, "operatingExpenses": 0, "costAndExpenses": 0, "interestIncome": 85700000, "interestExpense": 55000000, "depreciationAndAmortization": 1000000, "ebitda": 4800000, "ebitdaratio": 0.1233933162, "operatingIncome": 3800000, "operatingIncomeRatio": 0.0976863753, "totalOtherIncomeExpensesNet": 0, "incomeBeforeTax": 3800000, "incomeBeforeTaxRatio": 0.0976863753, "incomeTaxExpense": -1000000, "netIncome": 4800000, "netIncomeRatio": 0.1233933162, "eps": 0.31, "epsdiluted": 0.22, "weightedAverageShsOut": 15483871, "weightedAverageShsOutDil": 15483871, "link": null, "finalLink": null, "calculatedOtherExpenses": 20800000, "calculatedOperatingExpenses": 35100000, "calculatedNetInterest": 30700000, "calculatedOtherIncome": -30700000, "calculatedIncomeNonControlling": 0, "calculatedEbitda": 4800000}, {"date": "1991-12-31", "symbol": "WSFS", "reportedCurrency": "USD", "cik": "0000828944", "fillingDate": "1991-12-31", "acceptedDate": "1991-12-30 19:00:00", "calendarYear": "1991", "period": "FY", "revenue": 60600000, "costOfRevenue": 0, "grossProfit": 60600000, "grossProfitRatio": 1, "researchAndDevelopmentExpenses": 0, "generalAndAdministrativeExpenses": 20000000, "sellingAndMarketingExpenses": 2000000, "sellingGeneralAndAdministrativeExpenses": 22000000, "otherExpenses": 0, "operatingExpenses": 0, "costAndExpenses": 0, "interestIncome": 117300000, "interestExpense": 86200000, "depreciationAndAmortization": 3500000, "ebitda": 19300000, "ebitdaratio": 0.3184818482, "operatingIncome": 15800000, "operatingIncomeRatio": 0.2607260726, "totalOtherIncomeExpensesNet": -4100000, "incomeBeforeTax": 11700000, "incomeBeforeTaxRatio": 0.1930693069, "incomeTaxExpense": 4500000, "netIncome": 11300000, "netIncomeRatio": 0.1864686469, "eps": 0.78, "epsdiluted": 0.78, "weightedAverageShsOut": 14549356, "weightedAverageShsOutDil": 14549356, "link": null, "finalLink": null, "calculatedOtherExpenses": 22800000, "calculatedOperatingExpenses": 44800000, "calculatedNetInterest": 31100000, "calculatedOtherIncome": -35200000, "calculatedIncomeNonControlling": -4100000, "calculatedEbitda": 19300000}, {"date": "1990-12-31", "symbol": "WSFS", "reportedCurrency": "USD", "cik": "0000828944", "fillingDate": "1990-12-31", "acceptedDate": "1990-12-30 19:00:00", "calendarYear": "1990", "period": "FY", "revenue": 53500000, "costOfRevenue": 0, "grossProfit": 53500000, "grossProfitRatio": 1, "researchAndDevelopmentExpenses": 0, "generalAndAdministrativeExpenses": 25500000, "sellingAndMarketingExpenses": 4300000, "sellingGeneralAndAdministrativeExpenses": 29800000, "otherExpenses": 0, "operatingExpenses": 0, "costAndExpenses": 0, "interestIncome": 143300000, "interestExpense": 107700000, "depreciationAndAmortization": 21300000, "ebitda": -65100000, "ebitdaratio": -1.2168224299, "operatingIncome": -86400000, "operatingIncomeRatio": -1.614953271, "totalOtherIncomeExpensesNet": 0, "incomeBeforeTax": -86400000, "incomeBeforeTaxRatio": -1.614953271, "incomeTaxExpense": -900000, "netIncome": -85500000, "netIncomeRatio": -1.5981308411, "eps": -6, "epsdiluted": -6, "weightedAverageShsOut": 14242088, "weightedAverageShsOutDil": 14242088, "link": null, "finalLink": null, "calculatedOtherExpenses": 110100000, "calculatedOperatingExpenses": 139900000, "calculatedNetInterest": 35600000, "calculatedOtherIncome": -35600000, "calculatedIncomeNonControlling": 0, "calculatedEbitda": -65100000}, {"date": "1989-12-31", "symbol": "WSFS", "reportedCurrency": "USD", "cik": "0000828944", "fillingDate": "1989-12-31", "acceptedDate": "1989-12-30 19:00:00", "calendarYear": "1989", "period": "FY", "revenue": 64000000, "costOfRevenue": 0, "grossProfit": 64000000, "grossProfitRatio": 1, "researchAndDevelopmentExpenses": 0, "generalAndAdministrativeExpenses": 21800000, "sellingAndMarketingExpenses": 4100000, "sellingGeneralAndAdministrativeExpenses": 25900000, "otherExpenses": 0, "operatingExpenses": 0, "costAndExpenses": 0, "interestIncome": 132100000, "interestExpense": 91900000, "depreciationAndAmortization": 7100000, "ebitda": 1500000, "ebitdaratio": 0.0234375, "operatingIncome": -5600000, "operatingIncomeRatio": -0.0875, "totalOtherIncomeExpensesNet": -100000, "incomeBeforeTax": -5700000, "incomeBeforeTaxRatio": -0.0890625, "incomeTaxExpense": 100000, "netIncome": -5700000, "netIncomeRatio": -0.0890625, "eps": -0.41, "epsdiluted": -0.41, "weightedAverageShsOut": 13902439, "weightedAverageShsOutDil": 13902439, "link": null, "finalLink": null, "calculatedOtherExpenses": 43700000, "calculatedOperatingExpenses": 69600000, "calculatedNetInterest": 40200000, "calculatedOtherIncome": -40300000, "calculatedIncomeNonControlling": -100000, "calculatedEbitda": 1500000}, {"date": "1988-12-31", "symbol": "WSFS", "reportedCurrency": "USD", "cik": "0000828944", "fillingDate": "1988-12-31", "acceptedDate": "1988-12-30 19:00:00", "calendarYear": "1988", "period": "FY", "revenue": 0, "costOfRevenue": 0, "grossProfit": 0, "grossProfitRatio": 0, "researchAndDevelopmentExpenses": 0, "generalAndAdministrativeExpenses": 0, "sellingAndMarketingExpenses": 0, "sellingGeneralAndAdministrativeExpenses": 0, "otherExpenses": 4200000, "operatingExpenses": 4200000, "costAndExpenses": 4200000, "interestIncome": 0, "interestExpense": 0, "depreciationAndAmortization": 0, "ebitda": 4200000, "ebitdaratio": 0, "operatingIncome": 4200000, "operatingIncomeRatio": 0, "totalOtherIncomeExpensesNet": 0, "incomeBeforeTax": 0, "incomeBeforeTaxRatio": 0, "incomeTaxExpense": -4200000, "netIncome": 4200000, "netIncomeRatio": 0, "eps": 0.31, "epsdiluted": 0.31, "weightedAverageShsOut": 13548387, "weightedAverageShsOutDil": 13548387, "link": "", "finalLink": "", "calculatedOtherExpenses": -4200000, "calculatedOperatingExpenses": -4200000, "calculatedNetInterest": 0, "calculatedOtherIncome": -4200000, "calculatedIncomeNonControlling": 0, "calculatedEbitda": 4200000}, {"date": "1987-12-31", "symbol": "WSFS", "reportedCurrency": "USD", "cik": "0000828944", "fillingDate": "1987-12-31", "acceptedDate": "1987-12-30 19:00:00", "calendarYear": "1987", "period": "FY", "revenue": 0, "costOfRevenue": 0, "grossProfit": 0, "grossProfitRatio": 0, "researchAndDevelopmentExpenses": 0, "generalAndAdministrativeExpenses": 0, "sellingAndMarketingExpenses": 0, "sellingGeneralAndAdministrativeExpenses": 0, "otherExpenses": 4700000, "operatingExpenses": 4700000, "costAndExpenses": 4700000, "interestIncome": 0, "interestExpense": 0, "depreciationAndAmortization": 0, "ebitda": 4700000, "ebitdaratio": 0, "operatingIncome": 4700000, "operatingIncomeRatio": 0, "totalOtherIncomeExpensesNet": 0, "incomeBeforeTax": 0, "incomeBeforeTaxRatio": 0, "incomeTaxExpense": -4700000, "netIncome": 4700000, "netIncomeRatio": 0, "eps": 0.35, "epsdiluted": 0.35, "weightedAverageShsOut": 13557692, "weightedAverageShsOutDil": 13557692, "link": "", "finalLink": "", "calculatedOtherExpenses": -4700000, "calculatedOperatingExpenses": -4700000, "calculatedNetInterest": 0, "calculatedOtherIncome": -4700000, "calculatedIncomeNonControlling": 0, "calculatedEbitda": 4700000}, {"date": "1986-12-31", "symbol": "WSFS", "reportedCurrency": "USD", "cik": "0000828944", "fillingDate": "1986-12-31", "acceptedDate": "1986-12-30 19:00:00", "calendarYear": "1986", "period": "FY", "revenue": 0, "costOfRevenue": 0, "grossProfit": 0, "grossProfitRatio": 0, "researchAndDevelopmentExpenses": 0, "generalAndAdministrativeExpenses": 0, "sellingAndMarketingExpenses": 0, "sellingGeneralAndAdministrativeExpenses": 0, "otherExpenses": 1500000, "operatingExpenses": 1500000, "costAndExpenses": 1500000, "interestIncome": 0, "interestExpense": 0, "depreciationAndAmortization": 0, "ebitda": 1500000, "ebitdaratio": 0, "operatingIncome": 1500000, "operatingIncomeRatio": 0, "totalOtherIncomeExpensesNet": 0, "incomeBeforeTax": 0, "incomeBeforeTaxRatio": 0, "incomeTaxExpense": -1500000, "netIncome": 1500000, "netIncomeRatio": 0, "eps": 0.12, "epsdiluted": 0.12, "weightedAverageShsOut": 12162162, "weightedAverageShsOutDil": 12162162, "link": "", "finalLink": "", "calculatedOtherExpenses": -1500000, "calculatedOperatingExpenses": -1500000, "calculatedNetInterest": 0, "calculatedOtherIncome": -1500000, "calculatedIncomeNonControlling": 0, "calculatedEbitda": 1500000}]}