{"originalCurrency": "USD", "convertedCurrency": "USD", "report": [{"date": "2024-01-28", "symbol": "WSM", "reportedCurrency": "USD", "cik": "0000719955", "fillingDate": "2024-03-20", "acceptedDate": "2024-03-20 16:17:51", "calendarYear": "2023", "period": "FY", "revenue": 7750652000, "costOfRevenue": 4448274000, "grossProfit": 3302378000, "grossProfitRatio": 0.4260774448, "researchAndDevelopmentExpenses": 0, "generalAndAdministrativeExpenses": 1542708000, "sellingAndMarketingExpenses": 502200000, "sellingGeneralAndAdministrativeExpenses": 2044908000, "otherExpenses": 0, "operatingExpenses": 2044908000, "costAndExpenses": 6493182000, "interestIncome": 29162000, "interestExpense": 29162000, "depreciationAndAmortization": 232590000, "ebitda": 1490060000, "ebitdaratio": 0.1922496327, "operatingIncome": 1257470000, "operatingIncomeRatio": 0.1622405444, "totalOtherIncomeExpensesNet": 15885000, "incomeBeforeTax": 1273355000, "incomeBeforeTaxRatio": 0.1642900494, "incomeTaxExpense": 323593000, "netIncome": 949762000, "netIncomeRatio": 0.1225396263, "eps": 14.71, "epsdiluted": 14.55, "weightedAverageShsOut": 64574000, "weightedAverageShsOutDil": 65272000, "link": "https://www.sec.gov/Archives/edgar/data/719955/000162828024012221/0001628280-24-012221-index.htm", "finalLink": "https://www.sec.gov/Archives/edgar/data/719955/000162828024012221/wsm-20240128.htm", "calculatedOtherExpenses": 0, "calculatedOperatingExpenses": 2044908000, "calculatedNetInterest": 0, "calculatedOtherIncome": 15885000, "calculatedIncomeNonControlling": 0, "calculatedEbitda": 1490060000}, {"date": "2023-01-29", "symbol": "WSM", "reportedCurrency": "USD", "cik": "0000719955", "fillingDate": "2023-03-24", "acceptedDate": "2023-03-24 17:18:59", "calendarYear": "2022", "period": "FY", "revenue": 8674417000, "costOfRevenue": 4996684000, "grossProfit": 3677733000, "grossProfitRatio": 0.4239746602, "researchAndDevelopmentExpenses": 0, "generalAndAdministrativeExpenses": 1598211000, "sellingAndMarketingExpenses": 581100000, "sellingGeneralAndAdministrativeExpenses": 2179311000, "otherExpenses": 0, "operatingExpenses": 2179311000, "costAndExpenses": 7175995000, "interestIncome": 2260000, "interestExpense": 2260000, "depreciationAndAmortization": 214153000, "ebitda": 1712575000, "ebitdaratio": 0.1974282537, "operatingIncome": 1498422000, "operatingIncomeRatio": 0.1727403698, "totalOtherIncomeExpensesNet": 2260000, "incomeBeforeTax": 1500682000, "incomeBeforeTaxRatio": 0.173000906, "incomeTaxExpense": 372778000, "netIncome": 1127904000, "netIncomeRatio": 0.1300264905, "eps": 16.58, "epsdiluted": 16.32, "weightedAverageShsOut": 68021000, "weightedAverageShsOutDil": 69100000, "link": "https://www.sec.gov/Archives/edgar/data/719955/000162828023009175/0001628280-23-009175-index.htm", "finalLink": "https://www.sec.gov/Archives/edgar/data/719955/000162828023009175/wsm-20230129.htm", "calculatedOtherExpenses": 0, "calculatedOperatingExpenses": 2179311000, "calculatedNetInterest": 0, "calculatedOtherIncome": 2260000, "calculatedIncomeNonControlling": 0, "calculatedEbitda": 1712575000}, {"date": "2022-01-30", "symbol": "WSM", "reportedCurrency": "USD", "cik": "0000719955", "fillingDate": "2022-03-28", "acceptedDate": "2022-03-28 17:26:27", "calendarYear": "2021", "period": "FY", "revenue": 8245936000, "costOfRevenue": 4613973000, "grossProfit": 3631963000, "grossProfitRatio": 0.4404549102, "researchAndDevelopmentExpenses": 0, "generalAndAdministrativeExpenses": 1560347000, "sellingAndMarketingExpenses": 618500000, "sellingGeneralAndAdministrativeExpenses": 2178847000, "otherExpenses": 0, "operatingExpenses": 2178847000, "costAndExpenses": 6792820000, "interestIncome": 1865000, "interestExpense": 1865000, "depreciationAndAmortization": 196087000, "ebitda": 1649203000, "ebitdaratio": 0.2000019161, "operatingIncome": 1453116000, "operatingIncomeRatio": 0.1762220808, "totalOtherIncomeExpensesNet": -1865000, "incomeBeforeTax": 1451251000, "incomeBeforeTaxRatio": 0.1759959088, "incomeTaxExpense": 324914000, "netIncome": 1126337000, "netIncomeRatio": 0.1365929835, "eps": 15.17, "epsdiluted": 14.75, "weightedAverageShsOut": 74272000, "weightedAverageShsOutDil": 76354000, "link": "https://www.sec.gov/Archives/edgar/data/719955/000162828022007494/0001628280-22-007494-index.htm", "finalLink": "https://www.sec.gov/Archives/edgar/data/719955/000162828022007494/wsm-20220130.htm", "calculatedOtherExpenses": 0, "calculatedOperatingExpenses": 2178847000, "calculatedNetInterest": 0, "calculatedOtherIncome": -1865000, "calculatedIncomeNonControlling": 0, "calculatedEbitda": 1649203000}, {"date": "2021-01-31", "symbol": "WSM", "reportedCurrency": "USD", "cik": "0000719955", "fillingDate": "2021-03-30", "acceptedDate": "2021-03-30 16:54:04", "calendarYear": "2020", "period": "FY", "revenue": 6783189000, "costOfRevenue": 4146920000, "grossProfit": 2636269000, "grossProfitRatio": 0.3886474341, "researchAndDevelopmentExpenses": 0, "generalAndAdministrativeExpenses": 1399572000, "sellingAndMarketingExpenses": 326000000, "sellingGeneralAndAdministrativeExpenses": 1725572000, "otherExpenses": 0, "operatingExpenses": 1725572000, "costAndExpenses": 5872492000, "interestIncome": 16231000, "interestExpense": 16231000, "depreciationAndAmortization": 188655000, "ebitda": 1099352000, "ebitdaratio": 0.1620700824, "operatingIncome": 910697000, "operatingIncomeRatio": 0.1342579427, "totalOtherIncomeExpensesNet": -16231000, "incomeBeforeTax": 894466000, "incomeBeforeTaxRatio": 0.1318651154, "incomeTaxExpense": 213752000, "netIncome": 680714000, "netIncomeRatio": 0.1003530935, "eps": 8.81, "epsdiluted": 8.61, "weightedAverageShsOut": 77260000, "weightedAverageShsOutDil": 79055000, "link": "https://www.sec.gov/Archives/edgar/data/719955/000119312521100319/0001193125-21-100319-index.htm", "finalLink": "https://www.sec.gov/Archives/edgar/data/719955/000119312521100319/d93631d10k.htm", "calculatedOtherExpenses": 0, "calculatedOperatingExpenses": 1725572000, "calculatedNetInterest": 0, "calculatedOtherIncome": -16231000, "calculatedIncomeNonControlling": 0, "calculatedEbitda": 1099352000}, {"date": "2020-02-02", "symbol": "WSM", "reportedCurrency": "USD", "cik": "0000719955", "fillingDate": "2020-03-27", "acceptedDate": "2020-03-27 17:10:26", "calendarYear": "2019", "period": "FY", "revenue": 5898008000, "costOfRevenue": 3758916000, "grossProfit": 2139092000, "grossProfitRatio": 0.3626804168, "researchAndDevelopmentExpenses": 0, "generalAndAdministrativeExpenses": 1285024000, "sellingAndMarketingExpenses": 388194000, "sellingGeneralAndAdministrativeExpenses": 1673218000, "otherExpenses": 0, "operatingExpenses": 1673218000, "costAndExpenses": 5432134000, "interestIncome": 8853000, "interestExpense": 8853000, "depreciationAndAmortization": 187759000, "ebitda": 653633000, "ebitdaratio": 0.110822671, "operatingIncome": 465874000, "operatingIncomeRatio": 0.0789883635, "totalOtherIncomeExpensesNet": -8853000, "incomeBeforeTax": 457021000, "incomeBeforeTaxRatio": 0.0774873483, "incomeTaxExpense": 100959000, "netIncome": 356062000, "netIncomeRatio": 0.060369874, "eps": 4.56, "epsdiluted": 4.49, "weightedAverageShsOut": 78108000, "weightedAverageShsOutDil": 79225000, "link": "https://www.sec.gov/Archives/edgar/data/719955/000119312520088937/0001193125-20-088937-index.htm", "finalLink": "https://www.sec.gov/Archives/edgar/data/719955/000119312520088937/d856872d10k.htm", "calculatedOtherExpenses": 0, "calculatedOperatingExpenses": 1673218000, "calculatedNetInterest": 0, "calculatedOtherIncome": -8853000, "calculatedIncomeNonControlling": 0, "calculatedEbitda": 653633000}, {"date": "2019-02-03", "symbol": "WSM", "reportedCurrency": "USD", "cik": "0000719955", "fillingDate": "2019-04-04", "acceptedDate": "2019-04-04 17:00:21", "calendarYear": "2018", "period": "FY", "revenue": 5671593000, "costOfRevenue": 3570580000, "grossProfit": 2101013000, "grossProfitRatio": 0.3704449526, "researchAndDevelopmentExpenses": 0, "generalAndAdministrativeExpenses": 1274945000, "sellingAndMarketingExpenses": 390115000, "sellingGeneralAndAdministrativeExpenses": 1665060000, "otherExpenses": 0, "operatingExpenses": 1665060000, "costAndExpenses": 5235640000, "interestIncome": 0, "interestExpense": 0, "depreciationAndAmortization": 188808000, "ebitda": 624761000, "ebitdaratio": 0.1101561766, "operatingIncome": 435953000, "operatingIncomeRatio": 0.0768660586, "totalOtherIncomeExpensesNet": -6706000, "incomeBeforeTax": 429247000, "incomeBeforeTaxRatio": 0.0756836748, "incomeTaxExpense": 95563000, "netIncome": 333684000, "netIncomeRatio": 0.058834264, "eps": 4.1, "epsdiluted": 4.05, "weightedAverageShsOut": 81420000, "weightedAverageShsOutDil": 82340000, "link": "https://www.sec.gov/Archives/edgar/data/719955/000119312519097973/0001193125-19-097973-index.htm", "finalLink": "https://www.sec.gov/Archives/edgar/data/719955/000119312519097973/d683578d10k.htm", "calculatedOtherExpenses": 0, "calculatedOperatingExpenses": 1665060000, "calculatedNetInterest": 0, "calculatedOtherIncome": -6706000, "calculatedIncomeNonControlling": 0, "calculatedEbitda": 624761000}, {"date": "2018-01-28", "symbol": "WSM", "reportedCurrency": "USD", "cik": "0000719955", "fillingDate": "2018-03-29", "acceptedDate": "2018-03-29 17:22:02", "calendarYear": "2017", "period": "FY", "revenue": 5292359000, "costOfRevenue": 3360648000, "grossProfit": 1931711000, "grossProfitRatio": 0.3649999934, "researchAndDevelopmentExpenses": 0, "generalAndAdministrativeExpenses": 1095694000, "sellingAndMarketingExpenses": 382206000, "sellingGeneralAndAdministrativeExpenses": 1477900000, "otherExpenses": 0, "operatingExpenses": 1477900000, "costAndExpenses": 4838548000, "interestIncome": 0, "interestExpense": 0, "depreciationAndAmortization": 183077000, "ebitda": 636888000, "ebitdaratio": 0.1203410426, "operatingIncome": 453811000, "operatingIncomeRatio": 0.0857483402, "totalOtherIncomeExpensesNet": -1372000, "incomeBeforeTax": 452439000, "incomeBeforeTaxRatio": 0.0854890985, "incomeTaxExpense": 192894000, "netIncome": 259545000, "netIncomeRatio": 0.0490414577, "eps": 3.03, "epsdiluted": 3.02, "weightedAverageShsOut": 83726000, "weightedAverageShsOutDil": 83726000, "link": "https://www.sec.gov/Archives/edgar/data/719955/000119312518102232/0001193125-18-102232-index.htm", "finalLink": "https://www.sec.gov/Archives/edgar/data/719955/000119312518102232/d689546d10k.htm", "calculatedOtherExpenses": 0, "calculatedOperatingExpenses": 1477900000, "calculatedNetInterest": 0, "calculatedOtherIncome": -1372000, "calculatedIncomeNonControlling": 0, "calculatedEbitda": 636888000}, {"date": "2017-01-29", "symbol": "WSM", "reportedCurrency": "USD", "cik": "0000719955", "fillingDate": "2017-03-30", "acceptedDate": "2017-03-30 17:22:12", "calendarYear": "2016", "period": "FY", "revenue": 5083812000, "costOfRevenue": 3200502000, "grossProfit": 1883310000, "grossProfitRatio": 0.3704523299, "researchAndDevelopmentExpenses": 0, "generalAndAdministrativeExpenses": 1063237000, "sellingAndMarketingExpenses": 347474000, "sellingGeneralAndAdministrativeExpenses": 1410711000, "otherExpenses": 0, "operatingExpenses": 1410711000, "costAndExpenses": 4611213000, "interestIncome": 0, "interestExpense": 0, "depreciationAndAmortization": 173195000, "ebitda": 645794000, "ebitdaratio": 0.127029481, "operatingIncome": 472599000, "operatingIncomeRatio": 0.0929615415, "totalOtherIncomeExpensesNet": -688000, "incomeBeforeTax": 471911000, "incomeBeforeTaxRatio": 0.0928262099, "incomeTaxExpense": 166524000, "netIncome": 305387000, "netIncomeRatio": 0.0600704747, "eps": 3.45, "epsdiluted": 3.41, "weightedAverageShsOut": 88594000, "weightedAverageShsOutDil": 89462000, "link": "https://www.sec.gov/Archives/edgar/data/719955/000119312517104341/0001193125-17-104341-index.htm", "finalLink": "https://www.sec.gov/Archives/edgar/data/719955/000119312517104341/d265187d10k.htm", "calculatedOtherExpenses": 0, "calculatedOperatingExpenses": 1410711000, "calculatedNetInterest": 0, "calculatedOtherIncome": -688000, "calculatedIncomeNonControlling": 0, "calculatedEbitda": 645794000}, {"date": "2016-01-31", "symbol": "WSM", "reportedCurrency": "USD", "cik": "0000719955", "fillingDate": "2016-03-31", "acceptedDate": "2016-03-31 16:19:48", "calendarYear": "2015", "period": "FY", "revenue": 4976090000, "costOfRevenue": 3131876000, "grossProfit": 1844214000, "grossProfitRatio": 0.3706150813, "researchAndDevelopmentExpenses": 0, "generalAndAdministrativeExpenses": 1022304000, "sellingAndMarketingExpenses": 333276000, "sellingGeneralAndAdministrativeExpenses": 1355580000, "otherExpenses": 0, "operatingExpenses": 1355580000, "costAndExpenses": 4487456000, "interestIncome": 0, "interestExpense": 0, "depreciationAndAmortization": 167760000, "ebitda": 656394000, "ebitdaratio": 0.1319095917, "operatingIncome": 488634000, "operatingIncomeRatio": 0.0981963751, "totalOtherIncomeExpensesNet": -627000, "incomeBeforeTax": 488007000, "incomeBeforeTaxRatio": 0.0980703725, "incomeTaxExpense": 177939000, "netIncome": 310068000, "netIncomeRatio": 0.0623115739, "eps": 3.42, "epsdiluted": 3.37, "weightedAverageShsOut": 90787000, "weightedAverageShsOutDil": 92102000, "link": "https://www.sec.gov/Archives/edgar/data/719955/000119312516525847/0001193125-16-525847-index.htm", "finalLink": "https://www.sec.gov/Archives/edgar/data/719955/000119312516525847/d120289d10k.htm", "calculatedOtherExpenses": 0, "calculatedOperatingExpenses": 1355580000, "calculatedNetInterest": 0, "calculatedOtherIncome": -627000, "calculatedIncomeNonControlling": 0, "calculatedEbitda": 656394000}, {"date": "2015-02-01", "symbol": "WSM", "reportedCurrency": "USD", "cik": "0000719955", "fillingDate": "2015-04-02", "acceptedDate": "2015-04-02 16:47:44", "calendarYear": "2014", "period": "FY", "revenue": 4698719000, "costOfRevenue": 2898215000, "grossProfit": 1800504000, "grossProfitRatio": 0.3831903972, "researchAndDevelopmentExpenses": 0, "generalAndAdministrativeExpenses": 968169000, "sellingAndMarketingExpenses": 330070000, "sellingGeneralAndAdministrativeExpenses": 1298239000, "otherExpenses": 0, "operatingExpenses": 1298239000, "costAndExpenses": 4196454000, "interestIncome": 0, "interestExpense": 62000, "depreciationAndAmortization": 162273000, "ebitda": 664538000, "ebitdaratio": 0.1414296109, "operatingIncome": 502265000, "operatingIncomeRatio": 0.1068940279, "totalOtherIncomeExpensesNet": -62000, "incomeBeforeTax": 502203000, "incomeBeforeTaxRatio": 0.1068808328, "incomeTaxExpense": 193349000, "netIncome": 308854000, "netIncomeRatio": 0.0657315324, "eps": 3.3, "epsdiluted": 3.24, "weightedAverageShsOut": 93634000, "weightedAverageShsOutDil": 95200000, "link": "https://www.sec.gov/Archives/edgar/data/719955/000119312515118009/0001193125-15-118009-index.htm", "finalLink": "https://www.sec.gov/Archives/edgar/data/719955/000119312515118009/d851953d10k.htm", "calculatedOtherExpenses": 0, "calculatedOperatingExpenses": 1298239000, "calculatedNetInterest": -62000, "calculatedOtherIncome": 0, "calculatedIncomeNonControlling": 0, "calculatedEbitda": 664538000}, {"date": "2014-02-02", "symbol": "WSM", "reportedCurrency": "USD", "cik": "0000719955", "fillingDate": "2014-04-03", "acceptedDate": "2014-04-03 17:16:36", "calendarYear": "2013", "period": "FY", "revenue": 4387889000, "costOfRevenue": 2683673000, "grossProfit": 1704216000, "grossProfitRatio": 0.388390864, "researchAndDevelopmentExpenses": 0, "generalAndAdministrativeExpenses": 926410000, "sellingAndMarketingExpenses": 325708000, "sellingGeneralAndAdministrativeExpenses": 1252118000, "otherExpenses": 0, "operatingExpenses": 1252118000, "costAndExpenses": 3935791000, "interestIncome": 0, "interestExpense": -584000, "depreciationAndAmortization": 149795000, "ebitda": 601893000, "ebitdaratio": 0.137171428, "operatingIncome": 452098000, "operatingIncomeRatio": 0.1030331442, "totalOtherIncomeExpensesNet": 584000, "incomeBeforeTax": 452682000, "incomeBeforeTaxRatio": 0.1031662378, "incomeTaxExpense": 173780000, "netIncome": 278902000, "netIncomeRatio": 0.063561772, "eps": 2.89, "epsdiluted": 2.82, "weightedAverageShsOut": 96669000, "weightedAverageShsOutDil": 98765000, "link": "https://www.sec.gov/Archives/edgar/data/719955/000119312514129974/0001193125-14-129974-index.htm", "finalLink": "https://www.sec.gov/Archives/edgar/data/719955/000119312514129974/d659151d10k.htm", "calculatedOtherExpenses": 0, "calculatedOperatingExpenses": 1252118000, "calculatedNetInterest": 584000, "calculatedOtherIncome": 0, "calculatedIncomeNonControlling": 0, "calculatedEbitda": 601893000}, {"date": "2013-02-03", "symbol": "WSM", "reportedCurrency": "USD", "cik": "0000719955", "fillingDate": "2013-04-04", "acceptedDate": "2013-04-04 17:02:47", "calendarYear": "2012", "period": "FY", "revenue": 4042870000, "costOfRevenue": 2450394000, "grossProfit": 1592476000, "grossProfitRatio": 0.3938974046, "researchAndDevelopmentExpenses": 0, "generalAndAdministrativeExpenses": 864975000, "sellingAndMarketingExpenses": 318338000, "sellingGeneralAndAdministrativeExpenses": 1183313000, "otherExpenses": 0, "operatingExpenses": 1183313000, "costAndExpenses": 3633707000, "interestIncome": 0, "interestExpense": -793000, "depreciationAndAmortization": 134453000, "ebitda": 543616000, "ebitdaratio": 0.1344628939, "operatingIncome": 409163000, "operatingIncomeRatio": 0.1012060739, "totalOtherIncomeExpensesNet": 793000, "incomeBeforeTax": 409956000, "incomeBeforeTaxRatio": 0.1014022217, "incomeTaxExpense": 153226000, "netIncome": 256730000, "netIncomeRatio": 0.0635019182, "eps": 2.59, "epsdiluted": 2.54, "weightedAverageShsOut": 99266000, "weightedAverageShsOutDil": 101051000, "link": "https://www.sec.gov/Archives/edgar/data/719955/000119312513142309/0001193125-13-142309-index.htm", "finalLink": "https://www.sec.gov/Archives/edgar/data/719955/000119312513142309/d465401d10k.htm", "calculatedOtherExpenses": 0, "calculatedOperatingExpenses": 1183313000, "calculatedNetInterest": 793000, "calculatedOtherIncome": 0, "calculatedIncomeNonControlling": 0, "calculatedEbitda": 543616000}, {"date": "2012-01-29", "symbol": "WSM", "reportedCurrency": "USD", "cik": "0000719955", "fillingDate": "2012-03-29", "acceptedDate": "2012-03-29 17:09:16", "calendarYear": "2011", "period": "FY", "revenue": 3720895000, "costOfRevenue": 2261039000, "grossProfit": 1459856000, "grossProfitRatio": 0.392340015, "researchAndDevelopmentExpenses": 0, "generalAndAdministrativeExpenses": 0, "sellingAndMarketingExpenses": 0, "sellingGeneralAndAdministrativeExpenses": 1078124000, "otherExpenses": 0, "operatingExpenses": 1078124000, "costAndExpenses": 3339163000, "interestIncome": 0, "interestExpense": -98000, "depreciationAndAmortization": 130553000, "ebitda": 512285000, "ebitdaratio": 0.1376778974, "operatingIncome": 381732000, "operatingIncomeRatio": 0.1025914464, "totalOtherIncomeExpensesNet": 98000, "incomeBeforeTax": 381830000, "incomeBeforeTaxRatio": 0.1026177842, "incomeTaxExpense": 144899000, "netIncome": 236931000, "netIncomeRatio": 0.0636758092, "eps": 2.27, "epsdiluted": 2.22, "weightedAverageShsOut": 104352000, "weightedAverageShsOutDil": 106582000, "link": "https://www.sec.gov/Archives/edgar/data/719955/000119312512140070/0001193125-12-140070-index.htm", "finalLink": "https://www.sec.gov/Archives/edgar/data/719955/000119312512140070/d287202d10k.htm", "calculatedOtherExpenses": 0, "calculatedOperatingExpenses": 1078124000, "calculatedNetInterest": 98000, "calculatedOtherIncome": 0, "calculatedIncomeNonControlling": 0, "calculatedEbitda": 512285000}, {"date": "2011-01-30", "symbol": "WSM", "reportedCurrency": "USD", "cik": "0000719955", "fillingDate": "2011-03-31", "acceptedDate": "2011-03-31 17:06:31", "calendarYear": "2010", "period": "FY", "revenue": 3504158000, "costOfRevenue": 2130299000, "grossProfit": 1373859000, "grossProfitRatio": 0.3920653692, "researchAndDevelopmentExpenses": 0, "generalAndAdministrativeExpenses": 0, "sellingAndMarketingExpenses": 0, "sellingGeneralAndAdministrativeExpenses": 1050445000, "otherExpenses": 0, "operatingExpenses": 1050445000, "costAndExpenses": 3180744000, "interestIncome": 0, "interestExpense": 354000, "depreciationAndAmortization": 144630000, "ebitda": 468044000, "ebitdaratio": 0.1335681781, "operatingIncome": 323414000, "operatingIncomeRatio": 0.0922943543, "totalOtherIncomeExpensesNet": 323060000, "incomeBeforeTax": 323060000, "incomeBeforeTaxRatio": 0.0921933315, "incomeTaxExpense": 122833000, "netIncome": 200227000, "netIncomeRatio": 0.0571398322, "eps": 1.87, "epsdiluted": 1.83, "weightedAverageShsOut": 106956000, "weightedAverageShsOutDil": 109522000, "link": "https://www.sec.gov/Archives/edgar/data/719955/000119312511085046/0001193125-11-085046-index.htm", "finalLink": "https://www.sec.gov/Archives/edgar/data/719955/000119312511085046/d10k.htm", "calculatedOtherExpenses": 0, "calculatedOperatingExpenses": 1050445000, "calculatedNetInterest": -354000, "calculatedOtherIncome": 0, "calculatedIncomeNonControlling": 0, "calculatedEbitda": 468044000}, {"date": "2010-01-31", "symbol": "WSM", "reportedCurrency": "USD", "cik": "0000719955", "fillingDate": "2010-04-01", "acceptedDate": "2010-04-01 16:56:18", "calendarYear": "2009", "period": "FY", "revenue": 3102704000, "costOfRevenue": 1999467000, "grossProfit": 1103237000, "grossProfitRatio": 0.355572752, "researchAndDevelopmentExpenses": 0, "generalAndAdministrativeExpenses": 0, "sellingAndMarketingExpenses": 0, "sellingGeneralAndAdministrativeExpenses": 981795000, "otherExpenses": 0, "operatingExpenses": 981795000, "costAndExpenses": 2981262000, "interestIncome": 235000, "interestExpense": 1153000, "depreciationAndAmortization": 151796000, "ebitda": 273238000, "ebitdaratio": 0.0880644754, "operatingIncome": 121442000, "operatingIncomeRatio": 0.0391406979, "totalOtherIncomeExpensesNet": 120289000, "incomeBeforeTax": 120289000, "incomeBeforeTaxRatio": 0.0387690866, "incomeTaxExpense": 42847000, "netIncome": 77442000, "netIncomeRatio": 0.0249595192, "eps": 0.73, "epsdiluted": 0.72, "weightedAverageShsOut": 105763000, "weightedAverageShsOutDil": 107373000, "link": "https://www.sec.gov/Archives/edgar/data/719955/000119312510075151/0001193125-10-075151-index.htm", "finalLink": "https://www.sec.gov/Archives/edgar/data/719955/000119312510075151/d10k.htm", "calculatedOtherExpenses": 0, "calculatedOperatingExpenses": 981795000, "calculatedNetInterest": -918000, "calculatedOtherIncome": -235000, "calculatedIncomeNonControlling": 0, "calculatedEbitda": 273238000}, {"date": "2009-02-01", "symbol": "WSM", "reportedCurrency": "USD", "cik": "0000719955", "fillingDate": "2009-04-02", "acceptedDate": "2009-04-02 17:21:01", "calendarYear": "2008", "period": "FY", "revenue": 3361472000, "costOfRevenue": 2226300000, "grossProfit": 1135172000, "grossProfitRatio": 0.3377008644, "researchAndDevelopmentExpenses": 0, "generalAndAdministrativeExpenses": 0, "sellingAndMarketingExpenses": 0, "sellingGeneralAndAdministrativeExpenses": 1093019000, "otherExpenses": 0, "operatingExpenses": 1093019000, "costAndExpenses": 3319319000, "interestIncome": 1280000, "interestExpense": 1480000, "depreciationAndAmortization": 148083000, "ebitda": 191516000, "ebitdaratio": 0.0569738496, "operatingIncome": 42153000, "operatingIncomeRatio": 0.012540042, "totalOtherIncomeExpensesNet": 41953000, "incomeBeforeTax": 41953000, "incomeBeforeTaxRatio": 0.0124805442, "incomeTaxExpense": 11929000, "netIncome": 30024000, "netIncomeRatio": 0.0089318013, "eps": 0.28, "epsdiluted": 0.28, "weightedAverageShsOut": 105530000, "weightedAverageShsOutDil": 106880000, "link": "https://www.sec.gov/Archives/edgar/data/719955/000119312509071708/0001193125-09-071708-index.htm", "finalLink": "https://www.sec.gov/Archives/edgar/data/719955/000119312509071708/d10k.htm", "calculatedOtherExpenses": 0, "calculatedOperatingExpenses": 1093019000, "calculatedNetInterest": -200000, "calculatedOtherIncome": 0, "calculatedIncomeNonControlling": 0, "calculatedEbitda": 190236000}, {"date": "2008-02-03", "symbol": "WSM", "reportedCurrency": "USD", "cik": "0000719955", "fillingDate": "2008-04-03", "acceptedDate": "2008-04-03 17:17:25", "calendarYear": "2007", "period": "FY", "revenue": 3944934000, "costOfRevenue": 2408963000, "grossProfit": 1535971000, "grossProfitRatio": 0.389352775, "researchAndDevelopmentExpenses": 0, "generalAndAdministrativeExpenses": 0, "sellingAndMarketingExpenses": 0, "sellingGeneralAndAdministrativeExpenses": 1222573000, "otherExpenses": 0, "operatingExpenses": 1222573000, "costAndExpenses": 3631536000, "interestIncome": -5041000, "interestExpense": 2099000, "depreciationAndAmortization": 111301000, "ebitda": 424699000, "ebitdaratio": 0.1076568074, "operatingIncome": 313398000, "operatingIncomeRatio": 0.0794431542, "totalOtherIncomeExpensesNet": 316340000, "incomeBeforeTax": 316340000, "incomeBeforeTaxRatio": 0.0801889208, "incomeTaxExpense": 120583000, "netIncome": 195757000, "netIncomeRatio": 0.0496223764, "eps": 1.79, "epsdiluted": 1.76, "weightedAverageShsOut": 109273000, "weightedAverageShsOutDil": 111447000, "link": "https://www.sec.gov/Archives/edgar/data/719955/000119312508074283/0001193125-08-074283-index.htm", "finalLink": "https://www.sec.gov/Archives/edgar/data/719955/000119312508074283/d10k.htm", "calculatedOtherExpenses": 0, "calculatedOperatingExpenses": 1222573000, "calculatedNetInterest": -7140000, "calculatedOtherIncome": 10082000, "calculatedIncomeNonControlling": 0, "calculatedEbitda": 424699000}, {"date": "2007-01-28", "symbol": "WSM", "reportedCurrency": "USD", "cik": "0000719955", "fillingDate": "2007-03-29", "acceptedDate": "2007-03-29 16:40:34", "calendarYear": "2006", "period": "FY", "revenue": 3727513000, "costOfRevenue": 2240226000, "grossProfit": 1487287000, "grossProfitRatio": 0.3990024984, "researchAndDevelopmentExpenses": 0, "generalAndAdministrativeExpenses": 0, "sellingAndMarketingExpenses": 0, "sellingGeneralAndAdministrativeExpenses": 1159786000, "otherExpenses": 0, "operatingExpenses": 1159786000, "costAndExpenses": 3400012000, "interestIncome": -11810000, "interestExpense": 2125000, "depreciationAndAmortization": 106348000, "ebitda": 433849000, "ebitdaratio": 0.1163910092, "operatingIncome": 327501000, "operatingIncomeRatio": 0.0878604582, "totalOtherIncomeExpensesNet": 337186000, "incomeBeforeTax": 337186000, "incomeBeforeTaxRatio": 0.0904587053, "incomeTaxExpense": 128318000, "netIncome": 208868000, "netIncomeRatio": 0.0560341439, "eps": 1.83, "epsdiluted": 1.79, "weightedAverageShsOut": 114020000, "weightedAverageShsOutDil": 116773000, "link": "https://www.sec.gov/Archives/edgar/data/719955/000119312507068798/0001193125-07-068798-index.htm", "finalLink": "https://www.sec.gov/Archives/edgar/data/719955/000119312507068798/d10k.htm", "calculatedOtherExpenses": 0, "calculatedOperatingExpenses": 1159786000, "calculatedNetInterest": -13935000, "calculatedOtherIncome": 23620000, "calculatedIncomeNonControlling": 0, "calculatedEbitda": 433849000}, {"date": "2006-01-29", "symbol": "WSM", "reportedCurrency": "USD", "cik": "0000719955", "fillingDate": "2006-04-07", "acceptedDate": "2006-04-07 17:14:30", "calendarYear": "2005", "period": "FY", "revenue": 3538947000, "costOfRevenue": 2103465000, "grossProfit": 1435482000, "grossProfitRatio": 0.4056240458, "researchAndDevelopmentExpenses": 0, "generalAndAdministrativeExpenses": 0, "sellingAndMarketingExpenses": 0, "sellingGeneralAndAdministrativeExpenses": 1090392000, "otherExpenses": 0, "operatingExpenses": 1090392000, "costAndExpenses": 3193857000, "interestIncome": -5683000, "interestExpense": 1975000, "depreciationAndAmortization": 98290000, "ebitda": 443380000, "ebitdaratio": 0.1252858548, "operatingIncome": 345090000, "operatingIncomeRatio": 0.0975120566, "totalOtherIncomeExpensesNet": 348798000, "incomeBeforeTax": 348798000, "incomeBeforeTaxRatio": 0.0985598258, "incomeTaxExpense": 133932000, "netIncome": 214866000, "netIncomeRatio": 0.0607146702, "eps": 1.86, "epsdiluted": 1.81, "weightedAverageShsOut": 115616000, "weightedAverageShsOutDil": 118427000, "link": "https://www.sec.gov/Archives/edgar/data/719955/000119312506075968/0001193125-06-075968-index.htm", "finalLink": "https://www.sec.gov/Archives/edgar/data/719955/000119312506075968/d10k.htm", "calculatedOtherExpenses": 0, "calculatedOperatingExpenses": 1090392000, "calculatedNetInterest": -7658000, "calculatedOtherIncome": 11366000, "calculatedIncomeNonControlling": 0, "calculatedEbitda": 443380000}, {"date": "2005-01-30", "symbol": "WSM", "reportedCurrency": "USD", "cik": "0000719955", "fillingDate": "2005-04-15", "acceptedDate": "2005-04-15 09:01:45", "calendarYear": "2004", "period": "FY", "revenue": 3136931000, "costOfRevenue": 1865786000, "grossProfit": 1271145000, "grossProfitRatio": 0.4052193051, "researchAndDevelopmentExpenses": 0, "generalAndAdministrativeExpenses": 0, "sellingAndMarketingExpenses": 0, "sellingGeneralAndAdministrativeExpenses": 961176000, "otherExpenses": 0, "operatingExpenses": 961176000, "costAndExpenses": 2826962000, "interestIncome": -1939000, "interestExpense": 1703000, "depreciationAndAmortization": 89094000, "ebitda": 399063000, "ebitdaratio": 0.1272144653, "operatingIncome": 309969000, "operatingIncomeRatio": 0.0988128206, "totalOtherIncomeExpensesNet": 310205000, "incomeBeforeTax": 310205000, "incomeBeforeTaxRatio": 0.0988880533, "incomeTaxExpense": 118971000, "netIncome": 191234000, "netIncomeRatio": 0.0609621315, "eps": 1.65, "epsdiluted": 1.6, "weightedAverageShsOut": 116159000, "weightedAverageShsOutDil": 119347000, "link": "https://www.sec.gov/Archives/edgar/data/719955/000119312505077123/0001193125-05-077123-index.htm", "finalLink": "https://www.sec.gov/Archives/edgar/data/719955/000119312505077123/d10k.htm", "calculatedOtherExpenses": 0, "calculatedOperatingExpenses": 961176000, "calculatedNetInterest": -3642000, "calculatedOtherIncome": 3878000, "calculatedIncomeNonControlling": 0, "calculatedEbitda": 399063000}, {"date": "2004-02-01", "symbol": "WSM", "reportedCurrency": "USD", "cik": "0000719955", "fillingDate": "2004-04-15", "acceptedDate": "2004-04-15 17:14:15", "calendarYear": "2003", "period": "FY", "revenue": 2754368000, "costOfRevenue": 1643791000, "grossProfit": 1110577000, "grossProfitRatio": 0.4032057445, "researchAndDevelopmentExpenses": 0, "generalAndAdministrativeExpenses": 0, "sellingAndMarketingExpenses": 0, "sellingGeneralAndAdministrativeExpenses": 855790000, "otherExpenses": 0, "operatingExpenses": 855790000, "costAndExpenses": 2499581000, "interestIncome": 0, "interestExpense": -851000, "depreciationAndAmortization": 80271000, "ebitda": 335058000, "ebitdaratio": 0.1216460546, "operatingIncome": 254787000, "operatingIncomeRatio": 0.09250289, "totalOtherIncomeExpensesNet": 255638000, "incomeBeforeTax": 255638000, "incomeBeforeTaxRatio": 0.0928118538, "incomeTaxExpense": 98427000, "netIncome": 157211000, "netIncomeRatio": 0.0570769774, "eps": 1.36, "epsdiluted": 1.32, "weightedAverageShsOut": 115583000, "weightedAverageShsOutDil": 119016000, "link": "https://www.sec.gov/Archives/edgar/data/719955/000095014904000792/0000950149-04-000792-index.htm", "finalLink": "https://www.sec.gov/Archives/edgar/data/719955/000095014904000792/f97543e10vk.htm", "calculatedOtherExpenses": 0, "calculatedOperatingExpenses": 855790000, "calculatedNetInterest": 851000, "calculatedOtherIncome": 0, "calculatedIncomeNonControlling": 0, "calculatedEbitda": 335058000}, {"date": "2003-02-02", "symbol": "WSM", "reportedCurrency": "USD", "cik": "0000719955", "fillingDate": "2003-04-15", "acceptedDate": "2003-04-15 12:51:54", "calendarYear": "2002", "period": "FY", "revenue": 2360830000, "costOfRevenue": 1409229000, "grossProfit": 951601000, "grossProfitRatio": 0.4030790019, "researchAndDevelopmentExpenses": 0, "generalAndAdministrativeExpenses": 0, "sellingAndMarketingExpenses": 0, "sellingGeneralAndAdministrativeExpenses": 749299000, "otherExpenses": 0, "operatingExpenses": 749299000, "costAndExpenses": 2158528000, "interestIncome": 0, "interestExpense": 20000, "depreciationAndAmortization": 82712000, "ebitda": 285014000, "ebitdaratio": 0.1207261853, "operatingIncome": 202302000, "operatingIncomeRatio": 0.0856910493, "totalOtherIncomeExpensesNet": 202282000, "incomeBeforeTax": 202282000, "incomeBeforeTaxRatio": 0.0856825777, "incomeTaxExpense": 77879000, "netIncome": 124403000, "netIncomeRatio": 0.0526946032, "eps": 1.08, "epsdiluted": 1.04, "weightedAverageShsOut": 115100000, "weightedAverageShsOutDil": 119550000, "link": "https://www.sec.gov/Archives/edgar/data/719955/000095014903000871/0000950149-03-000871-index.htm", "finalLink": "https://www.sec.gov/Archives/edgar/data/719955/000095014903000871/f87217ke10vk.htm", "calculatedOtherExpenses": 0, "calculatedOperatingExpenses": 749299000, "calculatedNetInterest": -20000, "calculatedOtherIncome": 0, "calculatedIncomeNonControlling": 0, "calculatedEbitda": 285014000}, {"date": "2002-02-03", "symbol": "WSM", "reportedCurrency": "USD", "cik": "0000719955", "fillingDate": "2002-04-29", "acceptedDate": "2002-04-29 17:04:29", "calendarYear": "2001", "period": "FY", "revenue": 2086662000, "costOfRevenue": 1292673000, "grossProfit": 793989000, "grossProfitRatio": 0.3805067615, "researchAndDevelopmentExpenses": 0, "generalAndAdministrativeExpenses": 0, "sellingAndMarketingExpenses": 0, "sellingGeneralAndAdministrativeExpenses": 666015000, "otherExpenses": 0, "operatingExpenses": 666015000, "costAndExpenses": 1958688000, "interestIncome": 0, "interestExpense": 0, "depreciationAndAmortization": 71871000, "ebitda": 199845000, "ebitdaratio": 0.0957725784, "operatingIncome": 127974000, "operatingIncomeRatio": 0.0613295301, "totalOtherIncomeExpensesNet": 122106000, "incomeBeforeTax": 122106000, "incomeBeforeTaxRatio": 0.0585173833, "incomeTaxExpense": 47010000, "netIncome": 75096000, "netIncomeRatio": 0.0359885789, "eps": 0.67, "epsdiluted": 0.65, "weightedAverageShsOut": 112494000, "weightedAverageShsOutDil": 115440000, "link": "https://www.sec.gov/Archives/edgar/data/719955/000095014902000794/0000950149-02-000794-index.htm", "finalLink": "https://www.sec.gov/Archives/edgar/data/719955/000095014902000794/x78595ke10-k.txt", "calculatedOtherExpenses": 0, "calculatedOperatingExpenses": 666015000, "calculatedNetInterest": 0, "calculatedOtherIncome": -5868000, "calculatedIncomeNonControlling": 0, "calculatedEbitda": 199845000}, {"date": "2001-01-28", "symbol": "WSM", "reportedCurrency": "USD", "cik": "0000719955", "fillingDate": "2001-04-26", "acceptedDate": "2001-04-26 00:00:00", "calendarYear": "2000", "period": "FY", "revenue": 1829483000, "costOfRevenue": 1084324000, "grossProfit": 745159000, "grossProfitRatio": 0.4073057798, "researchAndDevelopmentExpenses": 0, "generalAndAdministrativeExpenses": 0, "sellingAndMarketingExpenses": 0, "sellingGeneralAndAdministrativeExpenses": 594112000, "otherExpenses": 51531000, "operatingExpenses": 645643000, "costAndExpenses": 1729967000, "interestIncome": 0, "interestExpense": 0, "depreciationAndAmortization": 51531000, "ebitda": 151047000, "ebitdaratio": 0.0825626693, "operatingIncome": 99516000, "operatingIncomeRatio": 0.0543956954, "totalOtherIncomeExpensesNet": 92329000, "incomeBeforeTax": 92329000, "incomeBeforeTaxRatio": 0.0504672632, "incomeTaxExpense": 35547000, "netIncome": 56782000, "netIncomeRatio": 0.0310371837, "eps": 0.51, "epsdiluted": 0.5, "weightedAverageShsOut": 111800000, "weightedAverageShsOutDil": 114920000, "link": "https://www.sec.gov/Archives/edgar/data/719955/000095014901500551/0000950149-01-500551-index.htm", "finalLink": "https://www.sec.gov/Archives/edgar/data/719955/000095014901500551/f71839e10-k.txt", "calculatedOtherExpenses": 51531000, "calculatedOperatingExpenses": 645643000, "calculatedNetInterest": 0, "calculatedOtherIncome": -7187000, "calculatedIncomeNonControlling": 0, "calculatedEbitda": 151047000}, {"date": "2000-01-30", "symbol": "WSM", "reportedCurrency": "USD", "cik": "0000719955", "fillingDate": "2000-05-01", "acceptedDate": "2000-05-01 00:00:00", "calendarYear": "1999", "period": "FY", "revenue": 1383993000, "costOfRevenue": 776454000, "grossProfit": 607539000, "grossProfitRatio": 0.4389754861, "researchAndDevelopmentExpenses": 0, "generalAndAdministrativeExpenses": 0, "sellingAndMarketingExpenses": 0, "sellingGeneralAndAdministrativeExpenses": 461823000, "otherExpenses": 36512000, "operatingExpenses": 498335000, "costAndExpenses": 1274789000, "interestIncome": 0, "interestExpense": 0, "depreciationAndAmortization": 36512000, "ebitda": 145716000, "ebitdaratio": 0.1052866597, "operatingIncome": 109204000, "operatingIncomeRatio": 0.0789050234, "totalOtherIncomeExpensesNet": 110721000, "incomeBeforeTax": 110721000, "incomeBeforeTaxRatio": 0.0800011272, "incomeTaxExpense": 42621000, "netIncome": 68100000, "netIncomeRatio": 0.0492054512, "eps": 0.61, "epsdiluted": 0.58, "weightedAverageShsOut": 112000000, "weightedAverageShsOutDil": 118000000, "link": "https://www.sec.gov/Archives/edgar/data/719955/000095014900000965/0000950149-00-000965-index.htm", "finalLink": "https://www.sec.gov/Archives/edgar/data/719955/000095014900000965/0000950149-00-000965.txt", "calculatedOtherExpenses": 36512000, "calculatedOperatingExpenses": 498335000, "calculatedNetInterest": 0, "calculatedOtherIncome": 1517000, "calculatedIncomeNonControlling": 0, "calculatedEbitda": 145716000}, {"date": "1999-01-31", "symbol": "WSM", "reportedCurrency": "USD", "cik": "0000719955", "fillingDate": "1999-04-30", "acceptedDate": "1999-04-30 00:00:00", "calendarYear": "1998", "period": "FY", "revenue": 1104000000, "costOfRevenue": 624500000, "grossProfit": 479500000, "grossProfitRatio": 0.4343297101, "researchAndDevelopmentExpenses": 0, "generalAndAdministrativeExpenses": 0, "sellingAndMarketingExpenses": 0, "sellingGeneralAndAdministrativeExpenses": 360900000, "otherExpenses": 26400000, "operatingExpenses": 387300000, "costAndExpenses": 1011800000, "interestIncome": 0, "interestExpense": 0, "depreciationAndAmortization": 26400000, "ebitda": 118600000, "ebitdaratio": 0.1074275362, "operatingIncome": 92200000, "operatingIncomeRatio": 0.0835144928, "totalOtherIncomeExpensesNet": 90700000, "incomeBeforeTax": 90700000, "incomeBeforeTaxRatio": 0.0821557971, "incomeTaxExpense": 35800000, "netIncome": 54900000, "netIncomeRatio": 0.0497282609, "eps": 0.51, "epsdiluted": 0.48, "weightedAverageShsOut": 108534000, "weightedAverageShsOutDil": 115310000, "link": "https://www.sec.gov/Archives/edgar/data/719955/000095014999000820/0000950149-99-000820-index.htm", "finalLink": "https://www.sec.gov/Archives/edgar/data/719955/0000950149-99-000820.txt", "calculatedOtherExpenses": 26400000, "calculatedOperatingExpenses": 387300000, "calculatedNetInterest": 0, "calculatedOtherIncome": -1500000, "calculatedIncomeNonControlling": 0, "calculatedEbitda": 118600000}, {"date": "1998-02-01", "symbol": "WSM", "reportedCurrency": "USD", "cik": "0000719955", "fillingDate": "1998-04-22", "acceptedDate": "1998-04-22 00:00:00", "calendarYear": "1997", "period": "FY", "revenue": 933300000, "costOfRevenue": 532800000, "grossProfit": 400500000, "grossProfitRatio": 0.4291224687, "researchAndDevelopmentExpenses": 0, "generalAndAdministrativeExpenses": 0, "sellingAndMarketingExpenses": 0, "sellingGeneralAndAdministrativeExpenses": 302700000, "otherExpenses": 24000000, "operatingExpenses": 326700000, "costAndExpenses": 859500000, "interestIncome": 0, "interestExpense": 0, "depreciationAndAmortization": 24000000, "ebitda": 97800000, "ebitdaratio": 0.1047894568, "operatingIncome": 73800000, "operatingIncomeRatio": 0.0790742527, "totalOtherIncomeExpensesNet": 70000000, "incomeBeforeTax": 70000000, "incomeBeforeTaxRatio": 0.0750026787, "incomeTaxExpense": 28700000, "netIncome": 41300000, "netIncomeRatio": 0.0442515804, "eps": 0.41, "epsdiluted": 0.38, "weightedAverageShsOut": 101975309, "weightedAverageShsOutDil": 110133333, "link": "https://www.sec.gov/Archives/edgar/data/719955/000095014998000750/0000950149-98-000750-index.htm", "finalLink": "https://www.sec.gov/Archives/edgar/data/719955/0000950149-98-000750.txt", "calculatedOtherExpenses": 24000000, "calculatedOperatingExpenses": 326700000, "calculatedNetInterest": 0, "calculatedOtherIncome": -3800000, "calculatedIncomeNonControlling": 0, "calculatedEbitda": 97800000}, {"date": "1997-02-02", "symbol": "WSM", "reportedCurrency": "USD", "cik": "0000719955", "fillingDate": "1997-05-01", "acceptedDate": "1997-05-01 00:00:00", "calendarYear": "1996", "period": "FY", "revenue": 811800000, "costOfRevenue": 472300000, "grossProfit": 339500000, "grossProfitRatio": 0.4182064548, "researchAndDevelopmentExpenses": 0, "generalAndAdministrativeExpenses": 0, "sellingAndMarketingExpenses": 0, "sellingGeneralAndAdministrativeExpenses": 274400000, "otherExpenses": 20900000, "operatingExpenses": 295300000, "costAndExpenses": 767600000, "interestIncome": 0, "interestExpense": 0, "depreciationAndAmortization": 20900000, "ebitda": 65100000, "ebitdaratio": 0.0801921656, "operatingIncome": 44200000, "operatingIncomeRatio": 0.0544469081, "totalOtherIncomeExpensesNet": 39200000, "incomeBeforeTax": 39200000, "incomeBeforeTaxRatio": 0.0482877556, "incomeTaxExpense": 16500000, "netIncome": 22700000, "netIncomeRatio": 0.0279625524, "eps": 0.23, "epsdiluted": 0.22, "weightedAverageShsOut": 100888889, "weightedAverageShsOutDil": 105581395, "link": "https://www.sec.gov/Archives/edgar/data/719955/000095014997000919/0000950149-97-000919-index.htm", "finalLink": "https://www.sec.gov/Archives/edgar/data/719955/0000950149-97-000919.txt", "calculatedOtherExpenses": 20900000, "calculatedOperatingExpenses": 295300000, "calculatedNetInterest": 0, "calculatedOtherIncome": -5000000, "calculatedIncomeNonControlling": 0, "calculatedEbitda": 65100000}, {"date": "1996-01-28", "symbol": "WSM", "reportedCurrency": "USD", "cik": "0000719955", "fillingDate": "1996-04-26", "acceptedDate": "1996-04-26 00:00:00", "calendarYear": "1995", "period": "FY", "revenue": 644700000, "costOfRevenue": 395800000, "grossProfit": 248900000, "grossProfitRatio": 0.3860710408, "researchAndDevelopmentExpenses": 0, "generalAndAdministrativeExpenses": 0, "sellingAndMarketingExpenses": 0, "sellingGeneralAndAdministrativeExpenses": 225400000, "otherExpenses": 14500000, "operatingExpenses": 239900000, "costAndExpenses": 635700000, "interestIncome": 0, "interestExpense": 0, "depreciationAndAmortization": 14500000, "ebitda": 23500000, "ebitdaratio": 0.0364510625, "operatingIncome": 9000000, "operatingIncomeRatio": 0.0139599814, "totalOtherIncomeExpensesNet": 4300000, "incomeBeforeTax": 4300000, "incomeBeforeTaxRatio": 0.0066697689, "incomeTaxExpense": 1800000, "netIncome": 2500000, "netIncomeRatio": 0.0038777726, "eps": 0.025, "epsdiluted": 0.025, "weightedAverageShsOut": 100000000, "weightedAverageShsOutDil": 100000000, "link": "https://www.sec.gov/Archives/edgar/data/719955/000095014996000427/0000950149-96-000427-index.htm", "finalLink": "https://www.sec.gov/Archives/edgar/data/719955/0000950149-96-000427.txt", "calculatedOtherExpenses": 14500000, "calculatedOperatingExpenses": 239900000, "calculatedNetInterest": 0, "calculatedOtherIncome": -4700000, "calculatedIncomeNonControlling": 0, "calculatedEbitda": 23500000}, {"date": "1995-01-29", "symbol": "WSM", "reportedCurrency": "USD", "cik": "0000719955", "fillingDate": "1995-04-28", "acceptedDate": "1995-04-28 00:00:00", "calendarYear": "1994", "period": "FY", "revenue": 528500000, "costOfRevenue": 306300000, "grossProfit": 222200000, "grossProfitRatio": 0.4204351939, "researchAndDevelopmentExpenses": 0, "generalAndAdministrativeExpenses": 0, "sellingAndMarketingExpenses": 0, "sellingGeneralAndAdministrativeExpenses": 177000000, "otherExpenses": 10500000, "operatingExpenses": 187500000, "costAndExpenses": 493800000, "interestIncome": 0, "interestExpense": 0, "depreciationAndAmortization": 10500000, "ebitda": 45200000, "ebitdaratio": 0.085525071, "operatingIncome": 34700000, "operatingIncomeRatio": 0.0656575213, "totalOtherIncomeExpensesNet": 33500000, "incomeBeforeTax": 33500000, "incomeBeforeTaxRatio": 0.0633869442, "incomeTaxExpense": 13900000, "netIncome": 19600000, "netIncomeRatio": 0.0370860927, "eps": 0.2, "epsdiluted": 0.19, "weightedAverageShsOut": 100512821, "weightedAverageShsOutDil": 103157895, "link": "https://www.sec.gov/Archives/edgar/data/719955/000095014995000224/0000950149-95-000224-index.htm", "finalLink": "https://www.sec.gov/Archives/edgar/data/719955/0000950149-95-000224.txt", "calculatedOtherExpenses": 10500000, "calculatedOperatingExpenses": 187500000, "calculatedNetInterest": 0, "calculatedOtherIncome": -1200000, "calculatedIncomeNonControlling": 0, "calculatedEbitda": 45200000}, {"date": "1994-01-31", "symbol": "WSM", "reportedCurrency": "USD", "cik": "0000719955", "fillingDate": "1994-01-31", "acceptedDate": "1994-01-31 00:00:00", "calendarYear": "1993", "period": "FY", "revenue": 410100000, "costOfRevenue": 244500000, "grossProfit": 165600000, "grossProfitRatio": 0.4038039503, "researchAndDevelopmentExpenses": 0, "generalAndAdministrativeExpenses": 0, "sellingAndMarketingExpenses": 0, "sellingGeneralAndAdministrativeExpenses": 133800000, "otherExpenses": 11200000, "operatingExpenses": 145000000, "costAndExpenses": 389500000, "interestIncome": 0, "interestExpense": 0, "depreciationAndAmortization": 11200000, "ebitda": 31800000, "ebitdaratio": 0.0775420629, "operatingIncome": 20600000, "operatingIncomeRatio": 0.0502316508, "totalOtherIncomeExpensesNet": 19400000, "incomeBeforeTax": 19400000, "incomeBeforeTaxRatio": 0.0473055352, "incomeTaxExpense": 8200000, "netIncome": 11200000, "netIncomeRatio": 0.0273104121, "eps": 0.12, "epsdiluted": 0.11, "weightedAverageShsOut": 97391304, "weightedAverageShsOutDil": 101818182, "link": null, "finalLink": null, "calculatedOtherExpenses": 11200000, "calculatedOperatingExpenses": 145000000, "calculatedNetInterest": 0, "calculatedOtherIncome": -1200000, "calculatedIncomeNonControlling": 0, "calculatedEbitda": 31800000}, {"date": "1993-01-31", "symbol": "WSM", "reportedCurrency": "USD", "cik": "0000719955", "fillingDate": "1993-01-31", "acceptedDate": "1993-01-31 00:00:00", "calendarYear": "1992", "period": "FY", "revenue": 344900000, "costOfRevenue": 210500000, "grossProfit": 134400000, "grossProfitRatio": 0.3896781676, "researchAndDevelopmentExpenses": 0, "generalAndAdministrativeExpenses": 0, "sellingAndMarketingExpenses": 0, "sellingGeneralAndAdministrativeExpenses": 119500000, "otherExpenses": 10400000, "operatingExpenses": 129900000, "costAndExpenses": 340400000, "interestIncome": 0, "interestExpense": 0, "depreciationAndAmortization": 10400000, "ebitda": 14900000, "ebitdaratio": 0.0432009278, "operatingIncome": 4500000, "operatingIncomeRatio": 0.0130472601, "totalOtherIncomeExpensesNet": 3000000, "incomeBeforeTax": 3000000, "incomeBeforeTaxRatio": 0.0086981734, "incomeTaxExpense": 1200000, "netIncome": 1800000, "netIncomeRatio": 0.005218904, "eps": 0.02, "epsdiluted": 0.02, "weightedAverageShsOut": 90000000, "weightedAverageShsOutDil": 90000000, "link": null, "finalLink": null, "calculatedOtherExpenses": 10400000, "calculatedOperatingExpenses": 129900000, "calculatedNetInterest": 0, "calculatedOtherIncome": -1500000, "calculatedIncomeNonControlling": 0, "calculatedEbitda": 14900000}, {"date": "1992-01-31", "symbol": "WSM", "reportedCurrency": "USD", "cik": "0000719955", "fillingDate": "1992-01-31", "acceptedDate": "1992-01-31 00:00:00", "calendarYear": "1991", "period": "FY", "revenue": 312700000, "costOfRevenue": 185000000, "grossProfit": 127700000, "grossProfitRatio": 0.4083786377, "researchAndDevelopmentExpenses": 0, "generalAndAdministrativeExpenses": 0, "sellingAndMarketingExpenses": 0, "sellingGeneralAndAdministrativeExpenses": 115700000, "otherExpenses": 8500000, "operatingExpenses": 124200000, "costAndExpenses": 309200000, "interestIncome": 0, "interestExpense": 0, "depreciationAndAmortization": 8500000, "ebitda": 12000000, "ebitdaratio": 0.0383754397, "operatingIncome": 3500000, "operatingIncomeRatio": 0.0111928366, "totalOtherIncomeExpensesNet": 2700000, "incomeBeforeTax": 2700000, "incomeBeforeTaxRatio": 0.0086344739, "incomeTaxExpense": 1100000, "netIncome": 1600000, "netIncomeRatio": 0.0051167253, "eps": 0.015, "epsdiluted": 0.015, "weightedAverageShsOut": 106666667, "weightedAverageShsOutDil": 106666667, "link": null, "finalLink": null, "calculatedOtherExpenses": 8500000, "calculatedOperatingExpenses": 124200000, "calculatedNetInterest": 0, "calculatedOtherIncome": -800000, "calculatedIncomeNonControlling": 0, "calculatedEbitda": 12000000}, {"date": "1991-01-31", "symbol": "WSM", "reportedCurrency": "USD", "cik": "0000719955", "fillingDate": "1991-01-31", "acceptedDate": "1991-01-31 00:00:00", "calendarYear": "1990", "period": "FY", "revenue": 287100000, "costOfRevenue": 161700000, "grossProfit": 125400000, "grossProfitRatio": 0.4367816092, "researchAndDevelopmentExpenses": 0, "generalAndAdministrativeExpenses": 0, "sellingAndMarketingExpenses": 0, "sellingGeneralAndAdministrativeExpenses": 98700000, "otherExpenses": 6400000, "operatingExpenses": 105100000, "costAndExpenses": 266800000, "interestIncome": 0, "interestExpense": 0, "depreciationAndAmortization": 6400000, "ebitda": 26700000, "ebitdaratio": 0.0929989551, "operatingIncome": 20300000, "operatingIncomeRatio": 0.0707070707, "totalOtherIncomeExpensesNet": 19000000, "incomeBeforeTax": 19000000, "incomeBeforeTaxRatio": 0.0661790317, "incomeTaxExpense": 7800000, "netIncome": 11200000, "netIncomeRatio": 0.0390107976, "eps": 0.12, "epsdiluted": 0.12, "weightedAverageShsOut": 93333333, "weightedAverageShsOutDil": 93333333, "link": null, "finalLink": null, "calculatedOtherExpenses": 6400000, "calculatedOperatingExpenses": 105100000, "calculatedNetInterest": 0, "calculatedOtherIncome": -1300000, "calculatedIncomeNonControlling": 0, "calculatedEbitda": 26700000}, {"date": "1990-01-31", "symbol": "WSM", "reportedCurrency": "USD", "cik": "0000719955", "fillingDate": "1990-01-31", "acceptedDate": "1990-01-31 00:00:00", "calendarYear": "1989", "period": "FY", "revenue": 218200000, "costOfRevenue": 123500000, "grossProfit": 94700000, "grossProfitRatio": 0.4340054995, "researchAndDevelopmentExpenses": 0, "generalAndAdministrativeExpenses": 0, "sellingAndMarketingExpenses": 0, "sellingGeneralAndAdministrativeExpenses": 72400000, "otherExpenses": 4700000, "operatingExpenses": 77100000, "costAndExpenses": 200600000, "interestIncome": 0, "interestExpense": 0, "depreciationAndAmortization": 4700000, "ebitda": 22300000, "ebitdaratio": 0.1021998167, "operatingIncome": 17600000, "operatingIncomeRatio": 0.080659945, "totalOtherIncomeExpensesNet": 15200000, "incomeBeforeTax": 15200000, "incomeBeforeTaxRatio": 0.0696608616, "incomeTaxExpense": 6200000, "netIncome": 9000000, "netIncomeRatio": 0.0412465628, "eps": 0.1, "epsdiluted": 0.1, "weightedAverageShsOut": 85714286, "weightedAverageShsOutDil": 85714286, "link": null, "finalLink": null, "calculatedOtherExpenses": 4700000, "calculatedOperatingExpenses": 77100000, "calculatedNetInterest": 0, "calculatedOtherIncome": -2400000, "calculatedIncomeNonControlling": 0, "calculatedEbitda": 22300000}, {"date": "1989-01-31", "symbol": "WSM", "reportedCurrency": "USD", "cik": "0000719955", "fillingDate": "1989-01-31", "acceptedDate": "1989-01-31 00:00:00", "calendarYear": "1988", "period": "FY", "revenue": 174200000, "costOfRevenue": 101800000, "grossProfit": 72400000, "grossProfitRatio": 0.4156142365, "researchAndDevelopmentExpenses": 0, "generalAndAdministrativeExpenses": 0, "sellingAndMarketingExpenses": 0, "sellingGeneralAndAdministrativeExpenses": 57200000, "otherExpenses": 4500000, "operatingExpenses": 61700000, "costAndExpenses": 163500000, "interestIncome": 0, "interestExpense": 0, "depreciationAndAmortization": 4500000, "ebitda": 15200000, "ebitdaratio": 0.0872560276, "operatingIncome": 10700000, "operatingIncomeRatio": 0.061423651, "totalOtherIncomeExpensesNet": 8700000, "incomeBeforeTax": 8700000, "incomeBeforeTaxRatio": 0.0499425947, "incomeTaxExpense": 3500000, "netIncome": 5200000, "netIncomeRatio": 0.0298507463, "eps": 0.07, "epsdiluted": 0.07, "weightedAverageShsOut": 80000000, "weightedAverageShsOutDil": 80000000, "link": null, "finalLink": null, "calculatedOtherExpenses": 4500000, "calculatedOperatingExpenses": 61700000, "calculatedNetInterest": 0, "calculatedOtherIncome": -2000000, "calculatedIncomeNonControlling": 0, "calculatedEbitda": 15200000}, {"date": "1988-01-31", "symbol": "WSM", "reportedCurrency": "USD", "cik": "0000719955", "fillingDate": "1988-01-31", "acceptedDate": "1988-01-31 00:00:00", "calendarYear": "1987", "period": "FY", "revenue": 136800000, "costOfRevenue": 80200000, "grossProfit": 56600000, "grossProfitRatio": 0.4137426901, "researchAndDevelopmentExpenses": 0, "generalAndAdministrativeExpenses": 0, "sellingAndMarketingExpenses": 0, "sellingGeneralAndAdministrativeExpenses": 46000000, "otherExpenses": 3200000, "operatingExpenses": 49200000, "costAndExpenses": 129400000, "interestIncome": 0, "interestExpense": 0, "depreciationAndAmortization": 3200000, "ebitda": 10600000, "ebitdaratio": 0.0774853801, "operatingIncome": 7400000, "operatingIncomeRatio": 0.0540935673, "totalOtherIncomeExpensesNet": 5800000, "incomeBeforeTax": 5800000, "incomeBeforeTaxRatio": 0.0423976608, "incomeTaxExpense": 2500000, "netIncome": 3300000, "netIncomeRatio": 0.024122807, "eps": 0.05, "epsdiluted": 0.05, "weightedAverageShsOut": 73333333, "weightedAverageShsOutDil": 73333333, "link": null, "finalLink": null, "calculatedOtherExpenses": 3200000, "calculatedOperatingExpenses": 49200000, "calculatedNetInterest": 0, "calculatedOtherIncome": -1600000, "calculatedIncomeNonControlling": 0, "calculatedEbitda": 10600000}, {"date": "1987-01-31", "symbol": "WSM", "reportedCurrency": "USD", "cik": "0000719955", "fillingDate": "1987-01-31", "acceptedDate": "1987-01-31 00:00:00", "calendarYear": "1986", "period": "FY", "revenue": 100400000, "costOfRevenue": 57600000, "grossProfit": 42800000, "grossProfitRatio": 0.4262948207, "researchAndDevelopmentExpenses": 0, "generalAndAdministrativeExpenses": 0, "sellingAndMarketingExpenses": 0, "sellingGeneralAndAdministrativeExpenses": 36300000, "otherExpenses": 2000000, "operatingExpenses": 38300000, "costAndExpenses": 95900000, "interestIncome": 0, "interestExpense": 0, "depreciationAndAmortization": 2000000, "ebitda": 6500000, "ebitdaratio": 0.0647410359, "operatingIncome": 4500000, "operatingIncomeRatio": 0.0448207171, "totalOtherIncomeExpensesNet": 3700000, "incomeBeforeTax": 3700000, "incomeBeforeTaxRatio": 0.0368525896, "incomeTaxExpense": 1900000, "netIncome": 1800000, "netIncomeRatio": 0.0179282869, "eps": 0.03, "epsdiluted": 0.03, "weightedAverageShsOut": 72000000, "weightedAverageShsOutDil": 72000000, "link": null, "finalLink": null, "calculatedOtherExpenses": 2000000, "calculatedOperatingExpenses": 38300000, "calculatedNetInterest": 0, "calculatedOtherIncome": -800000, "calculatedIncomeNonControlling": 0, "calculatedEbitda": 6500000}, {"date": "1986-01-31", "symbol": "WSM", "reportedCurrency": "USD", "cik": "0000719955", "fillingDate": "1986-01-31", "acceptedDate": "1986-01-31 00:00:00", "calendarYear": "1985", "period": "FY", "revenue": 68300000, "costOfRevenue": 36400000, "grossProfit": 31900000, "grossProfitRatio": 0.467057101, "researchAndDevelopmentExpenses": 0, "generalAndAdministrativeExpenses": 0, "sellingAndMarketingExpenses": 0, "sellingGeneralAndAdministrativeExpenses": 26200000, "otherExpenses": 1300000, "operatingExpenses": 27500000, "costAndExpenses": 63900000, "interestIncome": 0, "interestExpense": 0, "depreciationAndAmortization": 1300000, "ebitda": 5800000, "ebitdaratio": 0.0849194729, "operatingIncome": 4400000, "operatingIncomeRatio": 0.0644216691, "totalOtherIncomeExpensesNet": -100000, "incomeBeforeTax": 4300000, "incomeBeforeTaxRatio": 0.0629575403, "incomeTaxExpense": 1900000, "netIncome": 2400000, "netIncomeRatio": 0.0351390922, "eps": 0.03, "epsdiluted": 0.03, "weightedAverageShsOut": 80000000, "weightedAverageShsOutDil": 80000000, "link": null, "finalLink": null, "calculatedOtherExpenses": 1300000, "calculatedOperatingExpenses": 27500000, "calculatedNetInterest": 0, "calculatedOtherIncome": -100000, "calculatedIncomeNonControlling": 0, "calculatedEbitda": 5700000}]}