{"originalCurrency": "USD", "convertedCurrency": "USD", "report": [{"date": "2023-12-31", "symbol": "WSO", "reportedCurrency": "USD", "cik": "0000105016", "fillingDate": "2024-02-23", "acceptedDate": "2024-02-23 16:52:42", "calendarYear": "2023", "period": "FY", "revenue": 7283767000, "costOfRevenue": 5326717000, "grossProfit": 1957050000, "grossProfitRatio": 0.2686865189, "researchAndDevelopmentExpenses": 0, "generalAndAdministrativeExpenses": 1103026000, "sellingAndMarketingExpenses": 82600000, "sellingGeneralAndAdministrativeExpenses": 1185626000, "otherExpenses": 26177000, "operatingExpenses": 1185626000, "costAndExpenses": 6512343000, "interestIncome": 0, "interestExpense": 4920000, "depreciationAndAmortization": 35090000, "ebitda": 806514000, "ebitdaratio": 0.1107275947, "operatingIncome": 771424000, "operatingIncomeRatio": 0.1059100325, "totalOtherIncomeExpensesNet": 18466000, "incomeBeforeTax": 789890000, "incomeBeforeTaxRatio": 0.1084452592, "incomeTaxExpense": 155751000, "netIncome": 536337000, "netIncomeRatio": 0.073634563, "eps": 13.72, "epsdiluted": 13.67, "weightedAverageShsOut": 36406148, "weightedAverageShsOutDil": 36531683, "link": "https://www.sec.gov/Archives/edgar/data/105016/000119312524044609/0001193125-24-044609-index.htm", "finalLink": "https://www.sec.gov/Archives/edgar/data/105016/000119312524044609/d104765d10k.htm", "calculatedOtherExpenses": 0, "calculatedOperatingExpenses": 1185626000, "calculatedNetInterest": -4920000, "calculatedOtherIncome": 23386000, "calculatedIncomeNonControlling": 97802000, "calculatedEbitda": 806514000}, {"date": "2022-12-31", "symbol": "WSO", "reportedCurrency": "USD", "cik": "0000105016", "fillingDate": "2023-02-24", "acceptedDate": "2023-02-24 16:14:11", "calendarYear": "2022", "period": "FY", "revenue": 7274344000, "costOfRevenue": 5244055000, "grossProfit": 2030289000, "grossProfitRatio": 0.279102693, "researchAndDevelopmentExpenses": 0, "generalAndAdministrativeExpenses": 1134762000, "sellingAndMarketingExpenses": 86620000, "sellingGeneralAndAdministrativeExpenses": 1221382000, "otherExpenses": 22671000, "operatingExpenses": 1221382000, "costAndExpenses": 6465437000, "interestIncome": 2165000, "interestExpense": 2165000, "depreciationAndAmortization": 31683000, "ebitda": 831578000, "ebitdaratio": 0.1143165624, "operatingIncome": 831578000, "operatingIncomeRatio": 0.1143165624, "totalOtherIncomeExpensesNet": -2165000, "incomeBeforeTax": 829413000, "incomeBeforeTaxRatio": 0.1140189411, "incomeTaxExpense": 125717000, "netIncome": 601167000, "netIncomeRatio": 0.0826420912, "eps": 15.46, "epsdiluted": 15.41, "weightedAverageShsOut": 35564203, "weightedAverageShsOutDil": 35683634, "link": "https://www.sec.gov/Archives/edgar/data/105016/000119312523048758/0001193125-23-048758-index.htm", "finalLink": "https://www.sec.gov/Archives/edgar/data/105016/000119312523048758/d713254d10k.htm", "calculatedOtherExpenses": -22671000, "calculatedOperatingExpenses": 1198711000, "calculatedNetInterest": 0, "calculatedOtherIncome": -2165000, "calculatedIncomeNonControlling": 102529000, "calculatedEbitda": 863261000}, {"date": "2021-12-31", "symbol": "WSO", "reportedCurrency": "USD", "cik": "0000105016", "fillingDate": "2022-02-25", "acceptedDate": "2022-02-25 16:07:10", "calendarYear": "2021", "period": "FY", "revenue": 6280192000, "costOfRevenue": 4612647000, "grossProfit": 1667545000, "grossProfitRatio": 0.2655245254, "researchAndDevelopmentExpenses": 0, "generalAndAdministrativeExpenses": 987863000, "sellingAndMarketingExpenses": 70453000, "sellingGeneralAndAdministrativeExpenses": 1058316000, "otherExpenses": 19299000, "operatingExpenses": 1058316000, "costAndExpenses": 5670963000, "interestIncome": 996000, "interestExpense": 996000, "depreciationAndAmortization": 28127000, "ebitda": 628528000, "ebitdaratio": 0.1000810166, "operatingIncome": 628528000, "operatingIncomeRatio": 0.1000810166, "totalOtherIncomeExpensesNet": -996000, "incomeBeforeTax": 627532000, "incomeBeforeTaxRatio": 0.0999224228, "incomeTaxExpense": 128797000, "netIncome": 418945000, "netIncomeRatio": 0.0667089478, "eps": 10.83, "epsdiluted": 10.78, "weightedAverageShsOut": 35244230, "weightedAverageShsOutDil": 35423838, "link": "https://www.sec.gov/Archives/edgar/data/105016/000119312522054394/0001193125-22-054394-index.htm", "finalLink": "https://www.sec.gov/Archives/edgar/data/105016/000119312522054394/d278286d10k.htm", "calculatedOtherExpenses": -19299000, "calculatedOperatingExpenses": 1039017000, "calculatedNetInterest": 0, "calculatedOtherIncome": -996000, "calculatedIncomeNonControlling": 79790000, "calculatedEbitda": 656655000}, {"date": "2020-12-31", "symbol": "WSO", "reportedCurrency": "USD", "cik": "0000105016", "fillingDate": "2021-02-26", "acceptedDate": "2021-02-26 15:40:25", "calendarYear": "2020", "period": "FY", "revenue": 5054928000, "costOfRevenue": 3832107000, "grossProfit": 1222821000, "grossProfitRatio": 0.2419067097, "researchAndDevelopmentExpenses": 0, "generalAndAdministrativeExpenses": 778032000, "sellingAndMarketingExpenses": 55019000, "sellingGeneralAndAdministrativeExpenses": 833051000, "otherExpenses": 11264000, "operatingExpenses": 833051000, "costAndExpenses": 4665158000, "interestIncome": 1239000, "interestExpense": 1239000, "depreciationAndAmortization": 25908000, "ebitda": 401034000, "ebitdaratio": 0.0793352546, "operatingIncome": 401034000, "operatingIncomeRatio": 0.0793352546, "totalOtherIncomeExpensesNet": -1239000, "incomeBeforeTax": 399795000, "incomeBeforeTaxRatio": 0.0790901473, "incomeTaxExpense": 76623000, "netIncome": 269579000, "netIncomeRatio": 0.0533299386, "eps": 7.03, "epsdiluted": 7.01, "weightedAverageShsOut": 35069516, "weightedAverageShsOutDil": 35150571, "link": "https://www.sec.gov/Archives/edgar/data/105016/000119312521060167/0001193125-21-060167-index.htm", "finalLink": "https://www.sec.gov/Archives/edgar/data/105016/000119312521060167/d23330d10k.htm", "calculatedOtherExpenses": -11264000, "calculatedOperatingExpenses": 821787000, "calculatedNetInterest": 0, "calculatedOtherIncome": -1239000, "calculatedIncomeNonControlling": 53593000, "calculatedEbitda": 426942000}, {"date": "2019-12-31", "symbol": "WSO", "reportedCurrency": "USD", "cik": "0000105016", "fillingDate": "2020-02-28", "acceptedDate": "2020-02-28 15:11:51", "calendarYear": "2019", "period": "FY", "revenue": 4770362000, "costOfRevenue": 3613406000, "grossProfit": 1156956000, "grossProfitRatio": 0.2425300218, "researchAndDevelopmentExpenses": 0, "generalAndAdministrativeExpenses": 745545000, "sellingAndMarketingExpenses": 54783000, "sellingGeneralAndAdministrativeExpenses": 800328000, "otherExpenses": 10256000, "operatingExpenses": 800328000, "costAndExpenses": 4413734000, "interestIncome": 4032000, "interestExpense": 4032000, "depreciationAndAmortization": 24512000, "ebitda": 366884000, "ebitdaratio": 0.076909048, "operatingIncome": 366884000, "operatingIncomeRatio": 0.076909048, "totalOtherIncomeExpensesNet": -4032000, "incomeBeforeTax": 362852000, "incomeBeforeTaxRatio": 0.0760638291, "incomeTaxExpense": 67077000, "netIncome": 245950000, "netIncomeRatio": 0.0515579321, "eps": 6.51, "epsdiluted": 6.5, "weightedAverageShsOut": 34644700, "weightedAverageShsOutDil": 34675641, "link": "https://www.sec.gov/Archives/edgar/data/105016/000119312520056004/0001193125-20-056004-index.htm", "finalLink": "https://www.sec.gov/Archives/edgar/data/105016/000119312520056004/d838752d10k.htm", "calculatedOtherExpenses": -10256000, "calculatedOperatingExpenses": 790072000, "calculatedNetInterest": 0, "calculatedOtherIncome": -4032000, "calculatedIncomeNonControlling": 49825000, "calculatedEbitda": 391396000}, {"date": "2018-12-31", "symbol": "WSO", "reportedCurrency": "USD", "cik": "0000105016", "fillingDate": "2019-02-28", "acceptedDate": "2019-02-28 16:58:30", "calendarYear": "2018", "period": "FY", "revenue": 4546653000, "costOfRevenue": 3426401000, "grossProfit": 1120252000, "grossProfitRatio": 0.2463904767, "researchAndDevelopmentExpenses": 0, "generalAndAdministrativeExpenses": 757452000, "sellingAndMarketingExpenses": 51741000, "sellingGeneralAndAdministrativeExpenses": 757452000, "otherExpenses": 9282000, "operatingExpenses": 757452000, "costAndExpenses": 4183853000, "interestIncome": 0, "interestExpense": 2740000, "depreciationAndAmortization": 22095000, "ebitda": 372082000, "ebitdaratio": 0.081836463, "operatingIncome": 372082000, "operatingIncomeRatio": 0.081836463, "totalOtherIncomeExpensesNet": 9282000, "incomeBeforeTax": 369342000, "incomeBeforeTaxRatio": 0.0812338219, "incomeTaxExpense": 72813000, "netIncome": 242932000, "netIncomeRatio": 0.0534309524, "eps": 6.48, "epsdiluted": 6.48, "weightedAverageShsOut": 37461643, "weightedAverageShsOutDil": 37461643, "link": "https://www.sec.gov/Archives/edgar/data/105016/000119312519057858/0001193125-19-057858-index.htm", "finalLink": "https://www.sec.gov/Archives/edgar/data/105016/000119312519057858/d669461d10k.htm", "calculatedOtherExpenses": -9282000, "calculatedOperatingExpenses": 748170000, "calculatedNetInterest": -2740000, "calculatedOtherIncome": 0, "calculatedIncomeNonControlling": 53597000, "calculatedEbitda": 394177000}, {"date": "2017-12-31", "symbol": "WSO", "reportedCurrency": "USD", "cik": "0000105016", "fillingDate": "2018-03-01", "acceptedDate": "2018-03-01 16:22:35", "calendarYear": "2017", "period": "FY", "revenue": 4341955000, "costOfRevenue": 3276296000, "grossProfit": 1065659000, "grossProfitRatio": 0.2454329904, "researchAndDevelopmentExpenses": 0, "generalAndAdministrativeExpenses": 715671000, "sellingAndMarketingExpenses": 47670000, "sellingGeneralAndAdministrativeExpenses": 715671000, "otherExpenses": 3886000, "operatingExpenses": 715671000, "costAndExpenses": 3991967000, "interestIncome": 0, "interestExpense": 6363000, "depreciationAndAmortization": 22033000, "ebitda": 353874000, "ebitdaratio": 0.081501075, "operatingIncome": 353874000, "operatingIncomeRatio": 0.081501075, "totalOtherIncomeExpensesNet": 3886000, "incomeBeforeTax": 347511000, "incomeBeforeTaxRatio": 0.0800356061, "incomeTaxExpense": 90221000, "netIncome": 208221000, "netIncomeRatio": 0.0479555868, "eps": 5.12, "epsdiluted": 5.12, "weightedAverageShsOut": 37228715, "weightedAverageShsOutDil": 37228715, "link": "https://www.sec.gov/Archives/edgar/data/105016/000119312518067229/0001193125-18-067229-index.htm", "finalLink": "https://www.sec.gov/Archives/edgar/data/105016/000119312518067229/d465631d10k.htm", "calculatedOtherExpenses": -3886000, "calculatedOperatingExpenses": 711785000, "calculatedNetInterest": -6363000, "calculatedOtherIncome": 0, "calculatedIncomeNonControlling": 49069000, "calculatedEbitda": 375907000}, {"date": "2016-12-31", "symbol": "WSO", "reportedCurrency": "USD", "cik": "0000105016", "fillingDate": "2017-02-21", "acceptedDate": "2017-02-21 06:10:05", "calendarYear": "2016", "period": "FY", "revenue": 4220702000, "costOfRevenue": 3186118000, "grossProfit": 1034584000, "grossProfitRatio": 0.2451213092, "researchAndDevelopmentExpenses": 0, "generalAndAdministrativeExpenses": 688952000, "sellingAndMarketingExpenses": 42809000, "sellingGeneralAndAdministrativeExpenses": 688952000, "otherExpenses": 0, "operatingExpenses": 688952000, "costAndExpenses": 3875070000, "interestIncome": 0, "interestExpense": 3713000, "depreciationAndAmortization": 20066000, "ebitda": 345632000, "ebitdaratio": 0.0818896951, "operatingIncome": 345632000, "operatingIncomeRatio": 0.0818896951, "totalOtherIncomeExpensesNet": -3713000, "incomeBeforeTax": 341919000, "incomeBeforeTaxRatio": 0.0810099836, "incomeTaxExpense": 105936000, "netIncome": 182810000, "netIncomeRatio": 0.0433127001, "eps": 4.73, "epsdiluted": 4.73, "weightedAverageShsOut": 35530403, "weightedAverageShsOutDil": 35530403, "link": "https://www.sec.gov/Archives/edgar/data/105016/000119312517049156/0001193125-17-049156-index.htm", "finalLink": "https://www.sec.gov/Archives/edgar/data/105016/000119312517049156/d317671d10k.htm", "calculatedOtherExpenses": 0, "calculatedOperatingExpenses": 688952000, "calculatedNetInterest": -3713000, "calculatedOtherIncome": 0, "calculatedIncomeNonControlling": 53173000, "calculatedEbitda": 365698000}, {"date": "2015-12-31", "symbol": "WSO", "reportedCurrency": "USD", "cik": "0000105016", "fillingDate": "2016-02-29", "acceptedDate": "2016-02-29 14:33:08", "calendarYear": "2015", "period": "FY", "revenue": 4113239000, "costOfRevenue": 3105882000, "grossProfit": 1007357000, "grossProfitRatio": 0.2449060218, "researchAndDevelopmentExpenses": 0, "generalAndAdministrativeExpenses": 670609000, "sellingAndMarketingExpenses": 41345000, "sellingGeneralAndAdministrativeExpenses": 670609000, "otherExpenses": 0, "operatingExpenses": 670609000, "costAndExpenses": 3776491000, "interestIncome": 0, "interestExpense": 5547000, "depreciationAndAmortization": 19117000, "ebitda": 336748000, "ebitdaratio": 0.0818693006, "operatingIncome": 336748000, "operatingIncomeRatio": 0.0818693006, "totalOtherIncomeExpensesNet": -5547000, "incomeBeforeTax": 331201000, "incomeBeforeTaxRatio": 0.0805207283, "incomeTaxExpense": 104677000, "netIncome": 172929000, "netIncomeRatio": 0.0420420501, "eps": 4.51, "epsdiluted": 4.51, "weightedAverageShsOut": 35311493, "weightedAverageShsOutDil": 35311493, "link": "https://www.sec.gov/Archives/edgar/data/105016/000119312516484870/0001193125-16-484870-index.htm", "finalLink": "https://www.sec.gov/Archives/edgar/data/105016/000119312516484870/d103362d10k.htm", "calculatedOtherExpenses": 0, "calculatedOperatingExpenses": 670609000, "calculatedNetInterest": -5547000, "calculatedOtherIncome": 0, "calculatedIncomeNonControlling": 53595000, "calculatedEbitda": 355865000}, {"date": "2014-12-31", "symbol": "WSO", "reportedCurrency": "USD", "cik": "0000105016", "fillingDate": "2015-02-24", "acceptedDate": "2015-02-24 17:26:59", "calendarYear": "2014", "period": "FY", "revenue": 3944540000, "costOfRevenue": 2988138000, "grossProfit": 956402000, "grossProfitRatio": 0.2424622389, "researchAndDevelopmentExpenses": 0, "generalAndAdministrativeExpenses": 650655000, "sellingAndMarketingExpenses": 43324000, "sellingGeneralAndAdministrativeExpenses": 650655000, "otherExpenses": 0, "operatingExpenses": 650655000, "costAndExpenses": 3638793000, "interestIncome": 0, "interestExpense": 5206000, "depreciationAndAmortization": 17927000, "ebitda": 305747000, "ebitdaratio": 0.0775114462, "operatingIncome": 305747000, "operatingIncomeRatio": 0.0775114462, "totalOtherIncomeExpensesNet": -5206000, "incomeBeforeTax": 300541000, "incomeBeforeTaxRatio": 0.0761916472, "incomeTaxExpense": 91839000, "netIncome": 151387000, "netIncomeRatio": 0.0383788731, "eps": 4, "epsdiluted": 4, "weightedAverageShsOut": 35006621, "weightedAverageShsOutDil": 35006621, "link": "https://www.sec.gov/Archives/edgar/data/105016/000119312515060230/0001193125-15-060230-index.htm", "finalLink": "https://www.sec.gov/Archives/edgar/data/105016/000119312515060230/d841239d10k.htm", "calculatedOtherExpenses": 0, "calculatedOperatingExpenses": 650655000, "calculatedNetInterest": -5206000, "calculatedOtherIncome": 0, "calculatedIncomeNonControlling": 57315000, "calculatedEbitda": 323674000}, {"date": "2013-12-31", "symbol": "WSO", "reportedCurrency": "USD", "cik": "0000105016", "fillingDate": "2014-02-27", "acceptedDate": "2014-02-27 15:18:00", "calendarYear": "2013", "period": "FY", "revenue": 3743330000, "costOfRevenue": 2844077000, "grossProfit": 899253000, "grossProfitRatio": 0.2402280857, "researchAndDevelopmentExpenses": 0, "generalAndAdministrativeExpenses": 628044000, "sellingAndMarketingExpenses": 39395000, "sellingGeneralAndAdministrativeExpenses": 628044000, "otherExpenses": 0, "operatingExpenses": 628044000, "costAndExpenses": 3472121000, "interestIncome": 0, "interestExpense": 5830000, "depreciationAndAmortization": 17706000, "ebitda": 271209000, "ebitdaratio": 0.0724512667, "operatingIncome": 271209000, "operatingIncomeRatio": 0.0724512667, "totalOtherIncomeExpensesNet": -5830000, "incomeBeforeTax": 265379000, "incomeBeforeTaxRatio": 0.0708938298, "incomeTaxExpense": 77660000, "netIncome": 127723000, "netIncomeRatio": 0.034120155, "eps": 3.42, "epsdiluted": 3.42, "weightedAverageShsOut": 34727121, "weightedAverageShsOutDil": 34727121, "link": "https://www.sec.gov/Archives/edgar/data/105016/000119312514072668/0001193125-14-072668-index.htm", "finalLink": "https://www.sec.gov/Archives/edgar/data/105016/000119312514072668/d633852d10k.htm", "calculatedOtherExpenses": 0, "calculatedOperatingExpenses": 628044000, "calculatedNetInterest": -5830000, "calculatedOtherIncome": 0, "calculatedIncomeNonControlling": 59996000, "calculatedEbitda": 288915000}, {"date": "2012-12-31", "symbol": "WSO", "reportedCurrency": "USD", "cik": "0000105016", "fillingDate": "2013-02-28", "acceptedDate": "2013-02-28 16:57:02", "calendarYear": "2012", "period": "FY", "revenue": 3431712000, "costOfRevenue": 2617317000, "grossProfit": 814395000, "grossProfitRatio": 0.2373144949, "researchAndDevelopmentExpenses": 0, "generalAndAdministrativeExpenses": 589487000, "sellingAndMarketingExpenses": 37676000, "sellingGeneralAndAdministrativeExpenses": 589487000, "otherExpenses": 0, "operatingExpenses": 589487000, "costAndExpenses": 3206804000, "interestIncome": 0, "interestExpense": 4665000, "depreciationAndAmortization": 15911000, "ebitda": 224908000, "ebitdaratio": 0.0655381337, "operatingIncome": 224908000, "operatingIncomeRatio": 0.0655381337, "totalOtherIncomeExpensesNet": -4665000, "incomeBeforeTax": 220243000, "incomeBeforeTaxRatio": 0.0641787539, "incomeTaxExpense": 62642000, "netIncome": 103334000, "netIncomeRatio": 0.0301115012, "eps": 2.48, "epsdiluted": 2.48, "weightedAverageShsOut": 34521310, "weightedAverageShsOutDil": 34521310, "link": "https://www.sec.gov/Archives/edgar/data/105016/000119312513084635/0001193125-13-084635-index.htm", "finalLink": "https://www.sec.gov/Archives/edgar/data/105016/000119312513084635/d451869d10k.htm", "calculatedOtherExpenses": 0, "calculatedOperatingExpenses": 589487000, "calculatedNetInterest": -4665000, "calculatedOtherIncome": 0, "calculatedIncomeNonControlling": 54267000, "calculatedEbitda": 240819000}, {"date": "2011-12-31", "symbol": "WSO", "reportedCurrency": "USD", "cik": "0000105016", "fillingDate": "2012-02-29", "acceptedDate": "2012-02-29 10:44:58", "calendarYear": "2011", "period": "FY", "revenue": 2977759000, "costOfRevenue": 2249465000, "grossProfit": 728294000, "grossProfitRatio": 0.2445778856, "researchAndDevelopmentExpenses": 0, "generalAndAdministrativeExpenses": 529244000, "sellingAndMarketingExpenses": 0, "sellingGeneralAndAdministrativeExpenses": 529244000, "otherExpenses": 0, "operatingExpenses": 529244000, "costAndExpenses": 2778709000, "interestIncome": 0, "interestExpense": 51750000, "depreciationAndAmortization": 11725000, "ebitda": 199050000, "ebitdaratio": 0.0668455708, "operatingIncome": 199050000, "operatingIncomeRatio": 0.0668455708, "totalOtherIncomeExpensesNet": -4458000, "incomeBeforeTax": 194592000, "incomeBeforeTaxRatio": 0.0653484718, "incomeTaxExpense": 56850000, "netIncome": 90450000, "netIncomeRatio": 0.0303751915, "eps": 2.74, "epsdiluted": 2.74, "weightedAverageShsOut": 33005341, "weightedAverageShsOutDil": 33005341, "link": "https://www.sec.gov/Archives/edgar/data/105016/000119312512087592/0001193125-12-087592-index.htm", "finalLink": "https://www.sec.gov/Archives/edgar/data/105016/000119312512087592/d254911d10k.htm", "calculatedOtherExpenses": 0, "calculatedOperatingExpenses": 529244000, "calculatedNetInterest": -51750000, "calculatedOtherIncome": 47292000, "calculatedIncomeNonControlling": 47292000, "calculatedEbitda": 210775000}, {"date": "2010-12-31", "symbol": "WSO", "reportedCurrency": "USD", "cik": "0000105016", "fillingDate": "2011-03-01", "acceptedDate": "2011-03-01 10:35:09", "calendarYear": "2010", "period": "FY", "revenue": 2844595000, "costOfRevenue": 2171354000, "grossProfit": 673241000, "grossProfitRatio": 0.236673762, "researchAndDevelopmentExpenses": 0, "generalAndAdministrativeExpenses": 507669000, "sellingAndMarketingExpenses": 0, "sellingGeneralAndAdministrativeExpenses": 507669000, "otherExpenses": 0, "operatingExpenses": 507669000, "costAndExpenses": 2679023000, "interestIncome": 0, "interestExpense": 3490000, "depreciationAndAmortization": 10771000, "ebitda": 165572000, "ebitdaratio": 0.0582058254, "operatingIncome": 165572000, "operatingIncomeRatio": 0.0582058254, "totalOtherIncomeExpensesNet": -3490000, "incomeBeforeTax": 162082000, "incomeBeforeTaxRatio": 0.0569789372, "incomeTaxExpense": 50360000, "netIncome": 80760000, "netIncomeRatio": 0.0283906848, "eps": 2.49, "epsdiluted": 2.49, "weightedAverageShsOut": 32449425, "weightedAverageShsOutDil": 32449425, "link": "https://www.sec.gov/Archives/edgar/data/105016/000119312511051303/0001193125-11-051303-index.htm", "finalLink": "https://www.sec.gov/Archives/edgar/data/105016/000119312511051303/d10k.htm", "calculatedOtherExpenses": 0, "calculatedOperatingExpenses": 507669000, "calculatedNetInterest": -3490000, "calculatedOtherIncome": 0, "calculatedIncomeNonControlling": 30962000, "calculatedEbitda": 176343000}, {"date": "2009-12-31", "symbol": "WSO", "reportedCurrency": "USD", "cik": "0000105016", "fillingDate": "2010-02-26", "acceptedDate": "2010-02-26 17:11:36", "calendarYear": "2009", "period": "FY", "revenue": 2001815000, "costOfRevenue": 1520983000, "grossProfit": 480832000, "grossProfitRatio": 0.2401980203, "researchAndDevelopmentExpenses": 0, "generalAndAdministrativeExpenses": 399772000, "sellingAndMarketingExpenses": 0, "sellingGeneralAndAdministrativeExpenses": 399772000, "otherExpenses": 0, "operatingExpenses": 399772000, "costAndExpenses": 1920755000, "interestIncome": 0, "interestExpense": 2731000, "depreciationAndAmortization": 8533000, "ebitda": 81060000, "ebitdaratio": 0.0404932524, "operatingIncome": 81060000, "operatingIncomeRatio": 0.0404932524, "totalOtherIncomeExpensesNet": -2731000, "incomeBeforeTax": 78329000, "incomeBeforeTaxRatio": 0.0391289904, "incomeTaxExpense": 26756000, "netIncome": 43314000, "netIncomeRatio": 0.0216373641, "eps": 1.4, "epsdiluted": 1.4, "weightedAverageShsOut": 28521000, "weightedAverageShsOutDil": 28521000, "link": "https://www.sec.gov/Archives/edgar/data/105016/000119312510043122/0001193125-10-043122-index.htm", "finalLink": "https://www.sec.gov/Archives/edgar/data/105016/000119312510043122/d10k.htm", "calculatedOtherExpenses": 0, "calculatedOperatingExpenses": 399772000, "calculatedNetInterest": -2731000, "calculatedOtherIncome": 0, "calculatedIncomeNonControlling": 8259000, "calculatedEbitda": 89593000}, {"date": "2008-12-31", "symbol": "WSO", "reportedCurrency": "USD", "cik": "0000105016", "fillingDate": "2009-02-27", "acceptedDate": "2009-02-27 15:57:29", "calendarYear": "2008", "period": "FY", "revenue": 1700237000, "costOfRevenue": 1258243000, "grossProfit": 441994000, "grossProfitRatio": 0.2599602291, "researchAndDevelopmentExpenses": 0, "generalAndAdministrativeExpenses": 343386000, "sellingAndMarketingExpenses": 0, "sellingGeneralAndAdministrativeExpenses": 343386000, "otherExpenses": 0, "operatingExpenses": 343386000, "costAndExpenses": 1601629000, "interestIncome": 0, "interestExpense": 2018000, "depreciationAndAmortization": 7071000, "ebitda": 98608000, "ebitdaratio": 0.0579966205, "operatingIncome": 98608000, "operatingIncomeRatio": 0.0579966205, "totalOtherIncomeExpensesNet": -2018000, "incomeBeforeTax": 96590000, "incomeBeforeTaxRatio": 0.0568097271, "incomeTaxExpense": 36221000, "netIncome": 60369000, "netIncomeRatio": 0.0355062265, "eps": 2.28, "epsdiluted": 2.18, "weightedAverageShsOut": 26453000, "weightedAverageShsOutDil": 27736000, "link": "https://www.sec.gov/Archives/edgar/data/105016/000119312509040910/0001193125-09-040910-index.htm", "finalLink": "https://www.sec.gov/Archives/edgar/data/105016/000119312509040910/d10k.htm", "calculatedOtherExpenses": 0, "calculatedOperatingExpenses": 343386000, "calculatedNetInterest": -2018000, "calculatedOtherIncome": 0, "calculatedIncomeNonControlling": 0, "calculatedEbitda": 105679000}, {"date": "2007-12-31", "symbol": "WSO", "reportedCurrency": "USD", "cik": "0000105016", "fillingDate": "2008-02-29", "acceptedDate": "2008-02-29 15:26:12", "calendarYear": "2007", "period": "FY", "revenue": 1758022000, "costOfRevenue": 1311037000, "grossProfit": 446985000, "grossProfitRatio": 0.2542544974, "researchAndDevelopmentExpenses": 0, "generalAndAdministrativeExpenses": 335831000, "sellingAndMarketingExpenses": 0, "sellingGeneralAndAdministrativeExpenses": 335831000, "otherExpenses": 0, "operatingExpenses": 335831000, "costAndExpenses": 1646868000, "interestIncome": 0, "interestExpense": 5084000, "depreciationAndAmortization": 6420000, "ebitda": 117574000, "ebitdaratio": 0.0668785715, "operatingIncome": 111154000, "operatingIncomeRatio": 0.0632267401, "totalOtherIncomeExpensesNet": -3172000, "incomeBeforeTax": 107982000, "incomeBeforeTaxRatio": 0.0614224395, "incomeTaxExpense": 40493000, "netIncome": 65577000, "netIncomeRatio": 0.037301581, "eps": 2.49, "epsdiluted": 2.36, "weightedAverageShsOut": 26297000, "weightedAverageShsOutDil": 27824000, "link": "https://www.sec.gov/Archives/edgar/data/105016/000119312508043545/0001193125-08-043545-index.htm", "finalLink": "https://www.sec.gov/Archives/edgar/data/105016/000119312508043545/d10k.htm", "calculatedOtherExpenses": 0, "calculatedOperatingExpenses": 335831000, "calculatedNetInterest": -5084000, "calculatedOtherIncome": 1912000, "calculatedIncomeNonControlling": 1912000, "calculatedEbitda": 117574000}, {"date": "2006-12-31", "symbol": "WSO", "reportedCurrency": "USD", "cik": "0000105016", "fillingDate": "2007-03-01", "acceptedDate": "2007-03-01 13:57:11", "calendarYear": "2006", "period": "FY", "revenue": 1800759000, "costOfRevenue": 1337859000, "grossProfit": 462900000, "grossProfitRatio": 0.2570582738, "researchAndDevelopmentExpenses": 0, "generalAndAdministrativeExpenses": 327297000, "sellingAndMarketingExpenses": 0, "sellingGeneralAndAdministrativeExpenses": 327297000, "otherExpenses": 0, "operatingExpenses": 327297000, "costAndExpenses": 1665156000, "interestIncome": 0, "interestExpense": 3820000, "depreciationAndAmortization": 5908000, "ebitda": 141511000, "ebitdaratio": 0.0785840859, "operatingIncome": 135603000, "operatingIncomeRatio": 0.0753032471, "totalOtherIncomeExpensesNet": -3820000, "incomeBeforeTax": 131783000, "incomeBeforeTaxRatio": 0.0731819194, "incomeTaxExpense": 49419000, "netIncome": 82364000, "netIncomeRatio": 0.0457384914, "eps": 3.15, "epsdiluted": 2.96, "weightedAverageShsOut": 26150000, "weightedAverageShsOutDil": 27829000, "link": "https://www.sec.gov/Archives/edgar/data/105016/000119312507044058/0001193125-07-044058-index.htm", "finalLink": "https://www.sec.gov/Archives/edgar/data/105016/000119312507044058/d10k.htm", "calculatedOtherExpenses": 0, "calculatedOperatingExpenses": 327297000, "calculatedNetInterest": -3820000, "calculatedOtherIncome": 0, "calculatedIncomeNonControlling": 0, "calculatedEbitda": 141511000}, {"date": "2005-12-31", "symbol": "WSO", "reportedCurrency": "USD", "cik": "0000105016", "fillingDate": "2006-03-16", "acceptedDate": "2006-03-16 16:07:15", "calendarYear": "2005", "period": "FY", "revenue": 1682724000, "costOfRevenue": 1259694000, "grossProfit": 423030000, "grossProfitRatio": 0.2513959509, "researchAndDevelopmentExpenses": 0, "generalAndAdministrativeExpenses": 306572000, "sellingAndMarketingExpenses": 0, "sellingGeneralAndAdministrativeExpenses": 306572000, "otherExpenses": 0, "operatingExpenses": 306572000, "costAndExpenses": 1566266000, "interestIncome": 0, "interestExpense": 3342000, "depreciationAndAmortization": 8717000, "ebitda": 125175000, "ebitdaratio": 0.0743883132, "operatingIncome": 116458000, "operatingIncomeRatio": 0.0692080222, "totalOtherIncomeExpensesNet": -3342000, "incomeBeforeTax": 113116000, "incomeBeforeTaxRatio": 0.0672219568, "incomeTaxExpense": 43097000, "netIncome": 70019000, "netIncomeRatio": 0.0416105077, "eps": 2.69, "epsdiluted": 2.52, "weightedAverageShsOut": 26049000, "weightedAverageShsOutDil": 27769000, "link": "https://www.sec.gov/Archives/edgar/data/105016/000119312506056680/0001193125-06-056680-index.htm", "finalLink": "https://www.sec.gov/Archives/edgar/data/105016/000119312506056680/d10k.htm", "calculatedOtherExpenses": 0, "calculatedOperatingExpenses": 306572000, "calculatedNetInterest": -3342000, "calculatedOtherIncome": 0, "calculatedIncomeNonControlling": 0, "calculatedEbitda": 125175000}, {"date": "2004-12-31", "symbol": "WSO", "reportedCurrency": "USD", "cik": "0000105016", "fillingDate": "2005-03-16", "acceptedDate": "2005-03-16 16:05:21", "calendarYear": "2004", "period": "FY", "revenue": 1315024000, "costOfRevenue": 978089000, "grossProfit": 336935000, "grossProfitRatio": 0.2562196583, "researchAndDevelopmentExpenses": 0, "generalAndAdministrativeExpenses": 254883000, "sellingAndMarketingExpenses": 0, "sellingGeneralAndAdministrativeExpenses": 254883000, "otherExpenses": 0, "operatingExpenses": 254883000, "costAndExpenses": 1232972000, "interestIncome": 0, "interestExpense": 4413000, "depreciationAndAmortization": 7767000, "ebitda": 89819000, "ebitdaratio": 0.0683021755, "operatingIncome": 82052000, "operatingIncomeRatio": 0.0623958194, "totalOtherIncomeExpensesNet": -4413000, "incomeBeforeTax": 77639000, "incomeBeforeTaxRatio": 0.0590399871, "incomeTaxExpense": 29534000, "netIncome": 48105000, "netIncomeRatio": 0.0365810814, "eps": 1.89, "epsdiluted": 1.79, "weightedAverageShsOut": 25507000, "weightedAverageShsOutDil": 26931000, "link": "https://www.sec.gov/Archives/edgar/data/105016/000119312505052728/0001193125-05-052728-index.htm", "finalLink": "https://www.sec.gov/Archives/edgar/data/105016/000119312505052728/d10k.htm", "calculatedOtherExpenses": 0, "calculatedOperatingExpenses": 254883000, "calculatedNetInterest": -4413000, "calculatedOtherIncome": 0, "calculatedIncomeNonControlling": 0, "calculatedEbitda": 89819000}, {"date": "2003-12-31", "symbol": "WSO", "reportedCurrency": "USD", "cik": "0000105016", "fillingDate": "2004-03-15", "acceptedDate": "2004-03-15 15:42:25", "calendarYear": "2003", "period": "FY", "revenue": 1232908000, "costOfRevenue": 927825000, "grossProfit": 305083000, "grossProfitRatio": 0.2474499314, "researchAndDevelopmentExpenses": 0, "generalAndAdministrativeExpenses": 243894000, "sellingAndMarketingExpenses": 0, "sellingGeneralAndAdministrativeExpenses": 243894000, "otherExpenses": 0, "operatingExpenses": 243894000, "costAndExpenses": 1171719000, "interestIncome": 0, "interestExpense": 5509000, "depreciationAndAmortization": 7418000, "ebitda": 68607000, "ebitdaratio": 0.0556464878, "operatingIncome": 61189000, "operatingIncomeRatio": 0.0496298183, "totalOtherIncomeExpensesNet": -5509000, "incomeBeforeTax": 55680000, "incomeBeforeTaxRatio": 0.0451615206, "incomeTaxExpense": 20785000, "netIncome": 34895000, "netIncomeRatio": 0.028303004, "eps": 1.39, "epsdiluted": 1.34, "weightedAverageShsOut": 25086000, "weightedAverageShsOutDil": 26037000, "link": "https://www.sec.gov/Archives/edgar/data/105016/000119312504042160/0001193125-04-042160-index.htm", "finalLink": "https://www.sec.gov/Archives/edgar/data/105016/000119312504042160/d10k.htm", "calculatedOtherExpenses": 0, "calculatedOperatingExpenses": 243894000, "calculatedNetInterest": -5509000, "calculatedOtherIncome": 0, "calculatedIncomeNonControlling": 0, "calculatedEbitda": 68607000}, {"date": "2002-12-31", "symbol": "WSO", "reportedCurrency": "USD", "cik": "0000105016", "fillingDate": "2003-03-31", "acceptedDate": "2003-03-31 16:00:38", "calendarYear": "2002", "period": "FY", "revenue": 1181136000, "costOfRevenue": 893614000, "grossProfit": 287522000, "grossProfitRatio": 0.2434283605, "researchAndDevelopmentExpenses": 0, "generalAndAdministrativeExpenses": 236891000, "sellingAndMarketingExpenses": 0, "sellingGeneralAndAdministrativeExpenses": 236891000, "otherExpenses": -246000, "operatingExpenses": 236645000, "costAndExpenses": 1130259000, "interestIncome": 0, "interestExpense": 6850000, "depreciationAndAmortization": 8111000, "ebitda": 58695000, "ebitdaratio": 0.0496936847, "operatingIncome": 50924000, "operatingIncomeRatio": 0.0431144254, "totalOtherIncomeExpensesNet": 293000, "incomeBeforeTax": 43734000, "incomeBeforeTaxRatio": 0.0370270655, "incomeTaxExpense": 15198000, "netIncome": 28536000, "netIncomeRatio": 0.0241597919, "eps": 1.12, "epsdiluted": 1.07, "weightedAverageShsOut": 25558000, "weightedAverageShsOutDil": 26674000, "link": "https://www.sec.gov/Archives/edgar/data/105016/000102140803005436/0001021408-03-005436-index.htm", "finalLink": "https://www.sec.gov/Archives/edgar/data/105016/000102140803005436/d10k.txt", "calculatedOtherExpenses": -293000, "calculatedOperatingExpenses": 236598000, "calculatedNetInterest": -6850000, "calculatedOtherIncome": -340000, "calculatedIncomeNonControlling": 0, "calculatedEbitda": 59035000}, {"date": "2001-12-31", "symbol": "WSO", "reportedCurrency": "USD", "cik": "0000105016", "fillingDate": "2002-03-29", "acceptedDate": "2002-03-29 00:00:00", "calendarYear": "2001", "period": "FY", "revenue": 1238646000, "costOfRevenue": 939606000, "grossProfit": 299040000, "grossProfitRatio": 0.2414249107, "researchAndDevelopmentExpenses": 0, "generalAndAdministrativeExpenses": 247847000, "sellingAndMarketingExpenses": 0, "sellingGeneralAndAdministrativeExpenses": 247847000, "otherExpenses": 0, "operatingExpenses": 247847000, "costAndExpenses": 1187453000, "interestIncome": 0, "interestExpense": 15693000, "depreciationAndAmortization": 12083000, "ebitda": 66145000, "ebitdaratio": 0.0534010524, "operatingIncome": 48324000, "operatingIncomeRatio": 0.039013568, "totalOtherIncomeExpensesNet": -2869000, "incomeBeforeTax": 38369000, "incomeBeforeTaxRatio": 0.0309765663, "incomeTaxExpense": 13928000, "netIncome": 24441000, "netIncomeRatio": 0.01973203, "eps": 0.94, "epsdiluted": 0.9, "weightedAverageShsOut": 25946110, "weightedAverageShsOutDil": 27251051, "link": "https://www.sec.gov/Archives/edgar/data/105016/000102140802004328/0001021408-02-004328-index.htm", "finalLink": "https://www.sec.gov/Archives/edgar/data/105016/000102140802004328/d10k405.txt", "calculatedOtherExpenses": 2869000, "calculatedOperatingExpenses": 250716000, "calculatedNetInterest": -15693000, "calculatedOtherIncome": 5738000, "calculatedIncomeNonControlling": 0, "calculatedEbitda": 60407000}, {"date": "2000-12-31", "symbol": "WSO", "reportedCurrency": "USD", "cik": "0000105016", "fillingDate": "2001-04-02", "acceptedDate": "2001-04-02 00:00:00", "calendarYear": "2000", "period": "FY", "revenue": 1306642000, "costOfRevenue": 999117000, "grossProfit": 307525000, "grossProfitRatio": 0.2353552082, "researchAndDevelopmentExpenses": 0, "generalAndAdministrativeExpenses": 253229000, "sellingAndMarketingExpenses": 0, "sellingGeneralAndAdministrativeExpenses": 253229000, "otherExpenses": 0, "operatingExpenses": 253229000, "costAndExpenses": 1252346000, "interestIncome": 0, "interestExpense": 34511000, "depreciationAndAmortization": 12260000, "ebitda": 77206000, "ebitdaratio": 0.0590873399, "operatingIncome": 54296000, "operatingIncomeRatio": 0.0415538457, "totalOtherIncomeExpensesNet": -10650000, "incomeBeforeTax": 30435000, "incomeBeforeTaxRatio": 0.0232925315, "incomeTaxExpense": 11321000, "netIncome": 19114000, "netIncomeRatio": 0.0146283374, "eps": 0.72, "epsdiluted": 0.69, "weightedAverageShsOut": 26549211, "weightedAverageShsOutDil": 27793032, "link": "https://www.sec.gov/Archives/edgar/data/105016/000095017001000463/0000950170-01-000463-index.htm", "finalLink": "https://www.sec.gov/Archives/edgar/data/105016/000095017001000463/0000950170-01-000463-0001.txt", "calculatedOtherExpenses": 0, "calculatedOperatingExpenses": 253229000, "calculatedNetInterest": -34511000, "calculatedOtherIncome": 10650000, "calculatedIncomeNonControlling": 0, "calculatedEbitda": 66556000}, {"date": "1999-12-31", "symbol": "WSO", "reportedCurrency": "USD", "cik": "0000105016", "fillingDate": "2000-03-30", "acceptedDate": "2000-03-30 00:00:00", "calendarYear": "1999", "period": "FY", "revenue": 1246300000, "costOfRevenue": 943200000, "grossProfit": 303100000, "grossProfitRatio": 0.2431998716, "researchAndDevelopmentExpenses": 0, "generalAndAdministrativeExpenses": 232400000, "sellingAndMarketingExpenses": 0, "sellingGeneralAndAdministrativeExpenses": 232400000, "otherExpenses": 11200000, "operatingExpenses": 243600000, "costAndExpenses": 1186800000, "interestIncome": 0, "interestExpense": 12400000, "depreciationAndAmortization": 11200000, "ebitda": 70400000, "ebitdaratio": 0.0564872021, "operatingIncome": 59500000, "operatingIncomeRatio": 0.0477413143, "totalOtherIncomeExpensesNet": 300000, "incomeBeforeTax": 46800000, "incomeBeforeTaxRatio": 0.0375511514, "incomeTaxExpense": 17300000, "netIncome": 29500000, "netIncomeRatio": 0.0236700634, "eps": 1.03, "epsdiluted": 0.99, "weightedAverageShsOut": 28640777, "weightedAverageShsOutDil": 29797980, "link": "https://www.sec.gov/Archives/edgar/data/105016/000095017000000468/0000950170-00-000468-index.htm", "finalLink": "https://www.sec.gov/Archives/edgar/data/105016/000095017000000468/0000950170-00-000468.txt", "calculatedOtherExpenses": 11200000, "calculatedOperatingExpenses": 243600000, "calculatedNetInterest": -12400000, "calculatedOtherIncome": -300000, "calculatedIncomeNonControlling": 0, "calculatedEbitda": 70700000}, {"date": "1998-12-31", "symbol": "WSO", "reportedCurrency": "USD", "cik": "0000105016", "fillingDate": "1999-03-31", "acceptedDate": "1999-03-31 00:00:00", "calendarYear": "1998", "period": "FY", "revenue": 1008800000, "costOfRevenue": 771100000, "grossProfit": 237700000, "grossProfitRatio": 0.2356264869, "researchAndDevelopmentExpenses": 0, "generalAndAdministrativeExpenses": 177500000, "sellingAndMarketingExpenses": 0, "sellingGeneralAndAdministrativeExpenses": 177500000, "otherExpenses": 8400000, "operatingExpenses": 185900000, "costAndExpenses": 957000000, "interestIncome": 0, "interestExpense": 11400000, "depreciationAndAmortization": 8400000, "ebitda": 60100000, "ebitdaratio": 0.0595757335, "operatingIncome": 51800000, "operatingIncomeRatio": 0.0513481364, "totalOtherIncomeExpensesNet": 100000, "incomeBeforeTax": 40800000, "incomeBeforeTaxRatio": 0.040444092, "incomeTaxExpense": 15100000, "netIncome": 25200000, "netIncomeRatio": 0.0249801745, "eps": 0.93, "epsdiluted": 0.89, "weightedAverageShsOut": 27096774, "weightedAverageShsOutDil": 28314607, "link": "https://www.sec.gov/Archives/edgar/data/105016/000095017099000504/0000950170-99-000504-index.html", "finalLink": "https://www.sec.gov/Archives/edgar/data/105016/", "calculatedOtherExpenses": 8400000, "calculatedOperatingExpenses": 185900000, "calculatedNetInterest": -11400000, "calculatedOtherIncome": 400000, "calculatedIncomeNonControlling": 500000, "calculatedEbitda": 60200000}, {"date": "1997-12-31", "symbol": "WSO", "reportedCurrency": "USD", "cik": "0000105016", "fillingDate": "1998-03-31", "acceptedDate": "1998-03-31 00:00:00", "calendarYear": "1997", "period": "FY", "revenue": 635200000, "costOfRevenue": 487500000, "grossProfit": 147700000, "grossProfitRatio": 0.2325251889, "researchAndDevelopmentExpenses": 0, "generalAndAdministrativeExpenses": 109900000, "sellingAndMarketingExpenses": 0, "sellingGeneralAndAdministrativeExpenses": 109900000, "otherExpenses": 4800000, "operatingExpenses": 114700000, "costAndExpenses": 602200000, "interestIncome": 0, "interestExpense": 1800000, "depreciationAndAmortization": 4800000, "ebitda": 36400000, "ebitdaratio": 0.0573047859, "operatingIncome": 33000000, "operatingIncomeRatio": 0.0519521411, "totalOtherIncomeExpensesNet": 1400000, "incomeBeforeTax": 29800000, "incomeBeforeTaxRatio": 0.0469143577, "incomeTaxExpense": 11500000, "netIncome": 18300000, "netIncomeRatio": 0.0288098237, "eps": 0.73, "epsdiluted": 0.68, "weightedAverageShsOut": 25068493, "weightedAverageShsOutDil": 26911765, "link": "https://www.sec.gov/Archives/edgar/data/105016/000095017098000592/0000950170-98-000592-index.html", "finalLink": "https://www.sec.gov/Archives/edgar/data/105016/", "calculatedOtherExpenses": 4800000, "calculatedOperatingExpenses": 114700000, "calculatedNetInterest": -1800000, "calculatedOtherIncome": -1400000, "calculatedIncomeNonControlling": 0, "calculatedEbitda": 37800000}, {"date": "1996-12-31", "symbol": "WSO", "reportedCurrency": "USD", "cik": "0000105016", "fillingDate": "1997-03-31", "acceptedDate": "1997-03-31 00:00:00", "calendarYear": "1996", "period": "FY", "revenue": 425400000, "costOfRevenue": 325600000, "grossProfit": 99800000, "grossProfitRatio": 0.2346027268, "researchAndDevelopmentExpenses": 0, "generalAndAdministrativeExpenses": 71400000, "sellingAndMarketingExpenses": 0, "sellingGeneralAndAdministrativeExpenses": 71400000, "otherExpenses": 4200000, "operatingExpenses": 75600000, "costAndExpenses": 401200000, "interestIncome": 0, "interestExpense": 2500000, "depreciationAndAmortization": 4200000, "ebitda": 27800000, "ebitdaratio": 0.0653502586, "operatingIncome": 24200000, "operatingIncomeRatio": 0.0568876352, "totalOtherIncomeExpensesNet": 600000, "incomeBeforeTax": 21100000, "incomeBeforeTaxRatio": 0.0496003761, "incomeTaxExpense": 8100000, "netIncome": 13000000, "netIncomeRatio": 0.0305594734, "eps": 0.67, "epsdiluted": 0.6, "weightedAverageShsOut": 19104478, "weightedAverageShsOutDil": 21333333, "link": "https://www.sec.gov/Archives/edgar/data/105016/000095017097000351/0000950170-97-000351-index.html", "finalLink": "https://www.sec.gov/Archives/edgar/data/105016/", "calculatedOtherExpenses": 4200000, "calculatedOperatingExpenses": 75600000, "calculatedNetInterest": -2500000, "calculatedOtherIncome": -600000, "calculatedIncomeNonControlling": 0, "calculatedEbitda": 28400000}, {"date": "1995-12-31", "symbol": "WSO", "reportedCurrency": "USD", "cik": "0000105016", "fillingDate": "1996-04-01", "acceptedDate": "1996-04-01 00:00:00", "calendarYear": "1995", "period": "FY", "revenue": 331000000, "costOfRevenue": 254700000, "grossProfit": 76300000, "grossProfitRatio": 0.2305135952, "researchAndDevelopmentExpenses": 0, "generalAndAdministrativeExpenses": 55300000, "sellingAndMarketingExpenses": 0, "sellingGeneralAndAdministrativeExpenses": 55300000, "otherExpenses": 3000000, "operatingExpenses": 58300000, "costAndExpenses": 313000000, "interestIncome": 0, "interestExpense": 5200000, "depreciationAndAmortization": 3000000, "ebitda": 20700000, "ebitdaratio": 0.0625377644, "operatingIncome": 18000000, "operatingIncomeRatio": 0.0543806647, "totalOtherIncomeExpensesNet": 300000, "incomeBeforeTax": 12500000, "incomeBeforeTaxRatio": 0.0377643505, "incomeTaxExpense": 5200000, "netIncome": 7300000, "netIncomeRatio": 0.0220543807, "eps": 0.52, "epsdiluted": 0.46, "weightedAverageShsOut": 13846154, "weightedAverageShsOutDil": 15652174, "link": "https://www.sec.gov/Archives/edgar/data/105016/000095017096000099/0000950170-96-000099-index.html", "finalLink": "https://www.sec.gov/Archives/edgar/data/105016/", "calculatedOtherExpenses": 3000000, "calculatedOperatingExpenses": 58300000, "calculatedNetInterest": -5200000, "calculatedOtherIncome": -300000, "calculatedIncomeNonControlling": 0, "calculatedEbitda": 21000000}, {"date": "1994-12-31", "symbol": "WSO", "reportedCurrency": "USD", "cik": "0000105016", "fillingDate": "1994-12-31", "acceptedDate": "1994-12-31 00:00:00", "calendarYear": "1994", "period": "FY", "revenue": 283700000, "costOfRevenue": 195100000, "grossProfit": 88600000, "grossProfitRatio": 0.3123017272, "researchAndDevelopmentExpenses": 0, "generalAndAdministrativeExpenses": 0, "sellingAndMarketingExpenses": 0, "sellingGeneralAndAdministrativeExpenses": 71300000, "otherExpenses": 2300000, "operatingExpenses": 73600000, "costAndExpenses": 268700000, "interestIncome": 0, "interestExpense": 4500000, "depreciationAndAmortization": 2300000, "ebitda": 17200000, "ebitdaratio": 0.0606274233, "operatingIncome": 15000000, "operatingIncomeRatio": 0.0528727529, "totalOtherIncomeExpensesNet": 100000, "incomeBeforeTax": 10400000, "incomeBeforeTaxRatio": 0.036658442, "incomeTaxExpense": 4600000, "netIncome": 5800000, "netIncomeRatio": 0.0204441311, "eps": 0.25, "epsdiluted": 0.25, "weightedAverageShsOut": 14000000, "weightedAverageShsOutDil": 14411765, "link": null, "finalLink": null, "calculatedOtherExpenses": 2300000, "calculatedOperatingExpenses": 73600000, "calculatedNetInterest": -4500000, "calculatedOtherIncome": -100000, "calculatedIncomeNonControlling": 0, "calculatedEbitda": 17300000}, {"date": "1993-12-31", "symbol": "WSO", "reportedCurrency": "USD", "cik": "0000105016", "fillingDate": "1993-12-31", "acceptedDate": "1993-12-31 00:00:00", "calendarYear": "1993", "period": "FY", "revenue": 230700000, "costOfRevenue": 155400000, "grossProfit": 75300000, "grossProfitRatio": 0.3263979194, "researchAndDevelopmentExpenses": 0, "generalAndAdministrativeExpenses": 0, "sellingAndMarketingExpenses": 0, "sellingGeneralAndAdministrativeExpenses": 62100000, "otherExpenses": 1800000, "operatingExpenses": 63900000, "costAndExpenses": 219300000, "interestIncome": 0, "interestExpense": 1100000, "depreciationAndAmortization": 1800000, "ebitda": 11700000, "ebitdaratio": 0.0507152146, "operatingIncome": 11400000, "operatingIncomeRatio": 0.0494148244, "totalOtherIncomeExpensesNet": 1500000, "incomeBeforeTax": 8800000, "incomeBeforeTaxRatio": 0.0381447768, "incomeTaxExpense": 3800000, "netIncome": 5000000, "netIncomeRatio": 0.0216731686, "eps": 0.28, "epsdiluted": 0.28, "weightedAverageShsOut": 12941176, "weightedAverageShsOutDil": 13750000, "link": null, "finalLink": null, "calculatedOtherExpenses": 1800000, "calculatedOperatingExpenses": 63900000, "calculatedNetInterest": -1100000, "calculatedOtherIncome": -1500000, "calculatedIncomeNonControlling": 0, "calculatedEbitda": 13200000}, {"date": "1992-12-31", "symbol": "WSO", "reportedCurrency": "USD", "cik": "0000105016", "fillingDate": "1992-12-31", "acceptedDate": "1992-12-31 00:00:00", "calendarYear": "1992", "period": "FY", "revenue": 194600000, "costOfRevenue": 147200000, "grossProfit": 47400000, "grossProfitRatio": 0.2435765673, "researchAndDevelopmentExpenses": 0, "generalAndAdministrativeExpenses": 0, "sellingAndMarketingExpenses": 0, "sellingGeneralAndAdministrativeExpenses": 35600000, "otherExpenses": 1900000, "operatingExpenses": 37500000, "costAndExpenses": 184700000, "interestIncome": 0, "interestExpense": 3900000, "depreciationAndAmortization": 1900000, "ebitda": 11400000, "ebitdaratio": 0.0585817061, "operatingIncome": 9900000, "operatingIncomeRatio": 0.0508735868, "totalOtherIncomeExpensesNet": 400000, "incomeBeforeTax": 5600000, "incomeBeforeTaxRatio": 0.0287769784, "incomeTaxExpense": 2700000, "netIncome": 2900000, "netIncomeRatio": 0.0149023638, "eps": 0.31, "epsdiluted": 0.29, "weightedAverageShsOut": 9354839, "weightedAverageShsOutDil": 10000000, "link": null, "finalLink": null, "calculatedOtherExpenses": 1900000, "calculatedOperatingExpenses": 37500000, "calculatedNetInterest": -3900000, "calculatedOtherIncome": -400000, "calculatedIncomeNonControlling": 0, "calculatedEbitda": 11800000}, {"date": "1991-12-31", "symbol": "WSO", "reportedCurrency": "USD", "cik": "0000105016", "fillingDate": "1991-12-31", "acceptedDate": "1991-12-31 00:00:00", "calendarYear": "1991", "period": "FY", "revenue": 169300000, "costOfRevenue": 126600000, "grossProfit": 42700000, "grossProfitRatio": 0.252215003, "researchAndDevelopmentExpenses": 0, "generalAndAdministrativeExpenses": 0, "sellingAndMarketingExpenses": 0, "sellingGeneralAndAdministrativeExpenses": 32300000, "otherExpenses": 1800000, "operatingExpenses": 34100000, "costAndExpenses": 160700000, "interestIncome": 0, "interestExpense": 4100000, "depreciationAndAmortization": 1800000, "ebitda": 9900000, "ebitdaratio": 0.058476078, "operatingIncome": 8600000, "operatingIncomeRatio": 0.0507974011, "totalOtherIncomeExpensesNet": 500000, "incomeBeforeTax": 4000000, "incomeBeforeTaxRatio": 0.0236266982, "incomeTaxExpense": 2000000, "netIncome": 2000000, "netIncomeRatio": 0.0118133491, "eps": 0.24, "epsdiluted": 0.22, "weightedAverageShsOut": 8333333, "weightedAverageShsOutDil": 9090909, "link": null, "finalLink": null, "calculatedOtherExpenses": 1800000, "calculatedOperatingExpenses": 34100000, "calculatedNetInterest": -4100000, "calculatedOtherIncome": -500000, "calculatedIncomeNonControlling": 0, "calculatedEbitda": 10400000}, {"date": "1990-12-31", "symbol": "WSO", "reportedCurrency": "USD", "cik": "0000105016", "fillingDate": "1990-12-31", "acceptedDate": "1990-12-31 00:00:00", "calendarYear": "1990", "period": "FY", "revenue": 117700000, "costOfRevenue": 86000000, "grossProfit": 31700000, "grossProfitRatio": 0.269328802, "researchAndDevelopmentExpenses": 0, "generalAndAdministrativeExpenses": 0, "sellingAndMarketingExpenses": 0, "sellingGeneralAndAdministrativeExpenses": 23500000, "otherExpenses": 1300000, "operatingExpenses": 24800000, "costAndExpenses": 110800000, "interestIncome": 0, "interestExpense": 3300000, "depreciationAndAmortization": 1300000, "ebitda": 8100000, "ebitdaratio": 0.0688190314, "operatingIncome": 6900000, "operatingIncomeRatio": 0.0586236194, "totalOtherIncomeExpensesNet": 100000, "incomeBeforeTax": 3500000, "incomeBeforeTaxRatio": 0.0297366185, "incomeTaxExpense": 1500000, "netIncome": 2000000, "netIncomeRatio": 0.0169923534, "eps": 0.27, "epsdiluted": 0.25, "weightedAverageShsOut": 7407407, "weightedAverageShsOutDil": 8000000, "link": null, "finalLink": null, "calculatedOtherExpenses": 1300000, "calculatedOperatingExpenses": 24800000, "calculatedNetInterest": -3300000, "calculatedOtherIncome": -100000, "calculatedIncomeNonControlling": 0, "calculatedEbitda": 8200000}, {"date": "1989-12-31", "symbol": "WSO", "reportedCurrency": "USD", "cik": "0000105016", "fillingDate": "1989-12-31", "acceptedDate": "1989-12-31 00:00:00", "calendarYear": "1989", "period": "FY", "revenue": 94300000, "costOfRevenue": 67400000, "grossProfit": 26900000, "grossProfitRatio": 0.2852598091, "researchAndDevelopmentExpenses": 0, "generalAndAdministrativeExpenses": 0, "sellingAndMarketingExpenses": 0, "sellingGeneralAndAdministrativeExpenses": 20000000, "otherExpenses": 1000000, "operatingExpenses": 21000000, "costAndExpenses": 88400000, "interestIncome": 0, "interestExpense": 2900000, "depreciationAndAmortization": 1000000, "ebitda": 6600000, "ebitdaratio": 0.0699893955, "operatingIncome": 5900000, "operatingIncomeRatio": 0.0625662778, "totalOtherIncomeExpensesNet": 300000, "incomeBeforeTax": 3300000, "incomeBeforeTaxRatio": 0.0349946978, "incomeTaxExpense": 1200000, "netIncome": 1500000, "netIncomeRatio": 0.0159066808, "eps": 0.21, "epsdiluted": 0.19, "weightedAverageShsOut": 7142857, "weightedAverageShsOutDil": 7894737, "link": null, "finalLink": null, "calculatedOtherExpenses": 1000000, "calculatedOperatingExpenses": 21000000, "calculatedNetInterest": -2900000, "calculatedOtherIncome": 300000, "calculatedIncomeNonControlling": 600000, "calculatedEbitda": 6900000}, {"date": "1988-12-31", "symbol": "WSO", "reportedCurrency": "USD", "cik": "0000105016", "fillingDate": "1988-12-31", "acceptedDate": "1988-12-31 00:00:00", "calendarYear": "1988", "period": "FY", "revenue": 12500000, "costOfRevenue": 14200000, "grossProfit": -1700000, "grossProfitRatio": -0.136, "researchAndDevelopmentExpenses": 0, "generalAndAdministrativeExpenses": 0, "sellingAndMarketingExpenses": 0, "sellingGeneralAndAdministrativeExpenses": 6400000, "otherExpenses": 600000, "operatingExpenses": 7000000, "costAndExpenses": 21200000, "interestIncome": 0, "interestExpense": -20400000, "depreciationAndAmortization": 600000, "ebitda": -18800000, "ebitdaratio": -1.504, "operatingIncome": -8700000, "operatingIncomeRatio": -0.696, "totalOtherIncomeExpensesNet": 10700000, "incomeBeforeTax": 1000000, "incomeBeforeTaxRatio": 0.08, "incomeTaxExpense": 200000, "netIncome": 800000, "netIncomeRatio": 0.064, "eps": 0.11, "epsdiluted": 0.11, "weightedAverageShsOut": 7272727, "weightedAverageShsOutDil": 7272727, "link": null, "finalLink": null, "calculatedOtherExpenses": 600000, "calculatedOperatingExpenses": 7000000, "calculatedNetInterest": 20400000, "calculatedOtherIncome": -10700000, "calculatedIncomeNonControlling": 0, "calculatedEbitda": -8100000}, {"date": "1987-12-31", "symbol": "WSO", "reportedCurrency": "USD", "cik": "0000105016", "fillingDate": "1988-01-31", "acceptedDate": "1988-01-31 00:00:00", "calendarYear": "1987", "period": "FY", "revenue": 15000000, "costOfRevenue": 8900000, "grossProfit": 6100000, "grossProfitRatio": 0.4066666667, "researchAndDevelopmentExpenses": 0, "generalAndAdministrativeExpenses": 0, "sellingAndMarketingExpenses": 0, "sellingGeneralAndAdministrativeExpenses": 3600000, "otherExpenses": 500000, "operatingExpenses": 4100000, "costAndExpenses": 13000000, "interestIncome": 0, "interestExpense": -1100000, "depreciationAndAmortization": 500000, "ebitda": 1500000, "ebitdaratio": 0.1, "operatingIncome": 2000000, "operatingIncomeRatio": 0.1333333333, "totalOtherIncomeExpensesNet": 1000000, "incomeBeforeTax": 2100000, "incomeBeforeTaxRatio": 0.14, "incomeTaxExpense": 400000, "netIncome": 1700000, "netIncomeRatio": 0.1133333333, "eps": 0.23, "epsdiluted": 0.21, "weightedAverageShsOut": 7391304, "weightedAverageShsOutDil": 8095238, "link": null, "finalLink": null, "calculatedOtherExpenses": 500000, "calculatedOperatingExpenses": 4100000, "calculatedNetInterest": 1100000, "calculatedOtherIncome": -1000000, "calculatedIncomeNonControlling": 0, "calculatedEbitda": 2500000}, {"date": "1986-12-31", "symbol": "WSO", "reportedCurrency": "USD", "cik": "0000105016", "fillingDate": "1987-01-31", "acceptedDate": "1987-01-31 00:00:00", "calendarYear": "1986", "period": "FY", "revenue": 15100000, "costOfRevenue": 9200000, "grossProfit": 5900000, "grossProfitRatio": 0.3907284768, "researchAndDevelopmentExpenses": 0, "generalAndAdministrativeExpenses": 0, "sellingAndMarketingExpenses": 0, "sellingGeneralAndAdministrativeExpenses": 3700000, "otherExpenses": 500000, "operatingExpenses": 4200000, "costAndExpenses": 13400000, "interestIncome": 0, "interestExpense": -1400000, "depreciationAndAmortization": 500000, "ebitda": 1100000, "ebitdaratio": 0.0728476821, "operatingIncome": 1700000, "operatingIncomeRatio": 0.1125827815, "totalOtherIncomeExpensesNet": 1100000, "incomeBeforeTax": 2000000, "incomeBeforeTaxRatio": 0.1324503311, "incomeTaxExpense": 400000, "netIncome": 1600000, "netIncomeRatio": 0.1059602649, "eps": 0.21, "epsdiluted": 0.21, "weightedAverageShsOut": 7619048, "weightedAverageShsOutDil": 7619048, "link": null, "finalLink": null, "calculatedOtherExpenses": 500000, "calculatedOperatingExpenses": 4200000, "calculatedNetInterest": 1400000, "calculatedOtherIncome": -1100000, "calculatedIncomeNonControlling": 0, "calculatedEbitda": 2200000}, {"date": "1985-12-31", "symbol": "WSO", "reportedCurrency": "USD", "cik": "0000105016", "fillingDate": "1986-01-31", "acceptedDate": "1986-01-31 00:00:00", "calendarYear": "1985", "period": "FY", "revenue": 12100000, "costOfRevenue": 7300000, "grossProfit": 4800000, "grossProfitRatio": 0.3966942149, "researchAndDevelopmentExpenses": 0, "generalAndAdministrativeExpenses": 0, "sellingAndMarketingExpenses": 0, "sellingGeneralAndAdministrativeExpenses": 3600000, "otherExpenses": 500000, "operatingExpenses": 4100000, "costAndExpenses": 11400000, "interestIncome": 0, "interestExpense": -1500000, "depreciationAndAmortization": 500000, "ebitda": 200000, "ebitdaratio": 0.0165289256, "operatingIncome": 700000, "operatingIncomeRatio": 0.0578512397, "totalOtherIncomeExpensesNet": 1000000, "incomeBeforeTax": 1200000, "incomeBeforeTaxRatio": 0.0991735537, "incomeTaxExpense": 200000, "netIncome": 1000000, "netIncomeRatio": 0.0826446281, "eps": 0.14, "epsdiluted": 0.14, "weightedAverageShsOut": 7142857, "weightedAverageShsOutDil": 7142857, "link": null, "finalLink": null, "calculatedOtherExpenses": 500000, "calculatedOperatingExpenses": 4100000, "calculatedNetInterest": 1500000, "calculatedOtherIncome": -1000000, "calculatedIncomeNonControlling": 0, "calculatedEbitda": 1200000}]}