{"originalCurrency": "USD", "convertedCurrency": "USD", "report": [{"date": "2023-12-31", "symbol": "WST", "reportedCurrency": "USD", "cik": "0000105770", "fillingDate": "2024-02-20", "acceptedDate": "2024-02-20 16:44:29", "calendarYear": "2023", "period": "FY", "revenue": 2949800000, "costOfRevenue": 1820600000, "grossProfit": 1129200000, "grossProfitRatio": 0.3828056139, "researchAndDevelopmentExpenses": 68400000, "generalAndAdministrativeExpenses": 0, "sellingAndMarketingExpenses": 0, "sellingGeneralAndAdministrativeExpenses": 353400000, "otherExpenses": 3000000, "operatingExpenses": 421800000, "costAndExpenses": 2242400000, "interestIncome": 28000000, "interestExpense": 9000000, "depreciationAndAmortization": 137300000, "ebitda": 875700000, "ebitdaratio": 0.2968675842, "operatingIncome": 676000000, "operatingIncomeRatio": 0.2291680792, "totalOtherIncomeExpensesNet": -28400000, "incomeBeforeTax": 698000000, "incomeBeforeTaxRatio": 0.2366262119, "incomeTaxExpense": 122300000, "netIncome": 593400000, "netIncomeRatio": 0.2011661808, "eps": 7.99, "epsdiluted": 7.88, "weightedAverageShsOut": 74300000, "weightedAverageShsOutDil": 75300000, "link": "https://www.sec.gov/Archives/edgar/data/105770/000010577024000015/0000105770-24-000015-index.htm", "finalLink": "https://www.sec.gov/Archives/edgar/data/105770/000010577024000015/wst-20231231.htm", "calculatedOtherExpenses": 31400000, "calculatedOperatingExpenses": 453200000, "calculatedNetInterest": 19000000, "calculatedOtherIncome": 3000000, "calculatedIncomeNonControlling": -17700000, "calculatedEbitda": 813300000}, {"date": "2022-12-31", "symbol": "WST", "reportedCurrency": "USD", "cik": "0000105770", "fillingDate": "2023-02-21", "acceptedDate": "2023-02-21 16:18:23", "calendarYear": "2022", "period": "FY", "revenue": 2886900000, "costOfRevenue": 1750700000, "grossProfit": 1136200000, "grossProfitRatio": 0.3935709585, "researchAndDevelopmentExpenses": 58500000, "generalAndAdministrativeExpenses": 0, "sellingAndMarketingExpenses": 0, "sellingGeneralAndAdministrativeExpenses": 316900000, "otherExpenses": 26800000, "operatingExpenses": 402200000, "costAndExpenses": 2152900000, "interestIncome": 5100000, "interestExpense": 7900000, "depreciationAndAmortization": 120600000, "ebitda": 854600000, "ebitdaratio": 0.29602688, "operatingIncome": 734000000, "operatingIncomeRatio": 0.2542519658, "totalOtherIncomeExpensesNet": -54100000, "incomeBeforeTax": 679900000, "incomeBeforeTaxRatio": 0.2355121411, "incomeTaxExpense": 114700000, "netIncome": 585900000, "netIncomeRatio": 0.2029512626, "eps": 7.88, "epsdiluted": 7.73, "weightedAverageShsOut": 74400000, "weightedAverageShsOutDil": 75800000, "link": "https://www.sec.gov/Archives/edgar/data/105770/000010577023000012/0000105770-23-000012-index.htm", "finalLink": "https://www.sec.gov/Archives/edgar/data/105770/000010577023000012/wst-20221231.htm", "calculatedOtherExpenses": 26800000, "calculatedOperatingExpenses": 402200000, "calculatedNetInterest": -2800000, "calculatedOtherIncome": -51300000, "calculatedIncomeNonControlling": -20700000, "calculatedEbitda": 854600000}, {"date": "2021-12-31", "symbol": "WST", "reportedCurrency": "USD", "cik": "0000105770", "fillingDate": "2022-02-22", "acceptedDate": "2022-02-22 16:22:31", "calendarYear": "2021", "period": "FY", "revenue": 2831600000, "costOfRevenue": 1655800000, "grossProfit": 1175800000, "grossProfitRatio": 0.4152422659, "researchAndDevelopmentExpenses": 52800000, "generalAndAdministrativeExpenses": 0, "sellingAndMarketingExpenses": 0, "sellingGeneralAndAdministrativeExpenses": 362800000, "otherExpenses": 7900000, "operatingExpenses": 423500000, "costAndExpenses": 2079300000, "interestIncome": 1000000, "interestExpense": 7200000, "depreciationAndAmortization": 126100000, "ebitda": 878400000, "ebitdaratio": 0.310213307, "operatingIncome": 752300000, "operatingIncomeRatio": 0.2656801808, "totalOtherIncomeExpensesNet": -3400000, "incomeBeforeTax": 748900000, "incomeBeforeTaxRatio": 0.2644794462, "incomeTaxExpense": 107200000, "netIncome": 661800000, "netIncomeRatio": 0.2337194519, "eps": 8.9, "epsdiluted": 8.67, "weightedAverageShsOut": 74400000, "weightedAverageShsOutDil": 76300000, "link": "https://www.sec.gov/Archives/edgar/data/105770/000162828022003342/0001628280-22-003342-index.htm", "finalLink": "https://www.sec.gov/Archives/edgar/data/105770/000162828022003342/wst-20211231.htm", "calculatedOtherExpenses": 7900000, "calculatedOperatingExpenses": 423500000, "calculatedNetInterest": -6200000, "calculatedOtherIncome": 2800000, "calculatedIncomeNonControlling": -20100000, "calculatedEbitda": 878400000}, {"date": "2020-12-31", "symbol": "WST", "reportedCurrency": "USD", "cik": "0000105770", "fillingDate": "2021-02-23", "acceptedDate": "2021-02-23 16:49:23", "calendarYear": "2020", "period": "FY", "revenue": 2146900000, "costOfRevenue": 1379100000, "grossProfit": 767800000, "grossProfitRatio": 0.3576319344, "researchAndDevelopmentExpenses": 46900000, "generalAndAdministrativeExpenses": 0, "sellingAndMarketingExpenses": 0, "sellingGeneralAndAdministrativeExpenses": 302000000, "otherExpenses": 12000000, "operatingExpenses": 360900000, "costAndExpenses": 1740000000, "interestIncome": 1400000, "interestExpense": 6800000, "depreciationAndAmortization": 110300000, "ebitda": 517200000, "ebitdaratio": 0.2409054916, "operatingIncome": 406900000, "operatingIncomeRatio": 0.1895290885, "totalOtherIncomeExpensesNet": -5600000, "incomeBeforeTax": 401300000, "incomeBeforeTaxRatio": 0.1869206763, "incomeTaxExpense": 72500000, "netIncome": 346200000, "netIncomeRatio": 0.1612557641, "eps": 4.68, "epsdiluted": 4.57, "weightedAverageShsOut": 73900000, "weightedAverageShsOutDil": 75800000, "link": "https://www.sec.gov/Archives/edgar/data/105770/000010577021000008/0000105770-21-000008-index.htm", "finalLink": "https://www.sec.gov/Archives/edgar/data/105770/000010577021000008/wst-20201231.htm", "calculatedOtherExpenses": 12000000, "calculatedOperatingExpenses": 360900000, "calculatedNetInterest": -5400000, "calculatedOtherIncome": -200000, "calculatedIncomeNonControlling": -17400000, "calculatedEbitda": 517200000}, {"date": "2019-12-31", "symbol": "WST", "reportedCurrency": "USD", "cik": "0000105770", "fillingDate": "2020-02-24", "acceptedDate": "2020-02-21 18:56:52", "calendarYear": "2019", "period": "FY", "revenue": 1839900000, "costOfRevenue": 1234200000, "grossProfit": 605700000, "grossProfitRatio": 0.3292026741, "researchAndDevelopmentExpenses": 38900000, "generalAndAdministrativeExpenses": 0, "sellingAndMarketingExpenses": 0, "sellingGeneralAndAdministrativeExpenses": 272700000, "otherExpenses": 2400000, "operatingExpenses": 311600000, "costAndExpenses": 1545800000, "interestIncome": 3800000, "interestExpense": 4700000, "depreciationAndAmortization": 103300000, "ebitda": 399900000, "ebitdaratio": 0.217348769, "operatingIncome": 296600000, "operatingIncomeRatio": 0.1612044133, "totalOtherIncomeExpensesNet": -4800000, "incomeBeforeTax": 291800000, "incomeBeforeTaxRatio": 0.1585955758, "incomeTaxExpense": 59000000, "netIncome": 241700000, "netIncomeRatio": 0.1313658351, "eps": 3.27, "epsdiluted": 3.21, "weightedAverageShsOut": 74000000, "weightedAverageShsOutDil": 75400000, "link": "https://www.sec.gov/Archives/edgar/data/105770/000010577020000015/0000105770-20-000015-index.htm", "finalLink": "https://www.sec.gov/Archives/edgar/data/105770/000010577020000015/wst-20191231.htm", "calculatedOtherExpenses": -2500000, "calculatedOperatingExpenses": 309100000, "calculatedNetInterest": -900000, "calculatedOtherIncome": -3900000, "calculatedIncomeNonControlling": -8900000, "calculatedEbitda": 399900000}, {"date": "2018-12-31", "symbol": "WST", "reportedCurrency": "USD", "cik": "0000105770", "fillingDate": "2019-02-28", "acceptedDate": "2019-02-27 17:33:18", "calendarYear": "2018", "period": "FY", "revenue": 1717400000, "costOfRevenue": 1172000000, "grossProfit": 545400000, "grossProfitRatio": 0.3175730756, "researchAndDevelopmentExpenses": 40300000, "generalAndAdministrativeExpenses": 262900000, "sellingAndMarketingExpenses": 0, "sellingGeneralAndAdministrativeExpenses": 262900000, "otherExpenses": 4800000, "operatingExpenses": 303200000, "costAndExpenses": 1475200000, "interestIncome": 2100000, "interestExpense": 6300000, "depreciationAndAmortization": 104400000, "ebitda": 247000000, "ebitdaratio": 0.1438220566, "operatingIncome": 240300000, "operatingIncomeRatio": 0.1399208105, "totalOtherIncomeExpensesNet": 4800000, "incomeBeforeTax": 240700000, "incomeBeforeTaxRatio": 0.1401537207, "incomeTaxExpense": 41400000, "netIncome": 206900000, "netIncomeRatio": 0.1204728077, "eps": 2.8, "epsdiluted": 2.74, "weightedAverageShsOut": 73900000, "weightedAverageShsOutDil": 75400000, "link": "https://www.sec.gov/Archives/edgar/data/105770/000010577019000012/0000105770-19-000012-index.htm", "finalLink": "https://www.sec.gov/Archives/edgar/data/105770/000010577019000012/wst10k12312018.htm", "calculatedOtherExpenses": 1900000, "calculatedOperatingExpenses": 305100000, "calculatedNetInterest": -4200000, "calculatedOtherIncome": 4600000, "calculatedIncomeNonControlling": -7600000, "calculatedEbitda": 344700000}, {"date": "2017-12-31", "symbol": "WST", "reportedCurrency": "USD", "cik": "0000105770", "fillingDate": "2018-02-26", "acceptedDate": "2018-02-26 17:13:48", "calendarYear": "2017", "period": "FY", "revenue": 1599100000, "costOfRevenue": 1086500000, "grossProfit": 512600000, "grossProfitRatio": 0.3205553124, "researchAndDevelopmentExpenses": 39100000, "generalAndAdministrativeExpenses": 242600000, "sellingAndMarketingExpenses": 0, "sellingGeneralAndAdministrativeExpenses": 242600000, "otherExpenses": -2000000, "operatingExpenses": 281700000, "costAndExpenses": 1368200000, "interestIncome": 1300000, "interestExpense": 6500000, "depreciationAndAmortization": 96700000, "ebitda": 228900000, "ebitdaratio": 0.1431430179, "operatingIncome": 228900000, "operatingIncomeRatio": 0.1431430179, "totalOtherIncomeExpensesNet": -2000000, "incomeBeforeTax": 222400000, "incomeBeforeTaxRatio": 0.1390782315, "incomeTaxExpense": 80900000, "netIncome": 150700000, "netIncomeRatio": 0.0942405103, "eps": 2.04, "epsdiluted": 1.99, "weightedAverageShsOut": 73900000, "weightedAverageShsOutDil": 75800000, "link": "https://www.sec.gov/Archives/edgar/data/105770/000010577018000006/0000105770-18-000006-index.htm", "finalLink": "https://www.sec.gov/Archives/edgar/data/105770/000010577018000006/wst10k12312017.htm", "calculatedOtherExpenses": 2000000, "calculatedOperatingExpenses": 283700000, "calculatedNetInterest": -5200000, "calculatedOtherIncome": -1300000, "calculatedIncomeNonControlling": -9200000, "calculatedEbitda": 325600000}, {"date": "2016-12-31", "symbol": "WST", "reportedCurrency": "USD", "cik": "0000105770", "fillingDate": "2017-02-28", "acceptedDate": "2017-02-28 12:15:34", "calendarYear": "2016", "period": "FY", "revenue": 1509100000, "costOfRevenue": 1008000000, "grossProfit": 501100000, "grossProfitRatio": 0.3320522166, "researchAndDevelopmentExpenses": 36800000, "generalAndAdministrativeExpenses": 239800000, "sellingAndMarketingExpenses": 0, "sellingGeneralAndAdministrativeExpenses": 239800000, "otherExpenses": -27700000, "operatingExpenses": 276600000, "costAndExpenses": 1284600000, "interestIncome": 1100000, "interestExpense": 7000000, "depreciationAndAmortization": 90700000, "ebitda": 196800000, "ebitdaratio": 0.130408853, "operatingIncome": 196800000, "operatingIncomeRatio": 0.130408853, "totalOtherIncomeExpensesNet": -27700000, "incomeBeforeTax": 189800000, "incomeBeforeTaxRatio": 0.1257703267, "incomeTaxExpense": 54400000, "netIncome": 143600000, "netIncomeRatio": 0.0951560533, "eps": 1.96, "epsdiluted": 1.91, "weightedAverageShsOut": 73300000, "weightedAverageShsOutDil": 75000000, "link": "https://www.sec.gov/Archives/edgar/data/105770/000010577017000011/0000105770-17-000011-index.htm", "finalLink": "https://www.sec.gov/Archives/edgar/data/105770/000010577017000011/wst10k123116.htm", "calculatedOtherExpenses": 27700000, "calculatedOperatingExpenses": 304300000, "calculatedNetInterest": -5900000, "calculatedOtherIncome": -1100000, "calculatedIncomeNonControlling": -8200000, "calculatedEbitda": 287500000}, {"date": "2015-12-31", "symbol": "WST", "reportedCurrency": "USD", "cik": "0000105770", "fillingDate": "2016-02-26", "acceptedDate": "2016-02-26 17:40:44", "calendarYear": "2015", "period": "FY", "revenue": 1399800000, "costOfRevenue": 944000000, "grossProfit": 455800000, "grossProfitRatio": 0.3256179454, "researchAndDevelopmentExpenses": 34100000, "generalAndAdministrativeExpenses": 233000000, "sellingAndMarketingExpenses": 0, "sellingGeneralAndAdministrativeExpenses": 233000000, "otherExpenses": -60100000, "operatingExpenses": 267100000, "costAndExpenses": 1211100000, "interestIncome": 1600000, "interestExpense": 12500000, "depreciationAndAmortization": 89900000, "ebitda": 128600000, "ebitdaratio": 0.0918702672, "operatingIncome": 128600000, "operatingIncomeRatio": 0.0918702672, "totalOtherIncomeExpensesNet": -60100000, "incomeBeforeTax": 116100000, "incomeBeforeTaxRatio": 0.0829404201, "incomeTaxExpense": 26300000, "netIncome": 95600000, "netIncomeRatio": 0.0682954708, "eps": 1.33, "epsdiluted": 1.3, "weightedAverageShsOut": 72000000, "weightedAverageShsOutDil": 73800000, "link": "https://www.sec.gov/Archives/edgar/data/105770/000010577016000060/0000105770-16-000060-index.htm", "finalLink": "https://www.sec.gov/Archives/edgar/data/105770/000010577016000060/wst10k123115.htm", "calculatedOtherExpenses": 60100000, "calculatedOperatingExpenses": 327200000, "calculatedNetInterest": -10900000, "calculatedOtherIncome": -1600000, "calculatedIncomeNonControlling": -5800000, "calculatedEbitda": 218500000}, {"date": "2014-12-31", "symbol": "WST", "reportedCurrency": "USD", "cik": "0000105770", "fillingDate": "2015-02-25", "acceptedDate": "2015-02-25 17:30:02", "calendarYear": "2014", "period": "FY", "revenue": 1421400000, "costOfRevenue": 973600000, "grossProfit": 447800000, "grossProfitRatio": 0.3150415084, "researchAndDevelopmentExpenses": 37300000, "generalAndAdministrativeExpenses": 228700000, "sellingAndMarketingExpenses": 0, "sellingGeneralAndAdministrativeExpenses": 228700000, "otherExpenses": 200000, "operatingExpenses": 266000000, "costAndExpenses": 1239600000, "interestIncome": 3500000, "interestExpense": 13000000, "depreciationAndAmortization": 90000000, "ebitda": 182000000, "ebitdaratio": 0.1280427747, "operatingIncome": 182000000, "operatingIncomeRatio": 0.1280427747, "totalOtherIncomeExpensesNet": 200000, "incomeBeforeTax": 169000000, "incomeBeforeTaxRatio": 0.1188968622, "incomeTaxExpense": 47200000, "netIncome": 127100000, "netIncomeRatio": 0.0894188828, "eps": 1.79, "epsdiluted": 1.75, "weightedAverageShsOut": 70900000, "weightedAverageShsOutDil": 72800000, "link": "https://www.sec.gov/Archives/edgar/data/105770/000010577015000007/0000105770-15-000007-index.htm", "finalLink": "https://www.sec.gov/Archives/edgar/data/105770/000010577015000007/wst10k123114.htm", "calculatedOtherExpenses": -200000, "calculatedOperatingExpenses": 265800000, "calculatedNetInterest": -9500000, "calculatedOtherIncome": -3500000, "calculatedIncomeNonControlling": -5300000, "calculatedEbitda": 272000000}, {"date": "2013-12-31", "symbol": "WST", "reportedCurrency": "USD", "cik": "0000105770", "fillingDate": "2014-02-27", "acceptedDate": "2014-02-27 15:10:33", "calendarYear": "2013", "period": "FY", "revenue": 1368400000, "costOfRevenue": 933700000, "grossProfit": 434700000, "grossProfitRatio": 0.3176702719, "researchAndDevelopmentExpenses": 37900000, "generalAndAdministrativeExpenses": 234900000, "sellingAndMarketingExpenses": 0, "sellingGeneralAndAdministrativeExpenses": 234900000, "otherExpenses": 500000, "operatingExpenses": 272800000, "costAndExpenses": 1206500000, "interestIncome": 1900000, "interestExpense": 15100000, "depreciationAndAmortization": 85200000, "ebitda": 162400000, "ebitdaratio": 0.1186787489, "operatingIncome": 162400000, "operatingIncomeRatio": 0.1186787489, "totalOtherIncomeExpensesNet": 300000, "incomeBeforeTax": 147100000, "incomeBeforeTaxRatio": 0.1074978077, "incomeTaxExpense": 40200000, "netIncome": 112300000, "netIncomeRatio": 0.0820666472, "eps": 1.61, "epsdiluted": 1.57, "weightedAverageShsOut": 69600000, "weightedAverageShsOutDil": 71400000, "link": "https://www.sec.gov/Archives/edgar/data/105770/000010577014000005/0000105770-14-000005-index.htm", "finalLink": "https://www.sec.gov/Archives/edgar/data/105770/000010577014000005/wst10k123113.htm", "calculatedOtherExpenses": -500000, "calculatedOperatingExpenses": 272300000, "calculatedNetInterest": -13200000, "calculatedOtherIncome": -2100000, "calculatedIncomeNonControlling": -5400000, "calculatedEbitda": 247600000}, {"date": "2012-12-31", "symbol": "WST", "reportedCurrency": "USD", "cik": "0000105770", "fillingDate": "2013-02-27", "acceptedDate": "2013-02-27 16:58:21", "calendarYear": "2012", "period": "FY", "revenue": 1266400000, "costOfRevenue": 878700000, "grossProfit": 387700000, "grossProfitRatio": 0.3061433986, "researchAndDevelopmentExpenses": 33200000, "generalAndAdministrativeExpenses": 218100000, "sellingAndMarketingExpenses": 0, "sellingGeneralAndAdministrativeExpenses": 218100000, "otherExpenses": 5400000, "operatingExpenses": 251300000, "costAndExpenses": 1130000000, "interestIncome": 1800000, "interestExpense": 14900000, "depreciationAndAmortization": 76900000, "ebitda": 141800000, "ebitdaratio": 0.1119709413, "operatingIncome": 135100000, "operatingIncomeRatio": 0.1066803538, "totalOtherIncomeExpensesNet": -12900000, "incomeBeforeTax": 108600000, "incomeBeforeTaxRatio": 0.0857548958, "incomeTaxExpense": 32700000, "netIncome": 80700000, "netIncomeRatio": 0.0637239419, "eps": 1.19, "epsdiluted": 1.15, "weightedAverageShsOut": 68000000, "weightedAverageShsOutDil": 71800000, "link": "https://www.sec.gov/Archives/edgar/data/105770/000010577013000007/0000105770-13-000007-index.htm", "finalLink": "https://www.sec.gov/Archives/edgar/data/105770/000010577013000007/wst10k123112.htm", "calculatedOtherExpenses": 1300000, "calculatedOperatingExpenses": 252600000, "calculatedNetInterest": -13100000, "calculatedOtherIncome": -13400000, "calculatedIncomeNonControlling": -4800000, "calculatedEbitda": 212000000}, {"date": "2011-12-31", "symbol": "WST", "reportedCurrency": "USD", "cik": "0000105770", "fillingDate": "2012-02-29", "acceptedDate": "2012-02-29 16:40:54", "calendarYear": "2011", "period": "FY", "revenue": 1192300000, "costOfRevenue": 853000000, "grossProfit": 339300000, "grossProfitRatio": 0.2845760295, "researchAndDevelopmentExpenses": 29100000, "generalAndAdministrativeExpenses": 0, "sellingAndMarketingExpenses": 0, "sellingGeneralAndAdministrativeExpenses": 191100000, "otherExpenses": 0, "operatingExpenses": 221700000, "costAndExpenses": 1074700000, "interestIncome": 1300000, "interestExpense": 18200000, "depreciationAndAmortization": 75700000, "ebitda": 125600000, "ebitdaratio": 0.1053426151, "operatingIncome": 109600000, "operatingIncomeRatio": 0.0919231737, "totalOtherIncomeExpensesNet": -8000000, "incomeBeforeTax": 92700000, "incomeBeforeTaxRatio": 0.0777488887, "incomeTaxExpense": 23500000, "netIncome": 75500000, "netIncomeRatio": 0.0633229892, "eps": 1.12, "epsdiluted": 1.08, "weightedAverageShsOut": 67400000, "weightedAverageShsOutDil": 74000000, "link": "https://www.sec.gov/Archives/edgar/data/105770/000010577012000011/0000105770-12-000011-index.htm", "finalLink": "https://www.sec.gov/Archives/edgar/data/105770/000010577012000011/form10k.htm", "calculatedOtherExpenses": 9500000, "calculatedOperatingExpenses": 229700000, "calculatedNetInterest": -16900000, "calculatedOtherIncome": 0, "calculatedIncomeNonControlling": -6300000, "calculatedEbitda": 185300000}, {"date": "2010-12-31", "symbol": "WST", "reportedCurrency": "USD", "cik": "0000105770", "fillingDate": "2011-02-28", "acceptedDate": "2011-02-28 17:27:31", "calendarYear": "2010", "period": "FY", "revenue": 1104700000, "costOfRevenue": 786600000, "grossProfit": 318100000, "grossProfitRatio": 0.28795148, "researchAndDevelopmentExpenses": 23900000, "generalAndAdministrativeExpenses": 0, "sellingAndMarketingExpenses": 0, "sellingGeneralAndAdministrativeExpenses": 187700000, "otherExpenses": 0, "operatingExpenses": 213300000, "costAndExpenses": 999900000, "interestIncome": 600000, "interestExpense": 16800000, "depreciationAndAmortization": 73200000, "ebitda": 118900000, "ebitdaratio": 0.107631031, "operatingIncome": 90700000, "operatingIncomeRatio": 0.0821037386, "totalOtherIncomeExpensesNet": -14100000, "incomeBeforeTax": 74500000, "incomeBeforeTaxRatio": 0.0674391237, "incomeTaxExpense": 13600000, "netIncome": 65300000, "netIncomeRatio": 0.0591110709, "eps": 0.98, "epsdiluted": 0.95, "weightedAverageShsOut": 66600000, "weightedAverageShsOutDil": 73400000, "link": "https://www.sec.gov/Archives/edgar/data/105770/000010577011000016/0000105770-11-000016-index.htm", "finalLink": "https://www.sec.gov/Archives/edgar/data/105770/000010577011000016/form10k.htm", "calculatedOtherExpenses": 15800000, "calculatedOperatingExpenses": 227400000, "calculatedNetInterest": -16200000, "calculatedOtherIncome": 0, "calculatedIncomeNonControlling": -4400000, "calculatedEbitda": 163900000}, {"date": "2009-12-31", "symbol": "WST", "reportedCurrency": "USD", "cik": "0000105770", "fillingDate": "2010-02-25", "acceptedDate": "2010-02-25 15:26:28", "calendarYear": "2009", "period": "FY", "revenue": 1055700000, "costOfRevenue": 752100000, "grossProfit": 303600000, "grossProfitRatio": 0.2875816993, "researchAndDevelopmentExpenses": 19900000, "generalAndAdministrativeExpenses": 0, "sellingAndMarketingExpenses": 0, "sellingGeneralAndAdministrativeExpenses": 177700000, "otherExpenses": 0, "operatingExpenses": 197600000, "costAndExpenses": 949700000, "interestIncome": 800000, "interestExpense": 14400000, "depreciationAndAmortization": 68100000, "ebitda": 105000000, "ebitdaratio": 0.0994600739, "operatingIncome": 97500000, "operatingIncomeRatio": 0.0923557829, "totalOtherIncomeExpensesNet": -4500000, "incomeBeforeTax": 83100000, "incomeBeforeTaxRatio": 0.0787155442, "incomeTaxExpense": 13500000, "netIncome": 72600000, "netIncomeRatio": 0.0687695368, "eps": 1.11, "epsdiluted": 1.06, "weightedAverageShsOut": 65600000, "weightedAverageShsOutDil": 72600000, "link": "https://www.sec.gov/Archives/edgar/data/105770/000010577010000011/0000105770-10-000011-index.htm", "finalLink": "https://www.sec.gov/Archives/edgar/data/105770/000010577010000011/form10k.htm", "calculatedOtherExpenses": 8500000, "calculatedOperatingExpenses": 206100000, "calculatedNetInterest": -13600000, "calculatedOtherIncome": -800000, "calculatedIncomeNonControlling": -3000000, "calculatedEbitda": 165600000}, {"date": "2008-12-31", "symbol": "WST", "reportedCurrency": "USD", "cik": "0000105770", "fillingDate": "2009-02-27", "acceptedDate": "2009-02-26 18:07:12", "calendarYear": "2008", "period": "FY", "revenue": 1051100000, "costOfRevenue": 748500000, "grossProfit": 302600000, "grossProfitRatio": 0.2878888783, "researchAndDevelopmentExpenses": 18700000, "generalAndAdministrativeExpenses": 0, "sellingAndMarketingExpenses": 0, "sellingGeneralAndAdministrativeExpenses": 159300000, "otherExpenses": 0, "operatingExpenses": 191900000, "costAndExpenses": 940400000, "interestIncome": 1400000, "interestExpense": 16000000, "depreciationAndAmortization": 60600000, "ebitda": 111900000, "ebitdaratio": 0.1064598992, "operatingIncome": 124100000, "operatingIncomeRatio": 0.1180667872, "totalOtherIncomeExpensesNet": -1200000, "incomeBeforeTax": 109500000, "incomeBeforeTaxRatio": 0.1041765769, "incomeTaxExpense": 23700000, "netIncome": 86000000, "netIncomeRatio": 0.0818190467, "eps": 1.33, "epsdiluted": 1.25, "weightedAverageShsOut": 64800000, "weightedAverageShsOutDil": 72200000, "link": "https://www.sec.gov/Archives/edgar/data/105770/000010577009000016/0000105770-09-000016-index.htm", "finalLink": "https://www.sec.gov/Archives/edgar/data/105770/000010577009000016/form10k.htm", "calculatedOtherExpenses": 500000, "calculatedOperatingExpenses": 178500000, "calculatedNetInterest": -14600000, "calculatedOtherIncome": 0, "calculatedIncomeNonControlling": -200000, "calculatedEbitda": 184700000}, {"date": "2007-12-31", "symbol": "WST", "reportedCurrency": "USD", "cik": "0000105770", "fillingDate": "2008-02-29", "acceptedDate": "2008-02-29 13:13:54", "calendarYear": "2007", "period": "FY", "revenue": 1020100000, "costOfRevenue": 728300000, "grossProfit": 291800000, "grossProfitRatio": 0.2860503872, "researchAndDevelopmentExpenses": 16100000, "generalAndAdministrativeExpenses": 0, "sellingAndMarketingExpenses": 0, "sellingGeneralAndAdministrativeExpenses": 152500000, "otherExpenses": 0, "operatingExpenses": 168600000, "costAndExpenses": 896900000, "interestIncome": 0, "interestExpense": 0, "depreciationAndAmortization": 56600000, "ebitda": 208100000, "ebitdaratio": 0.2039996079, "operatingIncome": 94900000, "operatingIncomeRatio": 0.0930300951, "totalOtherIncomeExpensesNet": -25800000, "incomeBeforeTax": 86400000, "incomeBeforeTaxRatio": 0.0846975787, "incomeTaxExpense": 17200000, "netIncome": 70700000, "netIncomeRatio": 0.0693069307, "eps": 1.08, "epsdiluted": 1.02, "weightedAverageShsOut": 65400000, "weightedAverageShsOutDil": 72400000, "link": "https://www.sec.gov/Archives/edgar/data/105770/000104746908002017/0001047469-08-002017-index.htm", "finalLink": "https://www.sec.gov/Archives/edgar/data/105770/000104746908002017/a2183198z10-k.htm", "calculatedOtherExpenses": 28300000, "calculatedOperatingExpenses": 196900000, "calculatedNetInterest": 0, "calculatedOtherIncome": -8500000, "calculatedIncomeNonControlling": -1500000, "calculatedEbitda": 151500000}, {"date": "2006-12-31", "symbol": "WST", "reportedCurrency": "USD", "cik": "0000105770", "fillingDate": "2007-03-01", "acceptedDate": "2007-02-28 18:52:01", "calendarYear": "2006", "period": "FY", "revenue": 913300000, "costOfRevenue": 651500000, "grossProfit": 261800000, "grossProfitRatio": 0.2866527975, "researchAndDevelopmentExpenses": 0, "generalAndAdministrativeExpenses": 0, "sellingAndMarketingExpenses": 0, "sellingGeneralAndAdministrativeExpenses": 155900000, "otherExpenses": 0, "operatingExpenses": 160800000, "costAndExpenses": 812300000, "interestIncome": 0, "interestExpense": 0, "depreciationAndAmortization": 52700000, "ebitda": 164500000, "ebitdaratio": 0.1801160626, "operatingIncome": 101000000, "operatingIncomeRatio": 0.1105879777, "totalOtherIncomeExpensesNet": -8900000, "incomeBeforeTax": 84500000, "incomeBeforeTaxRatio": 0.0925216249, "incomeTaxExpense": 24600000, "netIncome": 67100000, "netIncomeRatio": 0.0734698347, "eps": 1.05, "epsdiluted": 1, "weightedAverageShsOut": 64400000, "weightedAverageShsOutDil": 67200000, "link": "https://www.sec.gov/Archives/edgar/data/105770/000110465907015074/0001104659-07-015074-index.htm", "finalLink": "https://www.sec.gov/Archives/edgar/data/105770/000110465907015074/a07-5873_110k.htm", "calculatedOtherExpenses": 4900000, "calculatedOperatingExpenses": 160800000, "calculatedNetInterest": 0, "calculatedOtherIncome": -16500000, "calculatedIncomeNonControlling": -7200000, "calculatedEbitda": 153700000}, {"date": "2005-12-31", "symbol": "WST", "reportedCurrency": "USD", "cik": "0000105770", "fillingDate": "2006-03-06", "acceptedDate": "2006-03-06 10:50:14", "calendarYear": "2005", "period": "FY", "revenue": 699700000, "costOfRevenue": 507100000, "grossProfit": 192600000, "grossProfitRatio": 0.2752608261, "researchAndDevelopmentExpenses": 0, "generalAndAdministrativeExpenses": 0, "sellingAndMarketingExpenses": 0, "sellingGeneralAndAdministrativeExpenses": 120300000, "otherExpenses": 0, "operatingExpenses": 121700000, "costAndExpenses": 628800000, "interestIncome": 0, "interestExpense": 0, "depreciationAndAmortization": 47400000, "ebitda": 135700000, "ebitdaratio": 0.1939402601, "operatingIncome": 72200000, "operatingIncomeRatio": 0.1031870802, "totalOtherIncomeExpensesNet": -15000000, "incomeBeforeTax": 45200000, "incomeBeforeTaxRatio": 0.0645991139, "incomeTaxExpense": -400000, "netIncome": 45600000, "netIncomeRatio": 0.0651707875, "eps": 0.75, "epsdiluted": 0.71, "weightedAverageShsOut": 62200000, "weightedAverageShsOutDil": 65000000, "link": "https://www.sec.gov/Archives/edgar/data/105770/000110465906014167/0001104659-06-014167-index.htm", "finalLink": "https://www.sec.gov/Archives/edgar/data/105770/000110465906014167/a06-3954_310k.htm", "calculatedOtherExpenses": 100000, "calculatedOperatingExpenses": 120400000, "calculatedNetInterest": 0, "calculatedOtherIncome": -27000000, "calculatedIncomeNonControlling": 0, "calculatedEbitda": 119600000}, {"date": "2004-12-31", "symbol": "WST", "reportedCurrency": "USD", "cik": "0000105770", "fillingDate": "2005-03-09", "acceptedDate": "2005-03-09 17:10:48", "calendarYear": "2004", "period": "FY", "revenue": 541600000, "costOfRevenue": 385700000, "grossProfit": 155900000, "grossProfitRatio": 0.2878508124, "researchAndDevelopmentExpenses": 0, "generalAndAdministrativeExpenses": 0, "sellingAndMarketingExpenses": 0, "sellingGeneralAndAdministrativeExpenses": 105200000, "otherExpenses": 0, "operatingExpenses": 106700000, "costAndExpenses": 492400000, "interestIncome": 0, "interestExpense": 0, "depreciationAndAmortization": 33200000, "ebitda": 84900000, "ebitdaratio": 0.1567577548, "operatingIncome": 48200000, "operatingIncomeRatio": 0.0889955687, "totalOtherIncomeExpensesNet": 900000, "incomeBeforeTax": 41200000, "incomeBeforeTaxRatio": 0.076070901, "incomeTaxExpense": 11100000, "netIncome": 19400000, "netIncomeRatio": 0.0358197932, "eps": 0.57, "epsdiluted": 0.56, "weightedAverageShsOut": 60000000, "weightedAverageShsOutDil": 61600000, "link": "https://www.sec.gov/Archives/edgar/data/105770/000010577005000135/0000105770-05-000135-index.htm", "finalLink": "https://www.sec.gov/Archives/edgar/data/105770/000010577005000135/file10k04.htm", "calculatedOtherExpenses": 2500000, "calculatedOperatingExpenses": 107700000, "calculatedNetInterest": 0, "calculatedOtherIncome": -7000000, "calculatedIncomeNonControlling": 10700000, "calculatedEbitda": 81400000}, {"date": "2003-12-31", "symbol": "WST", "reportedCurrency": "USD", "cik": "0000105770", "fillingDate": "2004-03-12", "acceptedDate": "2004-03-12 12:16:04", "calendarYear": "2003", "period": "FY", "revenue": 490700000, "costOfRevenue": 334900000, "grossProfit": 155800000, "grossProfitRatio": 0.3175056042, "researchAndDevelopmentExpenses": 0, "generalAndAdministrativeExpenses": 0, "sellingAndMarketingExpenses": 0, "sellingGeneralAndAdministrativeExpenses": 111000000, "otherExpenses": 0, "operatingExpenses": 94300000, "costAndExpenses": 429200000, "interestIncome": 0, "interestExpense": 0, "depreciationAndAmortization": 33000000, "ebitda": 84800000, "ebitdaratio": 0.1728143469, "operatingIncome": 54500000, "operatingIncomeRatio": 0.1110658243, "totalOtherIncomeExpensesNet": 11300000, "incomeBeforeTax": 47000000, "incomeBeforeTaxRatio": 0.0957815366, "incomeTaxExpense": 16700000, "netIncome": 31900000, "netIncomeRatio": 0.0650091706, "eps": 0.75, "epsdiluted": 0.75, "weightedAverageShsOut": 58000000, "weightedAverageShsOutDil": 58200000, "link": "https://www.sec.gov/Archives/edgar/data/105770/000095015404000022/0000950154-04-000022-index.htm", "finalLink": "https://www.sec.gov/Archives/edgar/data/105770/000095015404000022/westpharm-10k_55917.txt", "calculatedOtherExpenses": -9700000, "calculatedOperatingExpenses": 101300000, "calculatedNetInterest": 0, "calculatedOtherIncome": -7500000, "calculatedIncomeNonControlling": -1600000, "calculatedEbitda": 87500000}, {"date": "2002-12-31", "symbol": "WST", "reportedCurrency": "USD", "cik": "0000105770", "fillingDate": "2003-03-26", "acceptedDate": "2003-03-26 15:37:52", "calendarYear": "2002", "period": "FY", "revenue": 419700000, "costOfRevenue": 302100000, "grossProfit": 117600000, "grossProfitRatio": 0.280200143, "researchAndDevelopmentExpenses": 0, "generalAndAdministrativeExpenses": 0, "sellingAndMarketingExpenses": 0, "sellingGeneralAndAdministrativeExpenses": 82600000, "otherExpenses": 0, "operatingExpenses": 81000000, "costAndExpenses": 383100000, "interestIncome": 0, "interestExpense": 0, "depreciationAndAmortization": 33000000, "ebitda": 77900000, "ebitdaratio": 0.1856087682, "operatingIncome": 26700000, "operatingIncomeRatio": 0.0636168692, "totalOtherIncomeExpensesNet": -8600000, "incomeBeforeTax": 17200000, "incomeBeforeTaxRatio": 0.0409816536, "incomeTaxExpense": 4100000, "netIncome": 18400000, "netIncomeRatio": 0.0438408387, "eps": 0.33, "epsdiluted": 0.33, "weightedAverageShsOut": 57800000, "weightedAverageShsOutDil": 57800000, "link": "https://www.sec.gov/Archives/edgar/data/105770/000010577003000007/0000105770-03-000007-index.htm", "finalLink": "https://www.sec.gov/Archives/edgar/data/105770/000010577003000007/file10k.txt", "calculatedOtherExpenses": 8300000, "calculatedOperatingExpenses": 90900000, "calculatedNetInterest": 0, "calculatedOtherIncome": -9500000, "calculatedIncomeNonControlling": -5300000, "calculatedEbitda": 59700000}, {"date": "2001-12-31", "symbol": "WST", "reportedCurrency": "USD", "cik": "0000105770", "fillingDate": "2002-03-28", "acceptedDate": "2002-03-28 00:00:00", "calendarYear": "2001", "period": "FY", "revenue": 396900000, "costOfRevenue": 280800000, "grossProfit": 116100000, "grossProfitRatio": 0.2925170068, "researchAndDevelopmentExpenses": 0, "generalAndAdministrativeExpenses": 0, "sellingAndMarketingExpenses": 0, "sellingGeneralAndAdministrativeExpenses": 73400000, "otherExpenses": 0, "operatingExpenses": 71900000, "costAndExpenses": 352700000, "interestIncome": 0, "interestExpense": 0, "depreciationAndAmortization": 32000000, "ebitda": 77600000, "ebitdaratio": 0.1955152431, "operatingIncome": 41300000, "operatingIncomeRatio": 0.1040564374, "totalOtherIncomeExpensesNet": -900000, "incomeBeforeTax": 27800000, "incomeBeforeTaxRatio": 0.0700428319, "incomeTaxExpense": 8600000, "netIncome": -5200000, "netIncomeRatio": -0.0131015369, "eps": -0.0907, "epsdiluted": -0.0906, "weightedAverageShsOut": 57344000, "weightedAverageShsOutDil": 57392000, "link": "https://www.sec.gov/Archives/edgar/data/105770/000010577002000007/0000105770-02-000007-index.htm", "finalLink": "https://www.sec.gov/Archives/edgar/data/105770/000010577002000007/file10k2001.txt", "calculatedOtherExpenses": 1400000, "calculatedOperatingExpenses": 74800000, "calculatedNetInterest": 0, "calculatedOtherIncome": -13500000, "calculatedIncomeNonControlling": 24400000, "calculatedEbitda": 73300000}, {"date": "2000-12-31", "symbol": "WST", "reportedCurrency": "USD", "cik": "0000105770", "fillingDate": "2001-03-30", "acceptedDate": "2001-03-30 00:00:00", "calendarYear": "2000", "period": "FY", "revenue": 430100000, "costOfRevenue": 289700000, "grossProfit": 140400000, "grossProfitRatio": 0.3264357126, "researchAndDevelopmentExpenses": 0, "generalAndAdministrativeExpenses": 0, "sellingAndMarketingExpenses": 0, "sellingGeneralAndAdministrativeExpenses": 67700000, "otherExpenses": 0, "operatingExpenses": 104700000, "costAndExpenses": 394400000, "interestIncome": 0, "interestExpense": 0, "depreciationAndAmortization": 37000000, "ebitda": 92000000, "ebitdaratio": 0.2139037433, "operatingIncome": 35700000, "operatingIncomeRatio": 0.0830039526, "totalOtherIncomeExpensesNet": -19300000, "incomeBeforeTax": 3100000, "incomeBeforeTaxRatio": 0.0072076261, "incomeTaxExpense": 1500000, "netIncome": 1600000, "netIncomeRatio": 0.0037200651, "eps": 0.025, "epsdiluted": 0.025, "weightedAverageShsOut": 57628000, "weightedAverageShsOutDil": 57636000, "link": "https://www.sec.gov/Archives/edgar/data/105770/000010577001000008/0000105770-01-000008-index.htm", "finalLink": "https://www.sec.gov/Archives/edgar/data/105770/000010577001000008/0000105770-01-000008-0001.txt", "calculatedOtherExpenses": 37000000, "calculatedOperatingExpenses": 104700000, "calculatedNetInterest": 0, "calculatedOtherIncome": -32600000, "calculatedIncomeNonControlling": 0, "calculatedEbitda": 72700000}, {"date": "1999-12-31", "symbol": "WST", "reportedCurrency": "USD", "cik": "0000105770", "fillingDate": "2000-03-30", "acceptedDate": "2000-03-30 00:00:00", "calendarYear": "1999", "period": "FY", "revenue": 469100000, "costOfRevenue": 289100000, "grossProfit": 180000000, "grossProfitRatio": 0.3837134939, "researchAndDevelopmentExpenses": 0, "generalAndAdministrativeExpenses": 0, "sellingAndMarketingExpenses": 0, "sellingGeneralAndAdministrativeExpenses": 77900000, "otherExpenses": 0, "operatingExpenses": 113600000, "costAndExpenses": 402700000, "interestIncome": 0, "interestExpense": 0, "depreciationAndAmortization": 35700000, "ebitda": 100800000, "ebitdaratio": 0.2148795566, "operatingIncome": 66400000, "operatingIncomeRatio": 0.1415476444, "totalOtherIncomeExpensesNet": 1300000, "incomeBeforeTax": 57100000, "incomeBeforeTaxRatio": 0.1217224472, "incomeTaxExpense": 18400000, "netIncome": 38700000, "netIncomeRatio": 0.0824984012, "eps": 0.65, "epsdiluted": 0.64, "weightedAverageShsOut": 59656000, "weightedAverageShsOutDil": 60192000, "link": "https://www.sec.gov/Archives/edgar/data/105770/000010577000000008/0000105770-00-000008-index.html", "finalLink": "https://www.sec.gov/Archives/edgar/data/105770/000010577000000008/", "calculatedOtherExpenses": 35700000, "calculatedOperatingExpenses": 113600000, "calculatedNetInterest": 0, "calculatedOtherIncome": -9300000, "calculatedIncomeNonControlling": 0, "calculatedEbitda": 102100000}, {"date": "1998-12-31", "symbol": "WST", "reportedCurrency": "USD", "cik": "0000105770", "fillingDate": "1999-05-06", "acceptedDate": "1999-05-06 00:00:00", "calendarYear": "1998", "period": "FY", "revenue": 449700000, "costOfRevenue": 282200000, "grossProfit": 167500000, "grossProfitRatio": 0.3724705359, "researchAndDevelopmentExpenses": 0, "generalAndAdministrativeExpenses": 0, "sellingAndMarketingExpenses": 0, "sellingGeneralAndAdministrativeExpenses": 70500000, "otherExpenses": 0, "operatingExpenses": 102800000, "costAndExpenses": 385000000, "interestIncome": 0, "interestExpense": 0, "depreciationAndAmortization": 32300000, "ebitda": 126500000, "ebitdaratio": 0.2812986435, "operatingIncome": 64700000, "operatingIncomeRatio": 0.1438736936, "totalOtherIncomeExpensesNet": -29500000, "incomeBeforeTax": 27900000, "incomeBeforeTaxRatio": 0.0620413609, "incomeTaxExpense": 21200000, "netIncome": 6700000, "netIncomeRatio": 0.0148988214, "eps": 0.1, "epsdiluted": 0.1, "weightedAverageShsOut": 65740000, "weightedAverageShsOutDil": 66016000, "link": "https://www.sec.gov/Archives/edgar/data/105770/000010577099000016/0000105770-99-000016-index.html", "finalLink": "https://www.sec.gov/Archives/edgar/data/105770/", "calculatedOtherExpenses": 32300000, "calculatedOperatingExpenses": 102800000, "calculatedNetInterest": 0, "calculatedOtherIncome": -36800000, "calculatedIncomeNonControlling": 0, "calculatedEbitda": 97000000}, {"date": "1997-12-31", "symbol": "WST", "reportedCurrency": "USD", "cik": "0000105770", "fillingDate": "1998-04-01", "acceptedDate": "1998-04-01 00:00:00", "calendarYear": "1997", "period": "FY", "revenue": 452500000, "costOfRevenue": 288500000, "grossProfit": 164000000, "grossProfitRatio": 0.3624309392, "researchAndDevelopmentExpenses": 0, "generalAndAdministrativeExpenses": 0, "sellingAndMarketingExpenses": 0, "sellingGeneralAndAdministrativeExpenses": 70200000, "otherExpenses": 0, "operatingExpenses": 102100000, "costAndExpenses": 390600000, "interestIncome": 0, "interestExpense": 0, "depreciationAndAmortization": 31900000, "ebitda": 92200000, "ebitdaratio": 0.2037569061, "operatingIncome": 61900000, "operatingIncomeRatio": 0.1367955801, "totalOtherIncomeExpensesNet": 1600000, "incomeBeforeTax": 57700000, "incomeBeforeTaxRatio": 0.1275138122, "incomeTaxExpense": 13300000, "netIncome": 44400000, "netIncomeRatio": 0.098121547, "eps": 0.67, "epsdiluted": 0.67, "weightedAverageShsOut": 65900000, "weightedAverageShsOutDil": 66288000, "link": "https://www.sec.gov/Archives/edgar/data/105770/000095011598000641/0000950115-98-000641-index.html", "finalLink": "https://www.sec.gov/Archives/edgar/data/105770/", "calculatedOtherExpenses": 31900000, "calculatedOperatingExpenses": 102100000, "calculatedNetInterest": 0, "calculatedOtherIncome": -4200000, "calculatedIncomeNonControlling": 0, "calculatedEbitda": 93800000}, {"date": "1996-12-31", "symbol": "WST", "reportedCurrency": "USD", "cik": "0000105770", "fillingDate": "1997-03-31", "acceptedDate": "1997-03-31 00:00:00", "calendarYear": "1996", "period": "FY", "revenue": 458800000, "costOfRevenue": 302000000, "grossProfit": 156800000, "grossProfitRatio": 0.341761116, "researchAndDevelopmentExpenses": 0, "generalAndAdministrativeExpenses": 0, "sellingAndMarketingExpenses": 0, "sellingGeneralAndAdministrativeExpenses": 72800000, "otherExpenses": 0, "operatingExpenses": 103500000, "costAndExpenses": 405500000, "interestIncome": 0, "interestExpense": 0, "depreciationAndAmortization": 30700000, "ebitda": 103100000, "ebitdaratio": 0.2247166521, "operatingIncome": 53300000, "operatingIncomeRatio": 0.1161726242, "totalOtherIncomeExpensesNet": -19100000, "incomeBeforeTax": 27200000, "incomeBeforeTaxRatio": 0.0592850915, "incomeTaxExpense": 10800000, "netIncome": 16400000, "netIncomeRatio": 0.0357454228, "eps": 0.25, "epsdiluted": 0.25, "weightedAverageShsOut": 65672000, "weightedAverageShsOutDil": 65672000, "link": "https://www.sec.gov/Archives/edgar/data/105770/000010577097000011/0000105770-97-000011-index.html", "finalLink": "https://www.sec.gov/Archives/edgar/data/105770/", "calculatedOtherExpenses": 30700000, "calculatedOperatingExpenses": 103500000, "calculatedNetInterest": 0, "calculatedOtherIncome": -26100000, "calculatedIncomeNonControlling": 0, "calculatedEbitda": 84000000}, {"date": "1995-12-31", "symbol": "WST", "reportedCurrency": "USD", "cik": "0000105770", "fillingDate": "1996-03-29", "acceptedDate": "1996-03-29 00:00:00", "calendarYear": "1995", "period": "FY", "revenue": 412900000, "costOfRevenue": 265100000, "grossProfit": 147800000, "grossProfitRatio": 0.3579559215, "researchAndDevelopmentExpenses": 0, "generalAndAdministrativeExpenses": 0, "sellingAndMarketingExpenses": 0, "sellingGeneralAndAdministrativeExpenses": 69900000, "otherExpenses": 0, "operatingExpenses": 99500000, "costAndExpenses": 364600000, "interestIncome": 0, "interestExpense": 0, "depreciationAndAmortization": 29600000, "ebitda": 75500000, "ebitdaratio": 0.182852991, "operatingIncome": 48300000, "operatingIncomeRatio": 0.1169774764, "totalOtherIncomeExpensesNet": 2400000, "incomeBeforeTax": 42600000, "incomeBeforeTaxRatio": 0.103172681, "incomeTaxExpense": 13900000, "netIncome": 28700000, "netIncomeRatio": 0.0695083555, "eps": 0.43, "epsdiluted": 0.43, "weightedAverageShsOut": 66228000, "weightedAverageShsOutDil": 66228000, "link": "https://www.sec.gov/Archives/edgar/data/105770/000010577096000012/0000105770-96-000012-index.html", "finalLink": "https://www.sec.gov/Archives/edgar/data/105770/", "calculatedOtherExpenses": 29600000, "calculatedOperatingExpenses": 99500000, "calculatedNetInterest": 0, "calculatedOtherIncome": -5700000, "calculatedIncomeNonControlling": 0, "calculatedEbitda": 77900000}, {"date": "1994-12-31", "symbol": "WST", "reportedCurrency": "USD", "cik": "0000105770", "fillingDate": "1995-03-30", "acceptedDate": "1995-03-30 00:00:00", "calendarYear": "1994", "period": "FY", "revenue": 365100000, "costOfRevenue": 225900000, "grossProfit": 139200000, "grossProfitRatio": 0.3812654067, "researchAndDevelopmentExpenses": 0, "generalAndAdministrativeExpenses": 0, "sellingAndMarketingExpenses": 0, "sellingGeneralAndAdministrativeExpenses": 69000000, "otherExpenses": 0, "operatingExpenses": 92100000, "costAndExpenses": 318000000, "interestIncome": 0, "interestExpense": 0, "depreciationAndAmortization": 23100000, "ebitda": 71400000, "ebitdaratio": 0.1955628595, "operatingIncome": 47100000, "operatingIncomeRatio": 0.1290057518, "totalOtherIncomeExpensesNet": -1200000, "incomeBeforeTax": 40700000, "incomeBeforeTaxRatio": 0.1114763079, "incomeTaxExpense": 13400000, "netIncome": 27300000, "netIncomeRatio": 0.0747740345, "eps": 0.43, "epsdiluted": 0.43, "weightedAverageShsOut": 64216000, "weightedAverageShsOutDil": 64216000, "link": "https://www.sec.gov/Archives/edgar/data/105770/000095011595000063/0000950115-95-000063-index.html", "finalLink": "https://www.sec.gov/Archives/edgar/data/105770/", "calculatedOtherExpenses": 23100000, "calculatedOperatingExpenses": 92100000, "calculatedNetInterest": 0, "calculatedOtherIncome": -6400000, "calculatedIncomeNonControlling": 0, "calculatedEbitda": 70200000}, {"date": "1993-12-31", "symbol": "WST", "reportedCurrency": "USD", "cik": "0000105770", "fillingDate": "1993-12-31", "acceptedDate": "1993-12-31 00:00:00", "calendarYear": "1993", "period": "FY", "revenue": 348700000, "costOfRevenue": 222100000, "grossProfit": 126600000, "grossProfitRatio": 0.3630628047, "researchAndDevelopmentExpenses": 0, "generalAndAdministrativeExpenses": 0, "sellingAndMarketingExpenses": 0, "sellingGeneralAndAdministrativeExpenses": 63500000, "otherExpenses": 0, "operatingExpenses": 85500000, "costAndExpenses": 307600000, "interestIncome": 0, "interestExpense": 0, "depreciationAndAmortization": 22000000, "ebitda": 62600000, "ebitdaratio": 0.1795239461, "operatingIncome": 41100000, "operatingIncomeRatio": 0.1178663608, "totalOtherIncomeExpensesNet": 500000, "incomeBeforeTax": 36800000, "incomeBeforeTaxRatio": 0.1055348437, "incomeTaxExpense": 14300000, "netIncome": 23500000, "netIncomeRatio": 0.0673931746, "eps": 0.37, "epsdiluted": 0.37, "weightedAverageShsOut": 63513514, "weightedAverageShsOutDil": 63945578, "link": null, "finalLink": null, "calculatedOtherExpenses": 22000000, "calculatedOperatingExpenses": 85500000, "calculatedNetInterest": 0, "calculatedOtherIncome": -4300000, "calculatedIncomeNonControlling": -1000000, "calculatedEbitda": 63100000}, {"date": "1992-12-31", "symbol": "WST", "reportedCurrency": "USD", "cik": "0000105770", "fillingDate": "1992-12-31", "acceptedDate": "1992-12-31 00:00:00", "calendarYear": "1992", "period": "FY", "revenue": 338200000, "costOfRevenue": 217800000, "grossProfit": 120400000, "grossProfitRatio": 0.3560023655, "researchAndDevelopmentExpenses": 0, "generalAndAdministrativeExpenses": 0, "sellingAndMarketingExpenses": 0, "sellingGeneralAndAdministrativeExpenses": 57100000, "otherExpenses": 0, "operatingExpenses": 80700000, "costAndExpenses": 298500000, "interestIncome": 0, "interestExpense": 0, "depreciationAndAmortization": 23600000, "ebitda": 63300000, "ebitdaratio": 0.1871673566, "operatingIncome": 39700000, "operatingIncomeRatio": 0.117386162, "totalOtherIncomeExpensesNet": -5700000, "incomeBeforeTax": 34000000, "incomeBeforeTaxRatio": 0.1005322295, "incomeTaxExpense": 14300000, "netIncome": 19700000, "netIncomeRatio": 0.0582495565, "eps": 0.32, "epsdiluted": 0.31, "weightedAverageShsOut": 62539683, "weightedAverageShsOutDil": 63040000, "link": null, "finalLink": null, "calculatedOtherExpenses": 23600000, "calculatedOperatingExpenses": 80700000, "calculatedNetInterest": 0, "calculatedOtherIncome": -5700000, "calculatedIncomeNonControlling": 0, "calculatedEbitda": 63300000}, {"date": "1991-12-31", "symbol": "WST", "reportedCurrency": "USD", "cik": "0000105770", "fillingDate": "1991-12-31", "acceptedDate": "1991-12-31 00:00:00", "calendarYear": "1991", "period": "FY", "revenue": 329600000, "costOfRevenue": 221400000, "grossProfit": 108200000, "grossProfitRatio": 0.328276699, "researchAndDevelopmentExpenses": 0, "generalAndAdministrativeExpenses": 0, "sellingAndMarketingExpenses": 0, "sellingGeneralAndAdministrativeExpenses": 85000000, "otherExpenses": 0, "operatingExpenses": 109500000, "costAndExpenses": 330900000, "interestIncome": 0, "interestExpense": 0, "depreciationAndAmortization": 24500000, "ebitda": 22100000, "ebitdaratio": 0.0670509709, "operatingIncome": -1300000, "operatingIncomeRatio": -0.0039441748, "totalOtherIncomeExpensesNet": 1100000, "incomeBeforeTax": -3800000, "incomeBeforeTaxRatio": -0.0115291262, "incomeTaxExpense": 4700000, "netIncome": -8500000, "netIncomeRatio": -0.025788835, "eps": -0.14, "epsdiluted": -0.14, "weightedAverageShsOut": 61818182, "weightedAverageShsOutDil": 61818182, "link": null, "finalLink": null, "calculatedOtherExpenses": 24500000, "calculatedOperatingExpenses": 109500000, "calculatedNetInterest": 0, "calculatedOtherIncome": -2500000, "calculatedIncomeNonControlling": 0, "calculatedEbitda": 23200000}, {"date": "1990-12-31", "symbol": "WST", "reportedCurrency": "USD", "cik": "0000105770", "fillingDate": "1990-12-31", "acceptedDate": "1990-12-31 00:00:00", "calendarYear": "1990", "period": "FY", "revenue": 323200000, "costOfRevenue": 221500000, "grossProfit": 101700000, "grossProfitRatio": 0.3146658416, "researchAndDevelopmentExpenses": 0, "generalAndAdministrativeExpenses": 0, "sellingAndMarketingExpenses": 0, "sellingGeneralAndAdministrativeExpenses": 57800000, "otherExpenses": 0, "operatingExpenses": 80500000, "costAndExpenses": 302000000, "interestIncome": 0, "interestExpense": 0, "depreciationAndAmortization": 22700000, "ebitda": 48200000, "ebitdaratio": 0.1491336634, "operatingIncome": 21200000, "operatingIncomeRatio": 0.0655940594, "totalOtherIncomeExpensesNet": -4300000, "incomeBeforeTax": 10700000, "incomeBeforeTaxRatio": 0.0331064356, "incomeTaxExpense": 6400000, "netIncome": 4300000, "netIncomeRatio": 0.0133044554, "eps": 0.0675, "epsdiluted": 0.0675, "weightedAverageShsOut": 63703704, "weightedAverageShsOutDil": 63703704, "link": null, "finalLink": null, "calculatedOtherExpenses": 22700000, "calculatedOperatingExpenses": 80500000, "calculatedNetInterest": 0, "calculatedOtherIncome": -10500000, "calculatedIncomeNonControlling": 0, "calculatedEbitda": 43900000}, {"date": "1989-12-31", "symbol": "WST", "reportedCurrency": "USD", "cik": "0000105770", "fillingDate": "1989-12-31", "acceptedDate": "1989-12-31 00:00:00", "calendarYear": "1989", "period": "FY", "revenue": 308700000, "costOfRevenue": 206700000, "grossProfit": 102000000, "grossProfitRatio": 0.3304178814, "researchAndDevelopmentExpenses": 0, "generalAndAdministrativeExpenses": 0, "sellingAndMarketingExpenses": 0, "sellingGeneralAndAdministrativeExpenses": 45600000, "otherExpenses": 0, "operatingExpenses": 65900000, "costAndExpenses": 272600000, "interestIncome": 0, "interestExpense": 0, "depreciationAndAmortization": 20300000, "ebitda": 52300000, "ebitdaratio": 0.169420149, "operatingIncome": 36100000, "operatingIncomeRatio": 0.1169420149, "totalOtherIncomeExpensesNet": 4100000, "incomeBeforeTax": 33900000, "incomeBeforeTaxRatio": 0.1098153547, "incomeTaxExpense": 13200000, "netIncome": 20700000, "netIncomeRatio": 0.0670553936, "eps": 0.32, "epsdiluted": 0.32, "weightedAverageShsOut": 64687500, "weightedAverageShsOutDil": 65196850, "link": null, "finalLink": null, "calculatedOtherExpenses": 20300000, "calculatedOperatingExpenses": 65900000, "calculatedNetInterest": 0, "calculatedOtherIncome": -2200000, "calculatedIncomeNonControlling": 0, "calculatedEbitda": 56400000}, {"date": "1988-12-31", "symbol": "WST", "reportedCurrency": "USD", "cik": "0000105770", "fillingDate": "1988-12-31", "acceptedDate": "1988-12-31 00:00:00", "calendarYear": "1988", "period": "FY", "revenue": 288200000, "costOfRevenue": 197400000, "grossProfit": 90800000, "grossProfitRatio": 0.3150589868, "researchAndDevelopmentExpenses": 0, "generalAndAdministrativeExpenses": 0, "sellingAndMarketingExpenses": 0, "sellingGeneralAndAdministrativeExpenses": 41500000, "otherExpenses": 0, "operatingExpenses": 60400000, "costAndExpenses": 257800000, "interestIncome": 0, "interestExpense": 0, "depreciationAndAmortization": 18900000, "ebitda": 46700000, "ebitdaratio": 0.1620402498, "operatingIncome": 30400000, "operatingIncomeRatio": 0.105482304, "totalOtherIncomeExpensesNet": 2600000, "incomeBeforeTax": 27500000, "incomeBeforeTaxRatio": 0.0954198473, "incomeTaxExpense": 10100000, "netIncome": 17400000, "netIncomeRatio": 0.0603747398, "eps": 0.27, "epsdiluted": 0.27, "weightedAverageShsOut": 65046729, "weightedAverageShsOutDil": 65046729, "link": null, "finalLink": null, "calculatedOtherExpenses": 18900000, "calculatedOperatingExpenses": 60400000, "calculatedNetInterest": 0, "calculatedOtherIncome": -2900000, "calculatedIncomeNonControlling": 0, "calculatedEbitda": 49300000}, {"date": "1987-12-31", "symbol": "WST", "reportedCurrency": "USD", "cik": "0000105770", "fillingDate": "1987-12-31", "acceptedDate": "1987-12-31 00:00:00", "calendarYear": "1987", "period": "FY", "revenue": 253300000, "costOfRevenue": 174400000, "grossProfit": 78900000, "grossProfitRatio": 0.3114883537, "researchAndDevelopmentExpenses": 0, "generalAndAdministrativeExpenses": 0, "sellingAndMarketingExpenses": 0, "sellingGeneralAndAdministrativeExpenses": 32200000, "otherExpenses": 0, "operatingExpenses": 49000000, "costAndExpenses": 223400000, "interestIncome": 0, "interestExpense": 0, "depreciationAndAmortization": 16800000, "ebitda": 48900000, "ebitdaratio": 0.1930517173, "operatingIncome": 29900000, "operatingIncomeRatio": 0.1180418476, "totalOtherIncomeExpensesNet": -2200000, "incomeBeforeTax": 23200000, "incomeBeforeTaxRatio": 0.0915909988, "incomeTaxExpense": 9500000, "netIncome": 13700000, "netIncomeRatio": 0.054086064, "eps": 0.21, "epsdiluted": 0.21, "weightedAverageShsOut": 64470588, "weightedAverageShsOutDil": 64470588, "link": null, "finalLink": null, "calculatedOtherExpenses": 16800000, "calculatedOperatingExpenses": 49000000, "calculatedNetInterest": 0, "calculatedOtherIncome": -6700000, "calculatedIncomeNonControlling": 0, "calculatedEbitda": 46700000}, {"date": "1986-12-31", "symbol": "WST", "reportedCurrency": "USD", "cik": "0000105770", "fillingDate": "1986-12-31", "acceptedDate": "1986-12-31 00:00:00", "calendarYear": "1986", "period": "FY", "revenue": 235600000, "costOfRevenue": 160200000, "grossProfit": 75400000, "grossProfitRatio": 0.3200339559, "researchAndDevelopmentExpenses": 0, "generalAndAdministrativeExpenses": 0, "sellingAndMarketingExpenses": 0, "sellingGeneralAndAdministrativeExpenses": 29900000, "otherExpenses": 0, "operatingExpenses": 44600000, "costAndExpenses": 204800000, "interestIncome": 0, "interestExpense": 0, "depreciationAndAmortization": 14700000, "ebitda": 43200000, "ebitdaratio": 0.1833616299, "operatingIncome": 30800000, "operatingIncomeRatio": 0.1307300509, "totalOtherIncomeExpensesNet": 2300000, "incomeBeforeTax": 30200000, "incomeBeforeTaxRatio": 0.1281833616, "incomeTaxExpense": 13200000, "netIncome": 17000000, "netIncomeRatio": 0.0721561969, "eps": 0.27, "epsdiluted": 0.27, "weightedAverageShsOut": 64150943, "weightedAverageShsOutDil": 64150943, "link": null, "finalLink": null, "calculatedOtherExpenses": 14700000, "calculatedOperatingExpenses": 44600000, "calculatedNetInterest": 0, "calculatedOtherIncome": -600000, "calculatedIncomeNonControlling": 0, "calculatedEbitda": 45500000}, {"date": "1985-12-31", "symbol": "WST", "reportedCurrency": "USD", "cik": "0000105770", "fillingDate": "1985-12-31", "acceptedDate": "1985-12-31 00:00:00", "calendarYear": "1985", "period": "FY", "revenue": 190100000, "costOfRevenue": 128000000, "grossProfit": 62100000, "grossProfitRatio": 0.3266701736, "researchAndDevelopmentExpenses": 0, "generalAndAdministrativeExpenses": 0, "sellingAndMarketingExpenses": 0, "sellingGeneralAndAdministrativeExpenses": 26600000, "otherExpenses": 0, "operatingExpenses": 38600000, "costAndExpenses": 166600000, "interestIncome": 0, "interestExpense": 0, "depreciationAndAmortization": 12000000, "ebitda": 32300000, "ebitdaratio": 0.1699105734, "operatingIncome": 23500000, "operatingIncomeRatio": 0.1236191478, "totalOtherIncomeExpensesNet": 3200000, "incomeBeforeTax": 25400000, "incomeBeforeTaxRatio": 0.1336138874, "incomeTaxExpense": 10400000, "netIncome": 15000000, "netIncomeRatio": 0.078905839, "eps": 0.24, "epsdiluted": 0.24, "weightedAverageShsOut": 63157895, "weightedAverageShsOutDil": 63157895, "link": null, "finalLink": null, "calculatedOtherExpenses": 12000000, "calculatedOperatingExpenses": 38600000, "calculatedNetInterest": 0, "calculatedOtherIncome": 1900000, "calculatedIncomeNonControlling": 0, "calculatedEbitda": 35500000}]}