{"originalCurrency": "USD", "convertedCurrency": "USD", "report": [{"date": "2023-12-31", "symbol": "WTFC", "reportedCurrency": "USD", "cik": "0001015328", "fillingDate": "2024-02-28", "acceptedDate": "2024-02-28 17:20:42", "calendarYear": "2023", "period": "FY", "revenue": 3327564000, "costOfRevenue": 434450000, "grossProfit": 2893114000, "grossProfitRatio": 0.8694390251, "researchAndDevelopmentExpenses": 0, "generalAndAdministrativeExpenses": 819115000, "sellingAndMarketingExpenses": 65075000, "sellingGeneralAndAdministrativeExpenses": 884190000, "otherExpenses": -341951000, "operatingExpenses": 341951000, "costAndExpenses": 2483667000, "interestIncome": 2893114000, "interestExpense": 148780000, "depreciationAndAmortization": 47861000, "ebitda": 53298000, "ebitdaratio": 0.0160171224, "operatingIncome": 53298000, "operatingIncomeRatio": 0.0160171224, "totalOtherIncomeExpensesNet": 845081000, "incomeBeforeTax": 845081000, "incomeBeforeTaxRatio": 0.2539638607, "incomeTaxExpense": 222455000, "netIncome": 622626000, "netIncomeRatio": 0.1871116528, "eps": 9.72, "epsdiluted": 9.58, "weightedAverageShsOut": 61149000, "weightedAverageShsOutDil": 62087000, "link": "https://www.sec.gov/Archives/edgar/data/1015328/000101532824000083/0001015328-24-000083-index.htm", "finalLink": "https://www.sec.gov/Archives/edgar/data/1015328/000101532824000083/wtfc-20231231.htm", "calculatedOtherExpenses": 1955626000, "calculatedOperatingExpenses": 2839816000, "calculatedNetInterest": 2744334000, "calculatedOtherIncome": -1952551000, "calculatedIncomeNonControlling": 0, "calculatedEbitda": 101159000}, {"date": "2022-12-31", "symbol": "WTFC", "reportedCurrency": "USD", "cik": "0001015328", "fillingDate": "2023-02-28", "acceptedDate": "2023-02-28 17:27:40", "calendarYear": "2022", "period": "FY", "revenue": 1956005000, "costOfRevenue": 0, "grossProfit": 1956005000, "grossProfitRatio": 1, "researchAndDevelopmentExpenses": 0, "generalAndAdministrativeExpenses": 724746000, "sellingAndMarketingExpenses": 59418000, "sellingGeneralAndAdministrativeExpenses": 784164000, "otherExpenses": 192266000, "operatingExpenses": 192266000, "costAndExpenses": 330732000, "interestIncome": 1747443000, "interestExpense": 252081000, "depreciationAndAmortization": 44124000, "ebitda": 168638000, "ebitdaratio": 0.086215526, "operatingIncome": 124514000, "operatingIncomeRatio": 0.0636573015, "totalOtherIncomeExpensesNet": 576041000, "incomeBeforeTax": 700555000, "incomeBeforeTaxRatio": 0.3581560374, "incomeTaxExpense": 190873000, "netIncome": 509682000, "netIncomeRatio": 0.2605729535, "eps": 8.14, "epsdiluted": 8.02, "weightedAverageShsOut": 59205000, "weightedAverageShsOutDil": 60091000, "link": "https://www.sec.gov/Archives/edgar/data/1015328/000101532823000070/0001015328-23-000070-index.htm", "finalLink": "https://www.sec.gov/Archives/edgar/data/1015328/000101532823000070/wtfc-20221231.htm", "calculatedOtherExpenses": 1047327000, "calculatedOperatingExpenses": 1831491000, "calculatedNetInterest": 1495362000, "calculatedOtherIncome": -919321000, "calculatedIncomeNonControlling": 0, "calculatedEbitda": 168638000}, {"date": "2021-12-31", "symbol": "WTFC", "reportedCurrency": "USD", "cik": "0001015328", "fillingDate": "2022-02-25", "acceptedDate": "2022-02-25 17:26:24", "calendarYear": "2021", "period": "FY", "revenue": 1707580000, "costOfRevenue": 0, "grossProfit": 1707580000, "grossProfitRatio": 1, "researchAndDevelopmentExpenses": 0, "generalAndAdministrativeExpenses": 718699000, "sellingAndMarketingExpenses": 47275000, "sellingGeneralAndAdministrativeExpenses": 765974000, "otherExpenses": -1835758000, "operatingExpenses": -1069784000, "costAndExpenses": -1069784000, "interestIncome": 1275484000, "interestExpense": 150527000, "depreciationAndAmortization": 48614000, "ebitda": 686410000, "ebitdaratio": 0.4019782382, "operatingIncome": 637796000, "operatingIncomeRatio": 0.3735087082, "totalOtherIncomeExpensesNet": 584105000, "incomeBeforeTax": 637796000, "incomeBeforeTaxRatio": 0.3735087082, "incomeTaxExpense": 171645000, "netIncome": 466151000, "netIncomeRatio": 0.2729892597, "eps": 7.69, "epsdiluted": 7.58, "weightedAverageShsOut": 56994000, "weightedAverageShsOutDil": 57786000, "link": "https://www.sec.gov/Archives/edgar/data/1015328/000101532822000057/0001015328-22-000057-index.htm", "finalLink": "https://www.sec.gov/Archives/edgar/data/1015328/000101532822000057/wtfc-20211231.htm", "calculatedOtherExpenses": 303810000, "calculatedOperatingExpenses": 1069784000, "calculatedNetInterest": 1124957000, "calculatedOtherIncome": -1124957000, "calculatedIncomeNonControlling": 0, "calculatedEbitda": 686410000}, {"date": "2020-12-31", "symbol": "WTFC", "reportedCurrency": "USD", "cik": "0001015328", "fillingDate": "2021-02-26", "acceptedDate": "2021-02-26 17:29:58", "calendarYear": "2020", "period": "FY", "revenue": 1640997000, "costOfRevenue": 0, "grossProfit": 1640997000, "grossProfitRatio": 1, "researchAndDevelopmentExpenses": 0, "generalAndAdministrativeExpenses": 651080000, "sellingAndMarketingExpenses": 36296000, "sellingGeneralAndAdministrativeExpenses": 687376000, "otherExpenses": -1938592000, "operatingExpenses": -1251216000, "costAndExpenses": -1251216000, "interestIncome": 1293020000, "interestExpense": 253113000, "depreciationAndAmortization": 48933000, "ebitda": 438714000, "ebitdaratio": 0.2673460098, "operatingIncome": 389781000, "operatingIncomeRatio": 0.2375269425, "totalOtherIncomeExpensesNet": 342177000, "incomeBeforeTax": 389781000, "incomeBeforeTaxRatio": 0.2375269425, "incomeTaxExpense": 96791000, "netIncome": 292990000, "netIncomeRatio": 0.1785438974, "eps": 4.72, "epsdiluted": 4.68, "weightedAverageShsOut": 57523000, "weightedAverageShsOutDil": 58019000, "link": "https://www.sec.gov/Archives/edgar/data/1015328/000101532821000057/0001015328-21-000057-index.htm", "finalLink": "https://www.sec.gov/Archives/edgar/data/1015328/000101532821000057/wtfc-20201231.htm", "calculatedOtherExpenses": 563840000, "calculatedOperatingExpenses": 1251216000, "calculatedNetInterest": 1039907000, "calculatedOtherIncome": -1039907000, "calculatedIncomeNonControlling": 0, "calculatedEbitda": 438714000}, {"date": "2019-12-31", "symbol": "WTFC", "reportedCurrency": "USD", "cik": "0001015328", "fillingDate": "2020-02-28", "acceptedDate": "2020-02-28 17:03:40", "calendarYear": "2019", "period": "FY", "revenue": 1459173000, "costOfRevenue": 0, "grossProfit": 1459173000, "grossProfitRatio": 1, "researchAndDevelopmentExpenses": 0, "generalAndAdministrativeExpenses": 555619000, "sellingAndMarketingExpenses": 48595000, "sellingGeneralAndAdministrativeExpenses": 604214000, "otherExpenses": -1583286000, "operatingExpenses": -979072000, "costAndExpenses": -979072000, "interestIncome": 1385142000, "interestExpense": 330223000, "depreciationAndAmortization": 47604000, "ebitda": 527705000, "ebitdaratio": 0.3616466313, "operatingIncome": 480101000, "operatingIncomeRatio": 0.3290226724, "totalOtherIncomeExpensesNet": 433060000, "incomeBeforeTax": 480101000, "incomeBeforeTaxRatio": 0.3290226724, "incomeTaxExpense": 124404000, "netIncome": 355697000, "netIncomeRatio": 0.2437661607, "eps": 6.11, "epsdiluted": 6.03, "weightedAverageShsOut": 56857000, "weightedAverageShsOutDil": 57619000, "link": "https://www.sec.gov/Archives/edgar/data/1015328/000101532820000067/0001015328-20-000067-index.htm", "finalLink": "https://www.sec.gov/Archives/edgar/data/1015328/000101532820000067/wtfc-201910xk.htm", "calculatedOtherExpenses": 374858000, "calculatedOperatingExpenses": 979072000, "calculatedNetInterest": 1054919000, "calculatedOtherIncome": -1054919000, "calculatedIncomeNonControlling": 0, "calculatedEbitda": 527705000}, {"date": "2018-12-31", "symbol": "WTFC", "reportedCurrency": "USD", "cik": "0001015328", "fillingDate": "2019-02-28", "acceptedDate": "2019-02-28 17:27:07", "calendarYear": "2018", "period": "FY", "revenue": 1316789000, "costOfRevenue": 0, "grossProfit": 1316789000, "grossProfitRatio": 1, "researchAndDevelopmentExpenses": 0, "generalAndAdministrativeExpenses": 497286000, "sellingAndMarketingExpenses": 41140000, "sellingGeneralAndAdministrativeExpenses": 538426000, "otherExpenses": -1189175000, "operatingExpenses": -650749000, "costAndExpenses": -650749000, "interestIncome": 1170810000, "interestExpense": 205907000, "depreciationAndAmortization": 33876000, "ebitda": 733705000, "ebitdaratio": 0.5571925343, "operatingIncome": 666040000, "operatingIncomeRatio": 0.5058061694, "totalOtherIncomeExpensesNet": -205907000, "incomeBeforeTax": 460133000, "incomeBeforeTaxRatio": 0.3494356347, "incomeTaxExpense": 116967000, "netIncome": 343166000, "netIncomeRatio": 0.2606081916, "eps": 6.1, "epsdiluted": 6, "weightedAverageShsOut": 56300000, "weightedAverageShsOutDil": 57208000, "link": "https://www.sec.gov/Archives/edgar/data/1015328/000101532819000055/0001015328-19-000055-index.htm", "finalLink": "https://www.sec.gov/Archives/edgar/data/1015328/000101532819000055/wtfc-201810xk.htm", "calculatedOtherExpenses": 112323000, "calculatedOperatingExpenses": 650749000, "calculatedNetInterest": 964903000, "calculatedOtherIncome": -1170810000, "calculatedIncomeNonControlling": 0, "calculatedEbitda": 699916000}, {"date": "2017-12-31", "symbol": "WTFC", "reportedCurrency": "USD", "cik": "0001015328", "fillingDate": "2018-02-28", "acceptedDate": "2018-02-28 17:22:08", "calendarYear": "2017", "period": "FY", "revenue": 1147404000, "costOfRevenue": 577000, "grossProfit": 1146827000, "grossProfitRatio": 0.9994971257, "researchAndDevelopmentExpenses": 0, "generalAndAdministrativeExpenses": 446309000, "sellingAndMarketingExpenses": 30830000, "sellingGeneralAndAdministrativeExpenses": 477139000, "otherExpenses": -186354000, "operatingExpenses": 58665000, "costAndExpenses": 59242000, "interestIncome": 946468000, "interestExpense": 114392000, "depreciationAndAmortization": 28508000, "ebitda": 567496000, "ebitdaratio": 0.4945912686, "operatingIncome": 29646000, "operatingIncomeRatio": 0.0258374557, "totalOtherIncomeExpensesNet": 360351000, "incomeBeforeTax": 389997000, "incomeBeforeTaxRatio": 0.3398951023, "incomeTaxExpense": 132315000, "netIncome": 257682000, "netIncomeRatio": 0.2245782654, "eps": 4.71, "epsdiluted": 4.55, "weightedAverageShsOut": 54703000, "weightedAverageShsOutDil": 56686000, "link": "https://www.sec.gov/Archives/edgar/data/1015328/000101532818000080/0001015328-18-000080-index.htm", "finalLink": "https://www.sec.gov/Archives/edgar/data/1015328/000101532818000080/wtfc-201710xk.htm", "calculatedOtherExpenses": 640042000, "calculatedOperatingExpenses": 1117181000, "calculatedNetInterest": 832076000, "calculatedOtherIncome": -471725000, "calculatedIncomeNonControlling": 0, "calculatedEbitda": 58154000}, {"date": "2016-12-31", "symbol": "WTFC", "reportedCurrency": "USD", "cik": "0001015328", "fillingDate": "2017-02-28", "acceptedDate": "2017-02-28 16:53:04", "calendarYear": "2016", "period": "FY", "revenue": 1038874000, "costOfRevenue": 305000, "grossProfit": 1038569000, "grossProfitRatio": 0.9997064129, "researchAndDevelopmentExpenses": 0, "generalAndAdministrativeExpenses": 421223000, "sellingAndMarketingExpenses": 24776000, "sellingGeneralAndAdministrativeExpenses": 445999000, "otherExpenses": -175301000, "operatingExpenses": 45187000, "costAndExpenses": 45492000, "interestIncome": 812457000, "interestExpense": 90264000, "depreciationAndAmortization": 18048000, "ebitda": 475266000, "ebitdaratio": 0.4574818505, "operatingIncome": 16441000, "operatingIncomeRatio": 0.0158257883, "totalOtherIncomeExpensesNet": 315413000, "incomeBeforeTax": 331854000, "incomeBeforeTaxRatio": 0.3194362358, "incomeTaxExpense": 124979000, "netIncome": 206875000, "netIncomeRatio": 0.1991338699, "eps": 4.11, "epsdiluted": 3.81, "weightedAverageShsOut": 50278000, "weightedAverageShsOutDil": 54272000, "link": "https://www.sec.gov/Archives/edgar/data/1015328/000101532817000081/0001015328-17-000081-index.htm", "finalLink": "https://www.sec.gov/Archives/edgar/data/1015328/000101532817000081/wtfc-201610xk.htm", "calculatedOtherExpenses": 576129000, "calculatedOperatingExpenses": 1022128000, "calculatedNetInterest": 722193000, "calculatedOtherIncome": -406780000, "calculatedIncomeNonControlling": 0, "calculatedEbitda": 34489000}, {"date": "2015-12-31", "symbol": "WTFC", "reportedCurrency": "USD", "cik": "0001015328", "fillingDate": "2016-02-29", "acceptedDate": "2016-02-29 15:51:14", "calendarYear": "2015", "period": "FY", "revenue": 908898000, "costOfRevenue": 1246000, "grossProfit": 907652000, "grossProfitRatio": 0.9986291091, "researchAndDevelopmentExpenses": 0, "generalAndAdministrativeExpenses": 389918000, "sellingAndMarketingExpenses": 21852000, "sellingGeneralAndAdministrativeExpenses": 411770000, "otherExpenses": 0, "operatingExpenses": 40149000, "costAndExpenses": 41395000, "interestIncome": 718464000, "interestExpense": 76935000, "depreciationAndAmortization": 4621000, "ebitda": 365371000, "ebitdaratio": 0.401993403, "operatingIncome": 2728000, "operatingIncomeRatio": 0.0030014369, "totalOtherIncomeExpensesNet": 249037000, "incomeBeforeTax": 251765000, "incomeBeforeTaxRatio": 0.2770002795, "incomeTaxExpense": 95016000, "netIncome": 156749000, "netIncomeRatio": 0.1724604961, "eps": 3.28, "epsdiluted": 3.02, "weightedAverageShsOut": 47838000, "weightedAverageShsOutDil": 51937000, "link": "https://www.sec.gov/Archives/edgar/data/1015328/000101532816000285/0001015328-16-000285-index.htm", "finalLink": "https://www.sec.gov/Archives/edgar/data/1015328/000101532816000285/wtfc-201510xk.htm", "calculatedOtherExpenses": 493154000, "calculatedOperatingExpenses": 904924000, "calculatedNetInterest": 641529000, "calculatedOtherIncome": -392492000, "calculatedIncomeNonControlling": 0, "calculatedEbitda": 7349000}, {"date": "2014-12-31", "symbol": "WTFC", "reportedCurrency": "USD", "cik": "0001015328", "fillingDate": "2015-02-27", "acceptedDate": "2015-02-27 16:40:00", "calendarYear": "2014", "period": "FY", "revenue": 807434000, "costOfRevenue": 0, "grossProfit": 807434000, "grossProfitRatio": 1, "researchAndDevelopmentExpenses": 0, "generalAndAdministrativeExpenses": 347674000, "sellingAndMarketingExpenses": 13571000, "sellingGeneralAndAdministrativeExpenses": 361245000, "otherExpenses": 0, "operatingExpenses": 29145000, "costAndExpenses": 29145000, "interestIncome": 671267000, "interestExpense": 72692000, "depreciationAndAmortization": 4692000, "ebitda": 351240000, "ebitdaratio": 0.435007691, "operatingIncome": 346548000, "operatingIncomeRatio": 0.4291966898, "totalOtherIncomeExpensesNet": -100117000, "incomeBeforeTax": 246431000, "incomeBeforeTaxRatio": 0.3052026543, "incomeTaxExpense": 95033000, "netIncome": 151398000, "netIncomeRatio": 0.1875051088, "eps": 3.25, "epsdiluted": 2.98, "weightedAverageShsOut": 46524000, "weightedAverageShsOutDil": 50845000, "link": "https://www.sec.gov/Archives/edgar/data/1015328/000101532815000040/0001015328-15-000040-index.htm", "finalLink": "https://www.sec.gov/Archives/edgar/data/1015328/000101532815000040/wtfc-201410xkdocument.htm", "calculatedOtherExpenses": 99641000, "calculatedOperatingExpenses": 460886000, "calculatedNetInterest": 598575000, "calculatedOtherIncome": -698692000, "calculatedIncomeNonControlling": 0, "calculatedEbitda": 351240000}, {"date": "2013-12-31", "symbol": "WTFC", "reportedCurrency": "USD", "cik": "0001015328", "fillingDate": "2014-02-28", "acceptedDate": "2014-02-28 16:24:54", "calendarYear": "2013", "period": "FY", "revenue": 767946000, "costOfRevenue": 0, "grossProfit": 767946000, "grossProfitRatio": 1, "researchAndDevelopmentExpenses": 0, "generalAndAdministrativeExpenses": 321522000, "sellingAndMarketingExpenses": 11051000, "sellingGeneralAndAdministrativeExpenses": 332573000, "otherExpenses": 0, "operatingExpenses": 25973000, "costAndExpenses": 25973000, "interestIncome": 630709000, "interestExpense": 80082000, "depreciationAndAmortization": 4627000, "ebitda": 330702000, "ebitdaratio": 0.4306318413, "operatingIncome": 326075000, "operatingIncomeRatio": 0.4246066781, "totalOtherIncomeExpensesNet": -101635000, "incomeBeforeTax": 224440000, "incomeBeforeTaxRatio": 0.2922601329, "incomeTaxExpense": 87230000, "netIncome": 137210000, "netIncomeRatio": 0.178671417, "eps": 3.55, "epsdiluted": 2.75, "weightedAverageShsOut": 38699000, "weightedAverageShsOutDil": 49948000, "link": "https://www.sec.gov/Archives/edgar/data/1015328/000101532814000073/0001015328-14-000073-index.htm", "finalLink": "https://www.sec.gov/Archives/edgar/data/1015328/000101532814000073/wtfc-201310xkdocument.htm", "calculatedOtherExpenses": 109298000, "calculatedOperatingExpenses": 441871000, "calculatedNetInterest": 550627000, "calculatedOtherIncome": -652262000, "calculatedIncomeNonControlling": 0, "calculatedEbitda": 330702000}, {"date": "2012-12-31", "symbol": "WTFC", "reportedCurrency": "USD", "cik": "0001015328", "fillingDate": "2013-02-28", "acceptedDate": "2013-02-28 11:19:43", "calendarYear": "2012", "period": "FY", "revenue": 733965000, "costOfRevenue": 0, "grossProfit": 733965000, "grossProfitRatio": 1, "researchAndDevelopmentExpenses": 0, "generalAndAdministrativeExpenses": 302011000, "sellingAndMarketingExpenses": 9438000, "sellingGeneralAndAdministrativeExpenses": 311449000, "otherExpenses": 0, "operatingExpenses": 24700000, "costAndExpenses": 24700000, "interestIncome": 627021000, "interestExpense": 107505000, "depreciationAndAmortization": 4324000, "ebitda": 312313000, "ebitdaratio": 0.4255148406, "operatingIncome": 307989000, "operatingIncomeRatio": 0.4196235515, "totalOtherIncomeExpensesNet": -127857000, "incomeBeforeTax": 180132000, "incomeBeforeTaxRatio": 0.2454231469, "incomeTaxExpense": 68936000, "netIncome": 111196000, "netIncomeRatio": 0.1515004121, "eps": 3.06, "epsdiluted": 2.31, "weightedAverageShsOut": 36365000, "weightedAverageShsOutDil": 48034000, "link": "https://www.sec.gov/Archives/edgar/data/1015328/000101532813000073/0001015328-13-000073-index.htm", "finalLink": "https://www.sec.gov/Archives/edgar/data/1015328/000101532813000073/wtfc-201210xkdocument.htm", "calculatedOtherExpenses": 114527000, "calculatedOperatingExpenses": 425976000, "calculatedNetInterest": 519516000, "calculatedOtherIncome": -647373000, "calculatedIncomeNonControlling": 0, "calculatedEbitda": 312313000}, {"date": "2011-12-31", "symbol": "WTFC", "reportedCurrency": "USD", "cik": "0001015328", "fillingDate": "2012-02-29", "acceptedDate": "2012-02-29 10:41:56", "calendarYear": "2011", "period": "FY", "revenue": 651075000, "costOfRevenue": 41803000, "grossProfit": 609272000, "grossProfitRatio": 0.9357938794, "researchAndDevelopmentExpenses": 0, "generalAndAdministrativeExpenses": 266496000, "sellingAndMarketingExpenses": 8380000, "sellingGeneralAndAdministrativeExpenses": 274876000, "otherExpenses": -37974000, "operatingExpenses": 25254000, "costAndExpenses": 67057000, "interestIncome": 603496000, "interestExpense": 144416000, "depreciationAndAmortization": 3425000, "ebitda": 291918000, "ebitdaratio": 0.4483630918, "operatingIncome": 288493000, "operatingIncomeRatio": 0.4431025611, "totalOtherIncomeExpensesNet": -160460000, "incomeBeforeTax": 128033000, "incomeBeforeTaxRatio": 0.1966486196, "incomeTaxExpense": 50458000, "netIncome": 77575000, "netIncomeRatio": 0.1191490996, "eps": 2.19, "epsdiluted": 1.76, "weightedAverageShsOut": 35355000, "weightedAverageShsOutDil": 43991000, "link": "https://www.sec.gov/Archives/edgar/data/1015328/000119312512087583/0001193125-12-087583-index.htm", "finalLink": "https://www.sec.gov/Archives/edgar/data/1015328/000119312512087583/d263794d10k.htm", "calculatedOtherExpenses": 45903000, "calculatedOperatingExpenses": 320779000, "calculatedNetInterest": 459080000, "calculatedOtherIncome": -619540000, "calculatedIncomeNonControlling": 0, "calculatedEbitda": 291918000}, {"date": "2010-12-31", "symbol": "WTFC", "reportedCurrency": "USD", "cik": "0001015328", "fillingDate": "2011-03-01", "acceptedDate": "2011-03-01 11:27:35", "calendarYear": "2010", "period": "FY", "revenue": 607996000, "costOfRevenue": 48234000, "grossProfit": 559762000, "grossProfitRatio": 0.9206672412, "researchAndDevelopmentExpenses": 0, "generalAndAdministrativeExpenses": 249149000, "sellingAndMarketingExpenses": 6315000, "sellingGeneralAndAdministrativeExpenses": 255464000, "otherExpenses": 0, "operatingExpenses": 22709000, "costAndExpenses": 70943000, "interestIncome": 591176000, "interestExpense": 177271000, "depreciationAndAmortization": 2739000, "ebitda": 296243000, "ebitdaratio": 0.4872449819, "operatingIncome": 293504000, "operatingIncomeRatio": 0.482740018, "totalOtherIncomeExpensesNet": -192697000, "incomeBeforeTax": 100807000, "incomeBeforeTaxRatio": 0.1658020776, "incomeTaxExpense": 37478000, "netIncome": 63329000, "netIncomeRatio": 0.1041602247, "eps": 2.11, "epsdiluted": 2.01, "weightedAverageShsOut": 30057000, "weightedAverageShsOutDil": 31570000, "link": "https://www.sec.gov/Archives/edgar/data/1015328/000095012311020362/0000950123-11-020362-index.htm", "finalLink": "https://www.sec.gov/Archives/edgar/data/1015328/000095012311020362/c62127e10vk.htm", "calculatedOtherExpenses": 10794000, "calculatedOperatingExpenses": 266258000, "calculatedNetInterest": 413905000, "calculatedOtherIncome": -606602000, "calculatedIncomeNonControlling": 0, "calculatedEbitda": 296243000}, {"date": "2009-12-31", "symbol": "WTFC", "reportedCurrency": "USD", "cik": "0001015328", "fillingDate": "2010-03-01", "acceptedDate": "2010-03-01 16:58:14", "calendarYear": "2009", "period": "FY", "revenue": 470415000, "costOfRevenue": 0, "grossProfit": 470415000, "grossProfitRatio": 1, "researchAndDevelopmentExpenses": 0, "generalAndAdministrativeExpenses": 208077000, "sellingAndMarketingExpenses": 5369000, "sellingGeneralAndAdministrativeExpenses": 213446000, "otherExpenses": 0, "operatingExpenses": 18768000, "costAndExpenses": 18768000, "interestIncome": 527614000, "interestExpense": 215738000, "depreciationAndAmortization": 20508000, "ebitda": 353750000, "ebitdaratio": 0.7519955784, "operatingIncome": 333242000, "operatingIncomeRatio": 0.7084000298, "totalOtherIncomeExpensesNet": -215738000, "incomeBeforeTax": 117504000, "incomeBeforeTaxRatio": 0.2497879532, "incomeTaxExpense": 44435000, "netIncome": 73069000, "netIncomeRatio": 0.1553288054, "eps": 3.04, "epsdiluted": 2.77, "weightedAverageShsOut": 24010000, "weightedAverageShsOutDil": 26345000, "link": "https://www.sec.gov/Archives/edgar/data/1015328/000095012310019410/0000950123-10-019410-index.htm", "finalLink": "https://www.sec.gov/Archives/edgar/data/1015328/000095012310019410/c55863e10vk.htm", "calculatedOtherExpenses": -76273000, "calculatedOperatingExpenses": 137173000, "calculatedNetInterest": 311876000, "calculatedOtherIncome": -527614000, "calculatedIncomeNonControlling": 0, "calculatedEbitda": 353750000}, {"date": "2008-12-31", "symbol": "WTFC", "reportedCurrency": "USD", "cik": "0001015328", "fillingDate": "2009-03-02", "acceptedDate": "2009-03-02 15:58:11", "calendarYear": "2008", "period": "FY", "revenue": 339392000, "costOfRevenue": 0, "grossProfit": 339392000, "grossProfitRatio": 1, "researchAndDevelopmentExpenses": 0, "generalAndAdministrativeExpenses": 150687000, "sellingAndMarketingExpenses": 5351000, "sellingGeneralAndAdministrativeExpenses": 156038000, "otherExpenses": 0, "operatingExpenses": 14175000, "costAndExpenses": 14175000, "interestIncome": 514723000, "interestExpense": 270156000, "depreciationAndAmortization": 20566000, "ebitda": 321363000, "ebitdaratio": 0.9468785357, "operatingIncome": 300797000, "operatingIncomeRatio": 0.8862819395, "totalOtherIncomeExpensesNet": -270156000, "incomeBeforeTax": 30641000, "incomeBeforeTaxRatio": 0.0902820338, "incomeTaxExpense": 10153000, "netIncome": 20488000, "netIncomeRatio": 0.0603667735, "eps": 0.87, "epsdiluted": 0.85, "weightedAverageShsOut": 23624000, "weightedAverageShsOutDil": 24131000, "link": "https://www.sec.gov/Archives/edgar/data/1015328/000095013709001430/0000950137-09-001430-index.htm", "finalLink": "https://www.sec.gov/Archives/edgar/data/1015328/000095013709001430/c48790e10vk.htm", "calculatedOtherExpenses": -117443000, "calculatedOperatingExpenses": 38595000, "calculatedNetInterest": 244567000, "calculatedOtherIncome": -514723000, "calculatedIncomeNonControlling": 0, "calculatedEbitda": 321363000}, {"date": "2007-12-31", "symbol": "WTFC", "reportedCurrency": "USD", "cik": "0001015328", "fillingDate": "2008-02-29", "acceptedDate": "2008-02-29 16:46:49", "calendarYear": "2007", "period": "FY", "revenue": 335255000, "costOfRevenue": 0, "grossProfit": 335255000, "grossProfitRatio": 1, "researchAndDevelopmentExpenses": 0, "generalAndAdministrativeExpenses": 145529000, "sellingAndMarketingExpenses": 5318000, "sellingGeneralAndAdministrativeExpenses": 150847000, "otherExpenses": 0, "operatingExpenses": 12408000, "costAndExpenses": 12408000, "interestIncome": 611557000, "interestExpense": 350007000, "depreciationAndAmortization": 20010000, "ebitda": 453841000, "ebitdaratio": 1.3537188111, "operatingIncome": 433831000, "operatingIncomeRatio": 1.2940329003, "totalOtherIncomeExpensesNet": -350007000, "incomeBeforeTax": 83824000, "incomeBeforeTaxRatio": 0.2500305737, "incomeTaxExpense": 28171000, "netIncome": 55653000, "netIncomeRatio": 0.1660019985, "eps": 2.31, "epsdiluted": 2.24, "weightedAverageShsOut": 24107000, "weightedAverageShsOutDil": 24888000, "link": "https://www.sec.gov/Archives/edgar/data/1015328/000095013708003111/0000950137-08-003111-index.htm", "finalLink": "https://www.sec.gov/Archives/edgar/data/1015328/000095013708003111/c24013e10vk.htm", "calculatedOtherExpenses": -249423000, "calculatedOperatingExpenses": -98576000, "calculatedNetInterest": 261550000, "calculatedOtherIncome": -611557000, "calculatedIncomeNonControlling": 0, "calculatedEbitda": 453841000}, {"date": "2006-12-31", "symbol": "WTFC", "reportedCurrency": "USD", "cik": "0001015328", "fillingDate": "2007-03-01", "acceptedDate": "2007-03-01 16:06:59", "calendarYear": "2006", "period": "FY", "revenue": 336262000, "costOfRevenue": 0, "grossProfit": 336262000, "grossProfitRatio": 1, "researchAndDevelopmentExpenses": 0, "generalAndAdministrativeExpenses": 137008000, "sellingAndMarketingExpenses": 5074000, "sellingGeneralAndAdministrativeExpenses": 142082000, "otherExpenses": -65044000, "operatingExpenses": 77038000, "costAndExpenses": 77038000, "interestIncome": 557945000, "interestExpense": 309059000, "depreciationAndAmortization": 17622000, "ebitda": 430922000, "ebitdaratio": 1.2815066823, "operatingIncome": 413300000, "operatingIncomeRatio": 1.2291011176, "totalOtherIncomeExpensesNet": -309059000, "incomeBeforeTax": 104241000, "incomeBeforeTaxRatio": 0.3099993457, "incomeTaxExpense": 37748000, "netIncome": 66493000, "netIncomeRatio": 0.1977416419, "eps": 2.66, "epsdiluted": 2.56, "weightedAverageShsOut": 25011000, "weightedAverageShsOutDil": 25927000, "link": "https://www.sec.gov/Archives/edgar/data/1015328/000095013707003118/0000950137-07-003118-index.htm", "finalLink": "https://www.sec.gov/Archives/edgar/data/1015328/000095013707003118/c12740e10vk.htm", "calculatedOtherExpenses": -219120000, "calculatedOperatingExpenses": -77038000, "calculatedNetInterest": 248886000, "calculatedOtherIncome": -557945000, "calculatedIncomeNonControlling": 0, "calculatedEbitda": 430922000}, {"date": "2005-12-31", "symbol": "WTFC", "reportedCurrency": "USD", "cik": "0001015328", "fillingDate": "2006-03-31", "acceptedDate": "2006-03-31 13:07:04", "calendarYear": "2005", "period": "FY", "revenue": 310316000, "costOfRevenue": 0, "grossProfit": 310316000, "grossProfitRatio": 1, "researchAndDevelopmentExpenses": 0, "generalAndAdministrativeExpenses": 118071000, "sellingAndMarketingExpenses": 4970000, "sellingGeneralAndAdministrativeExpenses": 123041000, "otherExpenses": -138130000, "operatingExpenses": -15089000, "costAndExpenses": -15089000, "interestIncome": 407036000, "interestExpense": 190277000, "depreciationAndAmortization": 16751000, "ebitda": 311978000, "ebitdaratio": 1.0053558308, "operatingIncome": 295227000, "operatingIncomeRatio": 0.9513753722, "totalOtherIncomeExpensesNet": -190277000, "incomeBeforeTax": 104950000, "incomeBeforeTaxRatio": 0.3382036376, "incomeTaxExpense": 37934000, "netIncome": 67016000, "netIncomeRatio": 0.2159605048, "eps": 2.89, "epsdiluted": 2.75, "weightedAverageShsOut": 23198000, "weightedAverageShsOutDil": 24337000, "link": "https://www.sec.gov/Archives/edgar/data/1015328/000095013706004027/0000950137-06-004027-index.htm", "finalLink": "https://www.sec.gov/Archives/edgar/data/1015328/000095013706004027/c03526e10vk.htm", "calculatedOtherExpenses": -107952000, "calculatedOperatingExpenses": 15089000, "calculatedNetInterest": 216759000, "calculatedOtherIncome": -407036000, "calculatedIncomeNonControlling": 0, "calculatedEbitda": 311978000}, {"date": "2004-12-31", "symbol": "WTFC", "reportedCurrency": "USD", "cik": "0001015328", "fillingDate": "2005-03-16", "acceptedDate": "2005-03-16 16:08:49", "calendarYear": "2004", "period": "FY", "revenue": 243276000, "costOfRevenue": 0, "grossProfit": 243276000, "grossProfitRatio": 1, "researchAndDevelopmentExpenses": 0, "generalAndAdministrativeExpenses": 94049000, "sellingAndMarketingExpenses": 3403000, "sellingGeneralAndAdministrativeExpenses": 97452000, "otherExpenses": -155919000, "operatingExpenses": -58467000, "costAndExpenses": -58467000, "interestIncome": 261746000, "interestExpense": 103922000, "depreciationAndAmortization": 12064000, "ebitda": 196873000, "ebitdaratio": 0.8092577977, "operatingIncome": 184809000, "operatingIncomeRatio": 0.7596680314, "totalOtherIncomeExpensesNet": -103922000, "incomeBeforeTax": 80887000, "incomeBeforeTaxRatio": 0.332490669, "incomeTaxExpense": 29553000, "netIncome": 51334000, "netIncomeRatio": 0.2110113616, "eps": 2.49, "epsdiluted": 2.34, "weightedAverageShsOut": 20646000, "weightedAverageShsOutDil": 21972000, "link": "https://www.sec.gov/Archives/edgar/data/1015328/000095013705003119/0000950137-05-003119-index.htm", "finalLink": "https://www.sec.gov/Archives/edgar/data/1015328/000095013705003119/c93095e10vk.htm", "calculatedOtherExpenses": -38985000, "calculatedOperatingExpenses": 58467000, "calculatedNetInterest": 157824000, "calculatedOtherIncome": -261746000, "calculatedIncomeNonControlling": 0, "calculatedEbitda": 196873000}, {"date": "2003-12-31", "symbol": "WTFC", "reportedCurrency": "USD", "cik": "0001015328", "fillingDate": "2004-03-15", "acceptedDate": "2004-03-15 12:48:51", "calendarYear": "2003", "period": "FY", "revenue": 193084000, "costOfRevenue": 0, "grossProfit": 193084000, "grossProfitRatio": 1, "researchAndDevelopmentExpenses": 0, "generalAndAdministrativeExpenses": 74775000, "sellingAndMarketingExpenses": 2215000, "sellingGeneralAndAdministrativeExpenses": 76990000, "otherExpenses": -127231000, "operatingExpenses": -50241000, "costAndExpenses": -50241000, "interestIncome": 203991000, "interestExpense": 83499000, "depreciationAndAmortization": 11021000, "ebitda": 153864000, "ebitdaratio": 0.7968759711, "operatingIncome": 142843000, "operatingIncomeRatio": 0.7397971867, "totalOtherIncomeExpensesNet": -83499000, "incomeBeforeTax": 59344000, "incomeBeforeTaxRatio": 0.3073480972, "incomeTaxExpense": 21226000, "netIncome": 38118000, "netIncomeRatio": 0.1974166684, "eps": 2.11, "epsdiluted": 1.98, "weightedAverageShsOut": 18065403, "weightedAverageShsOutDil": 19251515, "link": "https://www.sec.gov/Archives/edgar/data/1015328/000095013704001853/0000950137-04-001853-index.htm", "finalLink": "https://www.sec.gov/Archives/edgar/data/1015328/000095013704001853/c83553e10vk.htm", "calculatedOtherExpenses": -26749000, "calculatedOperatingExpenses": 50241000, "calculatedNetInterest": 120492000, "calculatedOtherIncome": -203991000, "calculatedIncomeNonControlling": 0, "calculatedEbitda": 153864000}, {"date": "2002-12-31", "symbol": "WTFC", "reportedCurrency": "USD", "cik": "0001015328", "fillingDate": "2003-03-27", "acceptedDate": "2003-03-27 17:21:04", "calendarYear": "2002", "period": "FY", "revenue": 158800000, "costOfRevenue": 0, "grossProfit": 158800000, "grossProfitRatio": 1, "researchAndDevelopmentExpenses": 0, "generalAndAdministrativeExpenses": 63442000, "sellingAndMarketingExpenses": 2302000, "sellingGeneralAndAdministrativeExpenses": 65744000, "otherExpenses": -97944000, "operatingExpenses": -32200000, "costAndExpenses": -32200000, "interestIncome": 182233000, "interestExpense": 84105000, "depreciationAndAmortization": 11744000, "ebitda": 138344000, "ebitdaratio": 0.8711838791, "operatingIncome": 126600000, "operatingIncomeRatio": 0.7972292191, "totalOtherIncomeExpensesNet": -84105000, "incomeBeforeTax": 42495000, "incomeBeforeTaxRatio": 0.2676007557, "incomeTaxExpense": 14620000, "netIncome": 27875000, "netIncomeRatio": 0.1755352645, "eps": 1.71, "epsdiluted": 1.6, "weightedAverageShsOut": 16301170, "weightedAverageShsOutDil": 17421875, "link": "https://www.sec.gov/Archives/edgar/data/1015328/000094857203000017/0000948572-03-000017-index.htm", "finalLink": "https://www.sec.gov/Archives/edgar/data/1015328/000094857203000017/b10k123102.txt", "calculatedOtherExpenses": -33544000, "calculatedOperatingExpenses": 32200000, "calculatedNetInterest": 98128000, "calculatedOtherIncome": -182233000, "calculatedIncomeNonControlling": 0, "calculatedEbitda": 138344000}, {"date": "2001-12-31", "symbol": "WTFC", "reportedCurrency": "USD", "cik": "0001015328", "fillingDate": "2002-04-01", "acceptedDate": "2002-04-01 00:00:00", "calendarYear": "2001", "period": "FY", "revenue": 102812000, "costOfRevenue": 0, "grossProfit": 102812000, "grossProfitRatio": 1, "researchAndDevelopmentExpenses": 0, "generalAndAdministrativeExpenses": 35628000, "sellingAndMarketingExpenses": 1604000, "sellingGeneralAndAdministrativeExpenses": 37232000, "otherExpenses": -18728000, "operatingExpenses": 18504000, "costAndExpenses": 18504000, "interestIncome": 166455000, "interestExpense": 92441000, "depreciationAndAmortization": 7504000, "ebitda": 128820000, "ebitdaratio": 1.2529665798, "operatingIncome": 121316000, "operatingIncomeRatio": 1.1799789908, "totalOtherIncomeExpensesNet": -92187000, "incomeBeforeTax": 29129000, "incomeBeforeTaxRatio": 0.2833229584, "incomeTaxExpense": 10436000, "netIncome": 18439000, "netIncomeRatio": 0.1793467689, "eps": 1.34, "epsdiluted": 1.27, "weightedAverageShsOut": 13760448, "weightedAverageShsOutDil": 14518898, "link": "https://www.sec.gov/Archives/edgar/data/1015328/000094857202000014/0000948572-02-000014-index.htm", "finalLink": "https://www.sec.gov/Archives/edgar/data/1015328/000094857202000014/b10kdec01.txt", "calculatedOtherExpenses": -55736000, "calculatedOperatingExpenses": -18504000, "calculatedNetInterest": 74014000, "calculatedOtherIncome": -166201000, "calculatedIncomeNonControlling": 254000, "calculatedEbitda": 128820000}, {"date": "2000-12-31", "symbol": "WTFC", "reportedCurrency": "USD", "cik": "0001015328", "fillingDate": "2001-03-30", "acceptedDate": "2001-03-30 00:00:00", "calendarYear": "2000", "period": "FY", "revenue": 79306000, "costOfRevenue": 0, "grossProfit": 79306000, "grossProfitRatio": 1, "researchAndDevelopmentExpenses": 0, "generalAndAdministrativeExpenses": 28119000, "sellingAndMarketingExpenses": 1309000, "sellingGeneralAndAdministrativeExpenses": 29428000, "otherExpenses": -5102000, "operatingExpenses": 24326000, "costAndExpenses": 24326000, "interestIncome": 148184000, "interestExpense": 87184000, "depreciationAndAmortization": 8394000, "ebitda": 112026000, "ebitdaratio": 1.4125791239, "operatingIncome": 103632000, "operatingIncomeRatio": 1.3067359342, "totalOtherIncomeExpensesNet": -87184000, "incomeBeforeTax": 16448000, "incomeBeforeTaxRatio": 0.207399188, "incomeTaxExpense": 5293000, "netIncome": 11155000, "netIncomeRatio": 0.1406577056, "eps": 0.85, "epsdiluted": 0.83, "weightedAverageShsOut": 13072266, "weightedAverageShsOutDil": 13386000, "link": "https://www.sec.gov/Archives/edgar/data/1015328/000094857201000015/0000948572-01-000015-index.htm", "finalLink": "https://www.sec.gov/Archives/edgar/data/1015328/000094857201000015/0000948572-01-000015-0001.txt", "calculatedOtherExpenses": -53754000, "calculatedOperatingExpenses": -24326000, "calculatedNetInterest": 61000000, "calculatedOtherIncome": -148184000, "calculatedIncomeNonControlling": 0, "calculatedEbitda": 112026000}, {"date": "1999-12-31", "symbol": "WTFC", "reportedCurrency": "USD", "cik": "0001015328", "fillingDate": "2000-03-30", "acceptedDate": "2000-03-30 00:00:00", "calendarYear": "1999", "period": "FY", "revenue": 57542000, "costOfRevenue": 0, "grossProfit": 57542000, "grossProfitRatio": 1, "researchAndDevelopmentExpenses": 0, "generalAndAdministrativeExpenses": 20808000, "sellingAndMarketingExpenses": 1402000, "sellingGeneralAndAdministrativeExpenses": 22210000, "otherExpenses": -4004000, "operatingExpenses": 18206000, "costAndExpenses": 18206000, "interestIncome": 109331000, "interestExpense": 61597000, "depreciationAndAmortization": 3756000, "ebitda": 79504000, "ebitdaratio": 1.3816690417, "operatingIncome": 75748000, "operatingIncomeRatio": 1.3163949811, "totalOtherIncomeExpensesNet": -61597000, "incomeBeforeTax": 14151000, "incomeBeforeTaxRatio": 0.2459247159, "incomeTaxExpense": 4724000, "netIncome": 9427000, "netIncomeRatio": 0.1638281603, "eps": 0.76, "epsdiluted": 0.73, "weightedAverageShsOut": 12403947, "weightedAverageShsOutDil": 12855000, "link": "https://www.sec.gov/Archives/edgar/data/1015328/000094857200000021/0000948572-00-000021-index.html", "finalLink": "https://www.sec.gov/Archives/edgar/data/1015328/000094857200000021/", "calculatedOtherExpenses": -40416000, "calculatedOperatingExpenses": -18206000, "calculatedNetInterest": 47734000, "calculatedOtherIncome": -109331000, "calculatedIncomeNonControlling": 0, "calculatedEbitda": 79504000}, {"date": "1998-12-31", "symbol": "WTFC", "reportedCurrency": "USD", "cik": "0001015328", "fillingDate": "1999-03-30", "acceptedDate": "1999-03-30 00:00:00", "calendarYear": "1998", "period": "FY", "revenue": 44900000, "costOfRevenue": 0, "grossProfit": 44900000, "grossProfitRatio": 1, "researchAndDevelopmentExpenses": 0, "generalAndAdministrativeExpenses": 18900000, "sellingAndMarketingExpenses": 1600000, "sellingGeneralAndAdministrativeExpenses": 20500000, "otherExpenses": -9500000, "operatingExpenses": 11000000, "costAndExpenses": 11000000, "interestIncome": 88000000, "interestExpense": 51200000, "depreciationAndAmortization": 2600000, "ebitda": 58500000, "ebitdaratio": 1.3028953229, "operatingIncome": 55900000, "operatingIncomeRatio": 1.2449888641, "totalOtherIncomeExpensesNet": -51200000, "incomeBeforeTax": 4700000, "incomeBeforeTaxRatio": 0.1046770601, "incomeTaxExpense": -1500000, "netIncome": 6200000, "netIncomeRatio": 0.1380846325, "eps": 0.51, "epsdiluted": 0.49, "weightedAverageShsOut": 12077922, "weightedAverageShsOutDil": 12567568, "link": "https://www.sec.gov/Archives/edgar/data/1015328/000094857299000015/0000948572-99-000015-index.html", "finalLink": "https://www.sec.gov/Archives/edgar/data/1015328/", "calculatedOtherExpenses": -31500000, "calculatedOperatingExpenses": -11000000, "calculatedNetInterest": 36800000, "calculatedOtherIncome": -88000000, "calculatedIncomeNonControlling": 0, "calculatedEbitda": 58500000}, {"date": "1997-12-31", "symbol": "WTFC", "reportedCurrency": "USD", "cik": "0001015328", "fillingDate": "1998-03-31", "acceptedDate": "1998-03-31 00:00:00", "calendarYear": "1997", "period": "FY", "revenue": 31700000, "costOfRevenue": 0, "grossProfit": 31700000, "grossProfitRatio": 1, "researchAndDevelopmentExpenses": 0, "generalAndAdministrativeExpenses": 14200000, "sellingAndMarketingExpenses": 1300000, "sellingGeneralAndAdministrativeExpenses": 15500000, "otherExpenses": -7900000, "operatingExpenses": 7600000, "costAndExpenses": 7600000, "interestIncome": 65100000, "interestExpense": 38300000, "depreciationAndAmortization": 1700000, "ebitda": 41000000, "ebitdaratio": 1.2933753943, "operatingIncome": 39300000, "operatingIncomeRatio": 1.2397476341, "totalOtherIncomeExpensesNet": -38300000, "incomeBeforeTax": 1000000, "incomeBeforeTaxRatio": 0.0315457413, "incomeTaxExpense": -3800000, "netIncome": 4800000, "netIncomeRatio": 0.1514195584, "eps": 0.41, "epsdiluted": 0.4, "weightedAverageShsOut": 11612903, "weightedAverageShsOutDil": 12000000, "link": "https://www.sec.gov/Archives/edgar/data/1015328/000094857298000013/0000948572-98-000013-index.html", "finalLink": "https://www.sec.gov/Archives/edgar/data/1015328/", "calculatedOtherExpenses": -23100000, "calculatedOperatingExpenses": -7600000, "calculatedNetInterest": 26800000, "calculatedOtherIncome": -65100000, "calculatedIncomeNonControlling": 0, "calculatedEbitda": 41000000}, {"date": "1996-12-31", "symbol": "WTFC", "reportedCurrency": "USD", "cik": "0001015328", "fillingDate": "1997-03-28", "acceptedDate": "1997-03-28 00:00:00", "calendarYear": "1996", "period": "FY", "revenue": 22400000, "costOfRevenue": 0, "grossProfit": 22400000, "grossProfitRatio": 1, "researchAndDevelopmentExpenses": 0, "generalAndAdministrativeExpenses": 11600000, "sellingAndMarketingExpenses": 1100000, "sellingGeneralAndAdministrativeExpenses": 12700000, "otherExpenses": -13200000, "operatingExpenses": -500000, "costAndExpenses": -500000, "interestIncome": 39100000, "interestExpense": 24200000, "depreciationAndAmortization": 2100000, "ebitda": 24000000, "ebitdaratio": 1.0714285714, "operatingIncome": 21900000, "operatingIncomeRatio": 0.9776785714, "totalOtherIncomeExpensesNet": -24200000, "incomeBeforeTax": -2300000, "incomeBeforeTaxRatio": -0.1026785714, "incomeTaxExpense": -1300000, "netIncome": -1000000, "netIncomeRatio": -0.0446428571, "eps": -0.11, "epsdiluted": -0.11, "weightedAverageShsOut": 9201000, "weightedAverageShsOutDil": 9201000, "link": "https://www.sec.gov/Archives/edgar/data/1015328/000094857297000013/0000948572-97-000013-index.html", "finalLink": "https://www.sec.gov/Archives/edgar/data/1015328/", "calculatedOtherExpenses": -12200000, "calculatedOperatingExpenses": 500000, "calculatedNetInterest": 14900000, "calculatedOtherIncome": -39100000, "calculatedIncomeNonControlling": 0, "calculatedEbitda": 24000000}, {"date": "1995-12-31", "symbol": "WTFC", "reportedCurrency": "USD", "cik": "0001015328", "fillingDate": "1995-12-31", "acceptedDate": "1995-12-30 19:00:00", "calendarYear": "1995", "period": "FY", "revenue": 9700029, "costOfRevenue": 0, "grossProfit": 9700029, "grossProfitRatio": 1, "researchAndDevelopmentExpenses": 0, "generalAndAdministrativeExpenses": 0, "sellingAndMarketingExpenses": 0, "sellingGeneralAndAdministrativeExpenses": 0, "otherExpenses": -8203029.6, "operatingExpenses": -8203029.6, "costAndExpenses": -8203029.6, "interestIncome": 9700029, "interestExpense": 0, "depreciationAndAmortization": 0, "ebitda": 1497000, "ebitdaratio": 0.1543294355, "operatingIncome": 1497000, "operatingIncomeRatio": 0.1543294355, "totalOtherIncomeExpensesNet": -495000, "incomeBeforeTax": 1002000, "incomeBeforeTaxRatio": 0.1032986602, "incomeTaxExpense": -495000, "netIncome": 1497000, "netIncomeRatio": 0.1543294355, "eps": 0.18, "epsdiluted": 0.16, "weightedAverageShsOut": 8316667, "weightedAverageShsOutDil": 9356250, "link": "", "finalLink": "", "calculatedOtherExpenses": 8203029, "calculatedOperatingExpenses": 8203029, "calculatedNetInterest": 9700029, "calculatedOtherIncome": -10195029, "calculatedIncomeNonControlling": 0, "calculatedEbitda": 1497000}]}