{"originalCurrency": "USD", "convertedCurrency": "USD", "report": [{"date": "2023-12-31", "symbol": "WTM", "reportedCurrency": "USD", "cik": "0000776867", "fillingDate": "2024-02-26", "acceptedDate": "2024-02-26 08:58:07", "calendarYear": "2023", "period": "FY", "revenue": 2166700000, "costOfRevenue": 40400000, "grossProfit": 2126300000, "grossProfitRatio": 0.981354133, "researchAndDevelopmentExpenses": 0, "generalAndAdministrativeExpenses": 432600000, "sellingAndMarketingExpenses": 40400000, "sellingGeneralAndAdministrativeExpenses": 432600000, "otherExpenses": -763100000, "operatingExpenses": 763100000, "costAndExpenses": -1489900000, "interestIncome": 0, "interestExpense": 62700000, "depreciationAndAmortization": -17800000, "ebitda": -71700000, "ebitdaratio": -0.0330917986, "operatingIncome": -71700000, "operatingIncomeRatio": -0.0330917986, "totalOtherIncomeExpensesNet": 565400000, "incomeBeforeTax": 565400000, "incomeBeforeTaxRatio": 0.2609498315, "incomeTaxExpense": -15500000, "netIncome": 509200000, "netIncomeRatio": 0.235011769, "eps": 198.63, "epsdiluted": 198.63, "weightedAverageShsOut": 2527300, "weightedAverageShsOutDil": 2527300, "link": "https://www.sec.gov/Archives/edgar/data/776867/000077686724000005/0000776867-24-000005-index.htm", "finalLink": "https://www.sec.gov/Archives/edgar/data/776867/000077686724000005/wtm-20231231.htm", "calculatedOtherExpenses": 1765400000, "calculatedOperatingExpenses": 2198000000, "calculatedNetInterest": -62700000, "calculatedOtherIncome": 699800000, "calculatedIncomeNonControlling": 71700000, "calculatedEbitda": -89500000}, {"date": "2022-12-31", "symbol": "WTM", "reportedCurrency": "USD", "cik": "0000776867", "fillingDate": "2023-02-27", "acceptedDate": "2023-02-27 16:47:41", "calendarYear": "2022", "period": "FY", "revenue": 1157900000, "costOfRevenue": 98600000, "grossProfit": 1059300000, "grossProfitRatio": 0.9148458416, "researchAndDevelopmentExpenses": 0, "generalAndAdministrativeExpenses": 376200000, "sellingAndMarketingExpenses": 98600000, "sellingGeneralAndAdministrativeExpenses": 376200000, "otherExpenses": -200200000, "operatingExpenses": 176000000, "costAndExpenses": 1307300000, "interestIncome": 40300000, "interestExpense": 40300000, "depreciationAndAmortization": 5200000, "ebitda": 879700000, "ebitdaratio": 0.7597374557, "operatingIncome": 874500000, "operatingIncomeRatio": 0.7552465671, "totalOtherIncomeExpensesNet": -1023900000, "incomeBeforeTax": -149400000, "incomeBeforeTaxRatio": -0.1290266862, "incomeTaxExpense": 41400000, "netIncome": -190800000, "netIncomeRatio": -0.1647810692, "eps": -67.51, "epsdiluted": -67.51, "weightedAverageShsOut": 2826200, "weightedAverageShsOutDil": 2826200, "link": "https://www.sec.gov/Archives/edgar/data/776867/000077686723000004/0000776867-23-000004-index.htm", "finalLink": "https://www.sec.gov/Archives/edgar/data/776867/000077686723000004/wtm-20221231.htm", "calculatedOtherExpenses": -191400000, "calculatedOperatingExpenses": 184800000, "calculatedNetInterest": 0, "calculatedOtherIncome": -1023900000, "calculatedIncomeNonControlling": 0, "calculatedEbitda": 879700000}, {"date": "2021-12-31", "symbol": "WTM", "reportedCurrency": "USD", "cik": "0000776867", "fillingDate": "2022-02-28", "acceptedDate": "2022-02-28 17:21:38", "calendarYear": "2021", "period": "FY", "revenue": 944800000, "costOfRevenue": 69300000, "grossProfit": 875500000, "grossProfitRatio": 0.9266511431, "researchAndDevelopmentExpenses": 0, "generalAndAdministrativeExpenses": 482900000, "sellingAndMarketingExpenses": 69300000, "sellingGeneralAndAdministrativeExpenses": 482900000, "otherExpenses": -1841100000, "operatingExpenses": -1358200000, "costAndExpenses": 1246800000, "interestIncome": 20500000, "interestExpense": 43800000, "depreciationAndAmortization": 39800000, "ebitda": -373600000, "ebitdaratio": -0.3954276037, "operatingIncome": -413400000, "operatingIncomeRatio": -0.4375529213, "totalOtherIncomeExpensesNet": 111400000, "incomeBeforeTax": -302000000, "incomeBeforeTaxRatio": -0.3196443692, "incomeTaxExpense": 38600000, "netIncome": -340600000, "netIncomeRatio": -0.3604995766, "eps": -111.95, "epsdiluted": -111.95, "weightedAverageShsOut": 3042500, "weightedAverageShsOutDil": 3042500, "link": "https://www.sec.gov/Archives/edgar/data/776867/000077686722000002/0000776867-22-000002-index.htm", "finalLink": "https://www.sec.gov/Archives/edgar/data/776867/000077686722000002/wtm-20211231.htm", "calculatedOtherExpenses": 806000000, "calculatedOperatingExpenses": 1288900000, "calculatedNetInterest": -23300000, "calculatedOtherIncome": 134700000, "calculatedIncomeNonControlling": 0, "calculatedEbitda": -373600000}, {"date": "2020-12-31", "symbol": "WTM", "reportedCurrency": "USD", "cik": "0000776867", "fillingDate": "2021-02-26", "acceptedDate": "2021-02-26 09:20:48", "calendarYear": "2020", "period": "FY", "revenue": 1180700000, "costOfRevenue": 11300000, "grossProfit": 1169400000, "grossProfitRatio": 0.9904294063, "researchAndDevelopmentExpenses": 0, "generalAndAdministrativeExpenses": 387000000, "sellingAndMarketingExpenses": 11300000, "sellingGeneralAndAdministrativeExpenses": 387000000, "otherExpenses": -948800000, "operatingExpenses": -561800000, "costAndExpenses": 535500000, "interestIncome": 7400000, "interestExpense": 29500000, "depreciationAndAmortization": 28300000, "ebitda": 647200000, "ebitdaratio": 0.5481494029, "operatingIncome": 618900000, "operatingIncomeRatio": 0.5241805708, "totalOtherIncomeExpensesNet": 26300000, "incomeBeforeTax": 645200000, "incomeBeforeTaxRatio": 0.5464554925, "incomeTaxExpense": -20500000, "netIncome": 708700000, "netIncomeRatio": 0.6002371475, "eps": 227.72, "epsdiluted": 227.72, "weightedAverageShsOut": 3081400, "weightedAverageShsOutDil": 3081400, "link": "https://www.sec.gov/Archives/edgar/data/776867/000077686721000004/0000776867-21-000004-index.htm", "finalLink": "https://www.sec.gov/Archives/edgar/data/776867/000077686721000004/wtm-20201231.htm", "calculatedOtherExpenses": 163500000, "calculatedOperatingExpenses": 550500000, "calculatedNetInterest": -22100000, "calculatedOtherIncome": 48400000, "calculatedIncomeNonControlling": -43000000, "calculatedEbitda": 647200000}, {"date": "2019-12-31", "symbol": "WTM", "reportedCurrency": "USD", "cik": "0000776867", "fillingDate": "2020-03-02", "acceptedDate": "2020-03-02 09:10:25", "calendarYear": "2019", "period": "FY", "revenue": 893400000, "costOfRevenue": 7500000, "grossProfit": 885900000, "grossProfitRatio": 0.9916051041, "researchAndDevelopmentExpenses": 0, "generalAndAdministrativeExpenses": 327800000, "sellingAndMarketingExpenses": 7500000, "sellingGeneralAndAdministrativeExpenses": 327800000, "otherExpenses": -825000000, "operatingExpenses": -497200000, "costAndExpenses": 488300000, "interestIncome": 17400000, "interestExpense": 17600000, "depreciationAndAmortization": 21800000, "ebitda": 418000000, "ebitdaratio": 0.4678755317, "operatingIncome": 396200000, "operatingIncomeRatio": 0.4434743676, "totalOtherIncomeExpensesNet": 8900000, "incomeBeforeTax": 405100000, "incomeBeforeTaxRatio": 0.4534363107, "incomeTaxExpense": 29300000, "netIncome": 414500000, "netIncomeRatio": 0.4639579136, "eps": 130.02, "epsdiluted": 130.02, "weightedAverageShsOut": 3141100, "weightedAverageShsOutDil": 3141100, "link": "https://www.sec.gov/Archives/edgar/data/776867/000077686720000009/0000776867-20-000009-index.htm", "finalLink": "https://www.sec.gov/Archives/edgar/data/776867/000077686720000009/wtm10-k2019.htm", "calculatedOtherExpenses": 161900000, "calculatedOperatingExpenses": 489700000, "calculatedNetInterest": -200000, "calculatedOtherIncome": 9100000, "calculatedIncomeNonControlling": -38700000, "calculatedEbitda": 418000000}, {"date": "2018-12-31", "symbol": "WTM", "reportedCurrency": "USD", "cik": "0000776867", "fillingDate": "2019-02-27", "acceptedDate": "2019-02-27 09:00:49", "calendarYear": "2018", "period": "FY", "revenue": 369100000, "costOfRevenue": 248700000, "grossProfit": 120400000, "grossProfitRatio": 0.3261988621, "researchAndDevelopmentExpenses": 0, "generalAndAdministrativeExpenses": 235700000, "sellingAndMarketingExpenses": 297100000, "sellingGeneralAndAdministrativeExpenses": 235700000, "otherExpenses": -740500000, "operatingExpenses": -504800000, "costAndExpenses": 547300000, "interestIncome": 0, "interestExpense": 9500000, "depreciationAndAmortization": 18800000, "ebitda": -110000000, "ebitdaratio": -0.2980222162, "operatingIncome": -135700000, "operatingIncomeRatio": -0.3676510431, "totalOtherIncomeExpensesNet": 10200000, "incomeBeforeTax": -178200000, "incomeBeforeTaxRatio": -0.4827959902, "incomeTaxExpense": -4000000, "netIncome": -141200000, "netIncomeRatio": -0.3825521539, "eps": -42.25, "epsdiluted": -42.25, "weightedAverageShsOut": 3342400, "weightedAverageShsOutDil": 3342400, "link": "https://www.sec.gov/Archives/edgar/data/776867/000077686719000008/0000776867-19-000008-index.htm", "finalLink": "https://www.sec.gov/Archives/edgar/data/776867/000077686719000008/wtm10-k2018.htm", "calculatedOtherExpenses": 20400000, "calculatedOperatingExpenses": 256100000, "calculatedNetInterest": -9500000, "calculatedOtherIncome": -33000000, "calculatedIncomeNonControlling": -33000000, "calculatedEbitda": -116900000}, {"date": "2017-12-31", "symbol": "WTM", "reportedCurrency": "USD", "cik": "0000776867", "fillingDate": "2018-02-28", "acceptedDate": "2018-02-28 08:57:20", "calendarYear": "2017", "period": "FY", "revenue": 373800000, "costOfRevenue": 139400000, "grossProfit": 234400000, "grossProfitRatio": 0.6270733012, "researchAndDevelopmentExpenses": 0, "generalAndAdministrativeExpenses": 208000000, "sellingAndMarketingExpenses": 163200000, "sellingGeneralAndAdministrativeExpenses": 208000000, "otherExpenses": -362600000, "operatingExpenses": 206100000, "costAndExpenses": 366000000, "interestIncome": 0, "interestExpense": 2300000, "depreciationAndAmortization": 10700000, "ebitda": 644100000, "ebitdaratio": 1.7231139647, "operatingIncome": 7800000, "operatingIncomeRatio": 0.0208667737, "totalOtherIncomeExpensesNet": 7100000, "incomeBeforeTax": 7800000, "incomeBeforeTaxRatio": 0.0208667737, "incomeTaxExpense": -7800000, "netIncome": 627200000, "netIncomeRatio": 1.6779026217, "eps": 146.06, "epsdiluted": 146.06, "weightedAverageShsOut": 4239500, "weightedAverageShsOutDil": 4294126, "link": "https://www.sec.gov/Archives/edgar/data/776867/000077686718000002/0000776867-18-000002-index.htm", "finalLink": "https://www.sec.gov/Archives/edgar/data/776867/000077686718000002/wtm10-k2017.htm", "calculatedOtherExpenses": 18600000, "calculatedOperatingExpenses": 226600000, "calculatedNetInterest": -2300000, "calculatedOtherIncome": 2300000, "calculatedIncomeNonControlling": -611600000, "calculatedEbitda": 18500000}, {"date": "2016-12-31", "symbol": "WTM", "reportedCurrency": "USD", "cik": "0000776867", "fillingDate": "2017-02-27", "acceptedDate": "2017-02-27 09:04:15", "calendarYear": "2016", "period": "FY", "revenue": 1360700000, "costOfRevenue": 0, "grossProfit": 1360700000, "grossProfitRatio": 1, "researchAndDevelopmentExpenses": 0, "generalAndAdministrativeExpenses": 287400000, "sellingAndMarketingExpenses": 4200000, "sellingGeneralAndAdministrativeExpenses": 287400000, "otherExpenses": -294000000, "operatingExpenses": 299900000, "costAndExpenses": 1401100000, "interestIncome": 0, "interestExpense": 16100000, "depreciationAndAmortization": 12500000, "ebitda": 447700000, "ebitdaratio": 0.329021827, "operatingIncome": -40400000, "operatingIncomeRatio": -0.0296906004, "totalOtherIncomeExpensesNet": 149600000, "incomeBeforeTax": -40400000, "incomeBeforeTaxRatio": -0.0296906004, "incomeTaxExpense": -45400000, "netIncome": 412500000, "netIncomeRatio": 0.303152789, "eps": 82.24, "epsdiluted": 82.19, "weightedAverageShsOut": 5015807, "weightedAverageShsOutDil": 5018859, "link": "https://www.sec.gov/Archives/edgar/data/776867/000077686717000005/0000776867-17-000005-index.htm", "finalLink": "https://www.sec.gov/Archives/edgar/data/776867/000077686717000005/wtm10-k2016.htm", "calculatedOtherExpenses": 1113700000, "calculatedOperatingExpenses": 1401100000, "calculatedNetInterest": -16100000, "calculatedOtherIncome": 16100000, "calculatedIncomeNonControlling": -407500000, "calculatedEbitda": -27900000}, {"date": "2015-12-31", "symbol": "WTM", "reportedCurrency": "USD", "cik": "0000776867", "fillingDate": "2016-02-29", "acceptedDate": "2016-02-29 16:10:39", "calendarYear": "2015", "period": "FY", "revenue": 1808600000, "costOfRevenue": 0, "grossProfit": 1808600000, "grossProfitRatio": 1, "researchAndDevelopmentExpenses": 0, "generalAndAdministrativeExpenses": 458900000, "sellingAndMarketingExpenses": 2900000, "sellingGeneralAndAdministrativeExpenses": 458900000, "otherExpenses": -740900000, "operatingExpenses": 487500000, "costAndExpenses": 1653700000, "interestIncome": 0, "interestExpense": 18600000, "depreciationAndAmortization": 28600000, "ebitda": 383000000, "ebitdaratio": 0.2117660069, "operatingIncome": 155600000, "operatingIncomeRatio": 0.086033396, "totalOtherIncomeExpensesNet": 334200000, "incomeBeforeTax": 154900000, "incomeBeforeTaxRatio": 0.0856463563, "incomeTaxExpense": -700000, "netIncome": 297600000, "netIncomeRatio": 0.1645471636, "eps": 50.6, "epsdiluted": 50.6, "weightedAverageShsOut": 5811200, "weightedAverageShsOutDil": 5881423, "link": "https://www.sec.gov/Archives/edgar/data/776867/000077686716000036/0000776867-16-000036-index.htm", "finalLink": "https://www.sec.gov/Archives/edgar/data/776867/000077686716000036/wtm10-k123115.htm", "calculatedOtherExpenses": 1194100000, "calculatedOperatingExpenses": 1653000000, "calculatedNetInterest": -18600000, "calculatedOtherIncome": 17900000, "calculatedIncomeNonControlling": -142000000, "calculatedEbitda": 184200000}, {"date": "2014-12-31", "symbol": "WTM", "reportedCurrency": "USD", "cik": "0000776867", "fillingDate": "2015-02-27", "acceptedDate": "2015-02-27 08:33:36", "calendarYear": "2014", "period": "FY", "revenue": 2510200000, "costOfRevenue": 0, "grossProfit": 2510200000, "grossProfitRatio": 1, "researchAndDevelopmentExpenses": 0, "generalAndAdministrativeExpenses": 287500000, "sellingAndMarketingExpenses": 0, "sellingGeneralAndAdministrativeExpenses": 287500000, "otherExpenses": 0, "operatingExpenses": 288200000, "costAndExpenses": 2208500000, "interestIncome": 0, "interestExpense": 41900000, "depreciationAndAmortization": 69700000, "ebitda": 477600000, "ebitdaratio": 0.190263724, "operatingIncome": 248400000, "operatingIncomeRatio": 0.0989562585, "totalOtherIncomeExpensesNet": 62400000, "incomeBeforeTax": 301700000, "incomeBeforeTaxRatio": 0.1201896263, "incomeTaxExpense": 53300000, "netIncome": 312700000, "netIncomeRatio": 0.1245717473, "eps": 51.21, "epsdiluted": 51.21, "weightedAverageShsOut": 6026000, "weightedAverageShsOutDil": 6106229, "link": "https://www.sec.gov/Archives/edgar/data/776867/000077686715000007/0000776867-15-000007-index.htm", "finalLink": "https://www.sec.gov/Archives/edgar/data/776867/000077686715000007/wtm20141231-10xk.htm", "calculatedOtherExpenses": 1974300000, "calculatedOperatingExpenses": 2261800000, "calculatedNetInterest": -41900000, "calculatedOtherIncome": 95200000, "calculatedIncomeNonControlling": -64300000, "calculatedEbitda": 318100000}, {"date": "2013-12-31", "symbol": "WTM", "reportedCurrency": "USD", "cik": "0000776867", "fillingDate": "2014-02-28", "acceptedDate": "2014-02-28 09:11:48", "calendarYear": "2013", "period": "FY", "revenue": 2317400000, "costOfRevenue": 0, "grossProfit": 2317400000, "grossProfitRatio": 1, "researchAndDevelopmentExpenses": 0, "generalAndAdministrativeExpenses": 179600000, "sellingAndMarketingExpenses": 0, "sellingGeneralAndAdministrativeExpenses": 179600000, "otherExpenses": 0, "operatingExpenses": 181300000, "costAndExpenses": 1972500000, "interestIncome": 0, "interestExpense": 42500000, "depreciationAndAmortization": 172600000, "ebitda": 440900000, "ebitdaratio": 0.1902563217, "operatingIncome": 268300000, "operatingIncomeRatio": 0.115776301, "totalOtherIncomeExpensesNet": 57500000, "incomeBeforeTax": 344900000, "incomeBeforeTaxRatio": 0.148830586, "incomeTaxExpense": 76600000, "netIncome": 321800000, "netIncomeRatio": 0.1388625183, "eps": 51.89, "epsdiluted": 51.89, "weightedAverageShsOut": 6109000, "weightedAverageShsOutDil": 6201580, "link": "https://www.sec.gov/Archives/edgar/data/776867/000144530514000693/0001445305-14-000693-index.htm", "finalLink": "https://www.sec.gov/Archives/edgar/data/776867/000144530514000693/wtm20131231-10xk.htm", "calculatedOtherExpenses": 1869500000, "calculatedOperatingExpenses": 2049100000, "calculatedNetInterest": -42500000, "calculatedOtherIncome": 119100000, "calculatedIncomeNonControlling": -53500000, "calculatedEbitda": 440900000}, {"date": "2012-12-31", "symbol": "WTM", "reportedCurrency": "USD", "cik": "0000776867", "fillingDate": "2013-03-01", "acceptedDate": "2013-02-28 19:53:43", "calendarYear": "2012", "period": "FY", "revenue": 2435700000, "costOfRevenue": 0, "grossProfit": 2435700000, "grossProfitRatio": 1, "researchAndDevelopmentExpenses": 0, "generalAndAdministrativeExpenses": 171600000, "sellingAndMarketingExpenses": 0, "sellingGeneralAndAdministrativeExpenses": 171600000, "otherExpenses": 0, "operatingExpenses": 182200000, "costAndExpenses": 2172900000, "interestIncome": 0, "interestExpense": 44800000, "depreciationAndAmortization": -42000000, "ebitda": 236500000, "ebitdaratio": 0.0970973437, "operatingIncome": 278500000, "operatingIncomeRatio": 0.1143408466, "totalOtherIncomeExpensesNet": 100300000, "incomeBeforeTax": 262800000, "incomeBeforeTaxRatio": 0.107895061, "incomeTaxExpense": -15700000, "netIncome": 207400000, "netIncomeRatio": 0.0851500595, "eps": 30.5, "epsdiluted": 30.5, "weightedAverageShsOut": 6739084, "weightedAverageShsOutDil": 6800000, "link": "https://www.sec.gov/Archives/edgar/data/776867/000144530513000401/0001445305-13-000401-index.htm", "finalLink": "https://www.sec.gov/Archives/edgar/data/776867/000144530513000401/wtm-20121231x10k.htm", "calculatedOtherExpenses": 1985600000, "calculatedOperatingExpenses": 2157200000, "calculatedNetInterest": -44800000, "calculatedOtherIncome": 29100000, "calculatedIncomeNonControlling": 71100000, "calculatedEbitda": 236500000}, {"date": "2011-12-31", "symbol": "WTM", "reportedCurrency": "USD", "cik": "0000776867", "fillingDate": "2012-02-28", "acceptedDate": "2012-02-28 16:15:01", "calendarYear": "2011", "period": "FY", "revenue": 1312700000, "costOfRevenue": 0, "grossProfit": 1312700000, "grossProfitRatio": 1, "researchAndDevelopmentExpenses": 0, "generalAndAdministrativeExpenses": 175300000, "sellingAndMarketingExpenses": -160600000, "sellingGeneralAndAdministrativeExpenses": 14700000, "otherExpenses": 0, "operatingExpenses": 175300000, "costAndExpenses": 1227000000, "interestIncome": 0, "interestExpense": 31600000, "depreciationAndAmortization": 516100000, "ebitda": 700400000, "ebitdaratio": 0.5335567913, "operatingIncome": 184300000, "operatingIncomeRatio": 0.1403976537, "totalOtherIncomeExpensesNet": -69200000, "incomeBeforeTax": 85700000, "incomeBeforeTaxRatio": 0.0652852899, "incomeTaxExpense": -29800000, "netIncome": 89000000, "netIncomeRatio": 0.0677991925, "eps": 9.26, "epsdiluted": 9.26, "weightedAverageShsOut": 7577855, "weightedAverageShsOutDil": 7577855, "link": "https://www.sec.gov/Archives/edgar/data/776867/000110465912014041/0001104659-12-014041-index.htm", "finalLink": "https://www.sec.gov/Archives/edgar/data/776867/000110465912014041/a12-1085_110k.htm", "calculatedOtherExpenses": 1113700000, "calculatedOperatingExpenses": 1128400000, "calculatedNetInterest": -31600000, "calculatedOtherIncome": -67000000, "calculatedIncomeNonControlling": 26500000, "calculatedEbitda": 700400000}, {"date": "2010-12-31", "symbol": "WTM", "reportedCurrency": "USD", "cik": "0000776867", "fillingDate": "2011-02-28", "acceptedDate": "2011-02-28 08:09:20", "calendarYear": "2010", "period": "FY", "revenue": 3571100000, "costOfRevenue": 0, "grossProfit": 3571100000, "grossProfitRatio": 1, "researchAndDevelopmentExpenses": 0, "generalAndAdministrativeExpenses": 203700000, "sellingAndMarketingExpenses": -20800000, "sellingGeneralAndAdministrativeExpenses": 182900000, "otherExpenses": 0, "operatingExpenses": 203700000, "costAndExpenses": 3420600000, "interestIncome": 0, "interestExpense": 57300000, "depreciationAndAmortization": 0, "ebitda": 164700000, "ebitdaratio": 0.0461202431, "operatingIncome": 164700000, "operatingIncomeRatio": 0.0461202431, "totalOtherIncomeExpensesNet": 84300000, "incomeBeforeTax": 150500000, "incomeBeforeTaxRatio": 0.0421438772, "incomeTaxExpense": 20900000, "netIncome": 86500000, "netIncomeRatio": 0.0242222284, "eps": 10.12, "epsdiluted": 10.12, "weightedAverageShsOut": 8547431, "weightedAverageShsOutDil": 8547431, "link": "https://www.sec.gov/Archives/edgar/data/776867/000110465911010544/0001104659-11-010544-index.htm", "finalLink": "https://www.sec.gov/Archives/edgar/data/776867/000110465911010544/a11-1984_110k.htm", "calculatedOtherExpenses": 3223500000, "calculatedOperatingExpenses": 3406400000, "calculatedNetInterest": -57300000, "calculatedOtherIncome": 43100000, "calculatedIncomeNonControlling": 43100000, "calculatedEbitda": 164700000}, {"date": "2009-12-31", "symbol": "WTM", "reportedCurrency": "USD", "cik": "0000776867", "fillingDate": "2010-02-26", "acceptedDate": "2010-02-26 15:56:40", "calendarYear": "2009", "period": "FY", "revenue": 4448100000, "costOfRevenue": 0, "grossProfit": 4448100000, "grossProfitRatio": 1, "researchAndDevelopmentExpenses": 0, "generalAndAdministrativeExpenses": 263000000, "sellingAndMarketingExpenses": -29700000, "sellingGeneralAndAdministrativeExpenses": 233300000, "otherExpenses": 0, "operatingExpenses": 263000000, "costAndExpenses": 3684100000, "interestIncome": 0, "interestExpense": 70800000, "depreciationAndAmortization": 0, "ebitda": 749600000, "ebitdaratio": 0.1685213912, "operatingIncome": 749600000, "operatingIncomeRatio": 0.1685213912, "totalOtherIncomeExpensesNet": 179500000, "incomeBeforeTax": 764000000, "incomeBeforeTaxRatio": 0.1717587284, "incomeTaxExpense": 208800000, "netIncome": 470000000, "netIncomeRatio": 0.1056630921, "eps": 53.11, "epsdiluted": 53.1, "weightedAverageShsOut": 8849558, "weightedAverageShsOutDil": 8851224, "link": "https://www.sec.gov/Archives/edgar/data/776867/000110465910010195/0001104659-10-010195-index.htm", "finalLink": "https://www.sec.gov/Archives/edgar/data/776867/000110465910010195/a09-35767_110k.htm", "calculatedOtherExpenses": 3465200000, "calculatedOperatingExpenses": 3698500000, "calculatedNetInterest": -70800000, "calculatedOtherIncome": 85200000, "calculatedIncomeNonControlling": 85200000, "calculatedEbitda": 749600000}, {"date": "2008-12-31", "symbol": "WTM", "reportedCurrency": "USD", "cik": "0000776867", "fillingDate": "2009-02-27", "acceptedDate": "2009-02-27 17:23:57", "calendarYear": "2008", "period": "FY", "revenue": 2955700000, "costOfRevenue": 0, "grossProfit": 2955700000, "grossProfitRatio": 1, "researchAndDevelopmentExpenses": 0, "generalAndAdministrativeExpenses": 237900000, "sellingAndMarketingExpenses": 0, "sellingGeneralAndAdministrativeExpenses": 237900000, "otherExpenses": 0, "operatingExpenses": 237900000, "costAndExpenses": 4095800000, "interestIncome": 0, "interestExpense": 115500000, "depreciationAndAmortization": 0, "ebitda": -938500000, "ebitdaratio": -0.317522076, "operatingIncome": -938500000, "operatingIncomeRatio": -0.317522076, "totalOtherIncomeExpensesNet": -595900000, "incomeBeforeTax": -1140100000, "incomeBeforeTaxRatio": -0.3857292689, "incomeTaxExpense": -498700000, "netIncome": -555300000, "netIncomeRatio": -0.1878742768, "eps": -54.54, "epsdiluted": -54.54, "weightedAverageShsOut": 10181518, "weightedAverageShsOutDil": 10181518, "link": "https://www.sec.gov/Archives/edgar/data/776867/000110465909013179/0001104659-09-013179-index.htm", "finalLink": "https://www.sec.gov/Archives/edgar/data/776867/000110465909013179/a09-1257_110k.htm", "calculatedOtherExpenses": 3656300000, "calculatedOperatingExpenses": 3894200000, "calculatedNetInterest": -115500000, "calculatedOtherIncome": -86100000, "calculatedIncomeNonControlling": -86100000, "calculatedEbitda": -938500000}, {"date": "2007-12-31", "symbol": "WTM", "reportedCurrency": "USD", "cik": "0000776867", "fillingDate": "2008-02-29", "acceptedDate": "2008-02-28 21:15:45", "calendarYear": "2007", "period": "FY", "revenue": 4733800000, "costOfRevenue": 0, "grossProfit": 4733800000, "grossProfitRatio": 1, "researchAndDevelopmentExpenses": 0, "generalAndAdministrativeExpenses": 200500000, "sellingAndMarketingExpenses": 0, "sellingGeneralAndAdministrativeExpenses": 200500000, "otherExpenses": 0, "operatingExpenses": 200500000, "costAndExpenses": 4052300000, "interestIncome": 0, "interestExpense": 73000000, "depreciationAndAmortization": 0, "ebitda": 690900000, "ebitdaratio": 0.1459503993, "operatingIncome": 690900000, "operatingIncomeRatio": 0.1459503993, "totalOtherIncomeExpensesNet": 153900000, "incomeBeforeTax": 681500000, "incomeBeforeTaxRatio": 0.1439646795, "incomeTaxExpense": 210500000, "netIncome": 407400000, "netIncomeRatio": 0.0860619376, "eps": 37.96, "epsdiluted": 37.89, "weightedAverageShsOut": 10732000, "weightedAverageShsOutDil": 10751000, "link": "https://www.sec.gov/Archives/edgar/data/776867/000104746908001968/0001047469-08-001968-index.htm", "finalLink": "https://www.sec.gov/Archives/edgar/data/776867/000104746908001968/a2182981z10-k.htm", "calculatedOtherExpenses": 3842400000, "calculatedOperatingExpenses": 4042900000, "calculatedNetInterest": -73000000, "calculatedOtherIncome": 63600000, "calculatedIncomeNonControlling": 63600000, "calculatedEbitda": 690900000}, {"date": "2006-12-31", "symbol": "WTM", "reportedCurrency": "USD", "cik": "0000776867", "fillingDate": "2007-02-28", "acceptedDate": "2007-02-28 16:53:14", "calendarYear": "2006", "period": "FY", "revenue": 4794200000, "costOfRevenue": 0, "grossProfit": 4794200000, "grossProfitRatio": 1, "researchAndDevelopmentExpenses": 0, "generalAndAdministrativeExpenses": 218300000, "sellingAndMarketingExpenses": 0, "sellingGeneralAndAdministrativeExpenses": 218300000, "otherExpenses": 0, "operatingExpenses": 218300000, "costAndExpenses": 4064400000, "interestIncome": 0, "interestExpense": 108700000, "depreciationAndAmortization": 0, "ebitda": 880800000, "ebitdaratio": 0.1837219974, "operatingIncome": 880800000, "operatingIncomeRatio": 0.1837219974, "totalOtherIncomeExpensesNet": 373300000, "incomeBeforeTax": 729800000, "incomeBeforeTaxRatio": 0.1522256059, "incomeTaxExpense": 98900000, "netIncome": 673200000, "netIncomeRatio": 0.1404196738, "eps": 62.51, "epsdiluted": 62.32, "weightedAverageShsOut": 10769477, "weightedAverageShsOutDil": 10802311, "link": "https://www.sec.gov/Archives/edgar/data/776867/000110465907014982/0001104659-07-014982-index.htm", "finalLink": "https://www.sec.gov/Archives/edgar/data/776867/000110465907014982/a07-4895_110k.htm", "calculatedOtherExpenses": 3695100000, "calculatedOperatingExpenses": 3913400000, "calculatedNetInterest": -108700000, "calculatedOtherIncome": -42300000, "calculatedIncomeNonControlling": -42300000, "calculatedEbitda": 880800000}, {"date": "2005-12-31", "symbol": "WTM", "reportedCurrency": "USD", "cik": "0000776867", "fillingDate": "2006-03-07", "acceptedDate": "2006-03-07 17:21:34", "calendarYear": "2005", "period": "FY", "revenue": 4631900000, "costOfRevenue": 0, "grossProfit": 4631900000, "grossProfitRatio": 1, "researchAndDevelopmentExpenses": 0, "generalAndAdministrativeExpenses": 156800000, "sellingAndMarketingExpenses": 0, "sellingGeneralAndAdministrativeExpenses": 156800000, "otherExpenses": 0, "operatingExpenses": 156800000, "costAndExpenses": 4338900000, "interestIncome": 0, "interestExpense": 44500000, "depreciationAndAmortization": 0, "ebitda": 371100000, "ebitdaratio": 0.08011831, "operatingIncome": 371100000, "operatingIncomeRatio": 0.08011831, "totalOtherIncomeExpensesNet": 229200000, "incomeBeforeTax": 293000000, "incomeBeforeTaxRatio": 0.0632569788, "incomeTaxExpense": 36500000, "netIncome": 290100000, "netIncomeRatio": 0.0626308858, "eps": 26.96, "epsdiluted": 26.56, "weightedAverageShsOut": 10760386, "weightedAverageShsOutDil": 10922440, "link": "https://www.sec.gov/Archives/edgar/data/776867/000110465906014685/0001104659-06-014685-index.htm", "finalLink": "https://www.sec.gov/Archives/edgar/data/776867/000110465906014685/a06-2418_110k.htm", "calculatedOtherExpenses": 4104000000, "calculatedOperatingExpenses": 4260800000, "calculatedNetInterest": -44500000, "calculatedOtherIncome": -33600000, "calculatedIncomeNonControlling": -33600000, "calculatedEbitda": 371100000}, {"date": "2004-12-31", "symbol": "WTM", "reportedCurrency": "USD", "cik": "0000776867", "fillingDate": "2005-03-02", "acceptedDate": "2005-03-02 09:42:27", "calendarYear": "2004", "period": "FY", "revenue": 4553000000, "costOfRevenue": 0, "grossProfit": 4553000000, "grossProfitRatio": 1, "researchAndDevelopmentExpenses": 0, "generalAndAdministrativeExpenses": 309300000, "sellingAndMarketingExpenses": 0, "sellingGeneralAndAdministrativeExpenses": 309300000, "otherExpenses": 0, "operatingExpenses": 309300000, "costAndExpenses": 4305200000, "interestIncome": 0, "interestExpense": 96700000, "depreciationAndAmortization": 0, "ebitda": 562400000, "ebitdaratio": 0.1235229519, "operatingIncome": 562400000, "operatingIncomeRatio": 0.1235229519, "totalOtherIncomeExpensesNet": 190500000, "incomeBeforeTax": 247800000, "incomeBeforeTaxRatio": 0.0544256534, "incomeTaxExpense": 47000000, "netIncome": 418700000, "netIncomeRatio": 0.0919613442, "eps": 42.28, "epsdiluted": 39.92, "weightedAverageShsOut": 9903027, "weightedAverageShsOutDil": 10488477, "link": "https://www.sec.gov/Archives/edgar/data/776867/000104746905005178/0001047469-05-005178-index.htm", "finalLink": "https://www.sec.gov/Archives/edgar/data/776867/000104746905005178/a2152709z10-k.htm", "calculatedOtherExpenses": 3681300000, "calculatedOperatingExpenses": 3990600000, "calculatedNetInterest": -96700000, "calculatedOtherIncome": -217900000, "calculatedIncomeNonControlling": -217900000, "calculatedEbitda": 562400000}, {"date": "2003-12-31", "symbol": "WTM", "reportedCurrency": "USD", "cik": "0000776867", "fillingDate": "2004-03-02", "acceptedDate": "2004-03-01 17:36:18", "calendarYear": "2003", "period": "FY", "revenue": 3806600000, "costOfRevenue": 0, "grossProfit": 3806600000, "grossProfitRatio": 1, "researchAndDevelopmentExpenses": 0, "generalAndAdministrativeExpenses": 201800000, "sellingAndMarketingExpenses": 0, "sellingGeneralAndAdministrativeExpenses": 201800000, "otherExpenses": 0, "operatingExpenses": 201800000, "costAndExpenses": 3434300000, "interestIncome": 0, "interestExpense": 48600000, "depreciationAndAmortization": 0, "ebitda": 456800000, "ebitdaratio": 0.1200021016, "operatingIncome": 456800000, "operatingIncomeRatio": 0.1200021016, "totalOtherIncomeExpensesNet": 215400000, "incomeBeforeTax": 372300000, "incomeBeforeTaxRatio": 0.0978038144, "incomeTaxExpense": 127600000, "netIncome": 280600000, "netIncomeRatio": 0.0737140756, "eps": 26.48, "epsdiluted": 23.63, "weightedAverageShsOut": 10611782, "weightedAverageShsOutDil": 10611782, "link": "https://www.sec.gov/Archives/edgar/data/776867/000110465904006082/0001104659-04-006082-index.htm", "finalLink": "https://www.sec.gov/Archives/edgar/data/776867/000110465904006082/a04-2892_110k.htm", "calculatedOtherExpenses": 3148000000, "calculatedOperatingExpenses": 3349800000, "calculatedNetInterest": -48600000, "calculatedOtherIncome": -35900000, "calculatedIncomeNonControlling": -35900000, "calculatedEbitda": 456800000}, {"date": "2002-12-31", "symbol": "WTM", "reportedCurrency": "USD", "cik": "0000776867", "fillingDate": "2003-03-31", "acceptedDate": "2003-03-31 16:47:57", "calendarYear": "2002", "period": "FY", "revenue": 4185400000, "costOfRevenue": 0, "grossProfit": 4185400000, "grossProfitRatio": 1, "researchAndDevelopmentExpenses": 0, "generalAndAdministrativeExpenses": 469900000, "sellingAndMarketingExpenses": 0, "sellingGeneralAndAdministrativeExpenses": 469900000, "otherExpenses": 0, "operatingExpenses": 469900000, "costAndExpenses": 4066000000, "interestIncome": 0, "interestExpense": 71800000, "depreciationAndAmortization": 750800000, "ebitda": 831600000, "ebitdaratio": 0.1986906867, "operatingIncome": 80800000, "operatingIncomeRatio": 0.0193052038, "totalOtherIncomeExpensesNet": 100300000, "incomeBeforeTax": 119400000, "incomeBeforeTaxRatio": 0.0285277393, "incomeTaxExpense": 11700000, "netIncome": 748100000, "netIncomeRatio": 0.1787403832, "eps": 88.61, "epsdiluted": 80.75, "weightedAverageShsOut": 8186263, "weightedAverageShsOutDil": 9053689, "link": "https://www.sec.gov/Archives/edgar/data/776867/000104746903011319/0001047469-03-011319-index.htm", "finalLink": "https://www.sec.gov/Archives/edgar/data/776867/000104746903011319/a2106957z10-k.htm", "calculatedOtherExpenses": 3634700000, "calculatedOperatingExpenses": 4104600000, "calculatedNetInterest": -71800000, "calculatedOtherIncome": 110400000, "calculatedIncomeNonControlling": -640400000, "calculatedEbitda": 831600000}, {"date": "2001-12-31", "symbol": "WTM", "reportedCurrency": "USD", "cik": "0000776867", "fillingDate": "2002-04-01", "acceptedDate": "2002-04-01 00:00:00", "calendarYear": "2001", "period": "FY", "revenue": 3233600000, "costOfRevenue": 0, "grossProfit": 3233600000, "grossProfitRatio": 1, "researchAndDevelopmentExpenses": 0, "generalAndAdministrativeExpenses": 0, "sellingAndMarketingExpenses": 0, "sellingGeneralAndAdministrativeExpenses": 417100000, "otherExpenses": -4038600000, "operatingExpenses": -3621500000, "costAndExpenses": 3655800000, "interestIncome": 0, "interestExpense": 45700000, "depreciationAndAmortization": -91600000, "ebitda": -479500000, "ebitdaratio": -0.1482867392, "operatingIncome": -387900000, "operatingIncomeRatio": -0.1199591786, "totalOtherIncomeExpensesNet": 99700000, "incomeBeforeTax": -422200000, "incomeBeforeTaxRatio": -0.1305665512, "incomeTaxExpense": -174300000, "netIncome": -259300000, "netIncomeRatio": -0.0801892627, "eps": -41.93, "epsdiluted": -41.93, "weightedAverageShsOut": 6184539, "weightedAverageShsOutDil": 6184539, "link": "https://www.sec.gov/Archives/edgar/data/776867/000091205702013123/0000912057-02-013123-index.htm", "finalLink": "https://www.sec.gov/Archives/edgar/data/776867/000091205702013123/a2075441z10-k.txt", "calculatedOtherExpenses": 3204400000, "calculatedOperatingExpenses": 3621500000, "calculatedNetInterest": -45700000, "calculatedOtherIncome": 11400000, "calculatedIncomeNonControlling": 11400000, "calculatedEbitda": -479500000}, {"date": "2000-12-31", "symbol": "WTM", "reportedCurrency": "USD", "cik": "0000776867", "fillingDate": "2001-03-27", "acceptedDate": "2001-03-27 00:00:00", "calendarYear": "2000", "period": "FY", "revenue": 848200000, "costOfRevenue": 0, "grossProfit": 848200000, "grossProfitRatio": 1, "researchAndDevelopmentExpenses": 0, "generalAndAdministrativeExpenses": 28400000, "sellingAndMarketingExpenses": 0, "sellingGeneralAndAdministrativeExpenses": 28400000, "otherExpenses": -410100000, "operatingExpenses": -381700000, "costAndExpenses": 492800000, "interestIncome": 0, "interestExpense": 16100000, "depreciationAndAmortization": -41400000, "ebitda": 425100000, "ebitdaratio": 0.5011789672, "operatingIncome": 466500000, "operatingIncomeRatio": 0.5499882103, "totalOtherIncomeExpensesNet": 436300000, "incomeBeforeTax": 355400000, "incomeBeforeTaxRatio": 0.4190049517, "incomeTaxExpense": 42500000, "netIncome": 407900000, "netIncomeRatio": 0.480900731, "eps": 53.08, "epsdiluted": 52.84, "weightedAverageShsOut": 5900292, "weightedAverageShsOutDil": 5913468, "link": "https://www.sec.gov/Archives/edgar/data/776867/000091205701008454/0000912057-01-008454-index.htm", "finalLink": "https://www.sec.gov/Archives/edgar/data/776867/000091205701008454/a2042193z10-k.txt", "calculatedOtherExpenses": 353300000, "calculatedOperatingExpenses": 381700000, "calculatedNetInterest": -16100000, "calculatedOtherIncome": -95000000, "calculatedIncomeNonControlling": -95000000, "calculatedEbitda": 425100000}, {"date": "1999-12-31", "symbol": "WTM", "reportedCurrency": "USD", "cik": "0000776867", "fillingDate": "2000-03-28", "acceptedDate": "2000-03-28 00:00:00", "calendarYear": "1999", "period": "FY", "revenue": 565200000, "costOfRevenue": 0, "grossProfit": 565200000, "grossProfitRatio": 1, "researchAndDevelopmentExpenses": 0, "generalAndAdministrativeExpenses": 19500000, "sellingAndMarketingExpenses": 0, "sellingGeneralAndAdministrativeExpenses": 19500000, "otherExpenses": -395900000, "operatingExpenses": -376400000, "costAndExpenses": 403700000, "interestIncome": 0, "interestExpense": 14700000, "depreciationAndAmortization": 0, "ebitda": 188800000, "ebitdaratio": 0.3340410474, "operatingIncome": 188800000, "operatingIncomeRatio": 0.3340410474, "totalOtherIncomeExpensesNet": 134700000, "incomeBeforeTax": 161500000, "incomeBeforeTaxRatio": 0.2857395612, "incomeTaxExpense": 53100000, "netIncome": 121000000, "netIncomeRatio": 0.2140835103, "eps": 20.35, "epsdiluted": 20.35, "weightedAverageShsOut": 5499474, "weightedAverageShsOutDil": 6149324, "link": "https://www.sec.gov/Archives/edgar/data/776867/000091205700013985/0000912057-00-013985-index.htm", "finalLink": "https://www.sec.gov/Archives/edgar/data/776867/000091205700013985/0000912057-00-013985.txt", "calculatedOtherExpenses": 356900000, "calculatedOperatingExpenses": 376400000, "calculatedNetInterest": -14700000, "calculatedOtherIncome": -12600000, "calculatedIncomeNonControlling": -12600000, "calculatedEbitda": 188800000}, {"date": "1998-12-31", "symbol": "WTM", "reportedCurrency": "USD", "cik": "0000776867", "fillingDate": "1999-03-30", "acceptedDate": "1999-03-30 00:00:00", "calendarYear": "1998", "period": "FY", "revenue": 578100000, "costOfRevenue": 0, "grossProfit": 578100000, "grossProfitRatio": 1, "researchAndDevelopmentExpenses": 0, "generalAndAdministrativeExpenses": 75400000, "sellingAndMarketingExpenses": 0, "sellingGeneralAndAdministrativeExpenses": 75400000, "otherExpenses": -439600000, "operatingExpenses": -364200000, "costAndExpenses": 448100000, "interestIncome": 0, "interestExpense": 83900000, "depreciationAndAmortization": 63100000, "ebitda": 277000000, "ebitdaratio": 0.4791558554, "operatingIncome": 213900000, "operatingIncomeRatio": 0.3700051894, "totalOtherIncomeExpensesNet": 142700000, "incomeBeforeTax": 130000000, "incomeBeforeTaxRatio": 0.2248745892, "incomeTaxExpense": 47800000, "netIncome": 82200000, "netIncomeRatio": 0.1421899325, "eps": 13.38, "epsdiluted": 11.94, "weightedAverageShsOut": 5866966, "weightedAverageShsOutDil": 6574539, "link": "https://www.sec.gov/Archives/edgar/data/776867/000104746999012441/0001047469-99-012441-index.htm", "finalLink": "https://www.sec.gov/Archives/edgar/data/776867/0001047469-99-012441.txt", "calculatedOtherExpenses": 288800000, "calculatedOperatingExpenses": 364200000, "calculatedNetInterest": -83900000, "calculatedOtherIncome": 0, "calculatedIncomeNonControlling": 0, "calculatedEbitda": 277000000}, {"date": "1997-12-31", "symbol": "WTM", "reportedCurrency": "USD", "cik": "0000776867", "fillingDate": "1998-03-30", "acceptedDate": "1998-03-30 00:00:00", "calendarYear": "1997", "period": "FY", "revenue": 314200000, "costOfRevenue": 0, "grossProfit": 314200000, "grossProfitRatio": 1, "researchAndDevelopmentExpenses": 0, "generalAndAdministrativeExpenses": 87600000, "sellingAndMarketingExpenses": 0, "sellingGeneralAndAdministrativeExpenses": 87600000, "otherExpenses": -283400000, "operatingExpenses": -195800000, "costAndExpenses": 239500000, "interestIncome": 0, "interestExpense": 49700000, "depreciationAndAmortization": 67100000, "ebitda": 185500000, "ebitdaratio": 0.5903882877, "operatingIncome": 118400000, "operatingIncomeRatio": 0.3768300446, "totalOtherIncomeExpensesNet": 7100000, "incomeBeforeTax": 74700000, "incomeBeforeTaxRatio": 0.2377466582, "incomeTaxExpense": 29400000, "netIncome": 39300000, "netIncomeRatio": 0.1250795672, "eps": 5.98, "epsdiluted": 5.4, "weightedAverageShsOut": 6571906, "weightedAverageShsOutDil": 7277778, "link": "https://www.sec.gov/Archives/edgar/data/776867/000104746998012300/0001047469-98-012300-index.htm", "finalLink": "https://www.sec.gov/Archives/edgar/data/776867/0001047469-98-012300.txt", "calculatedOtherExpenses": 108200000, "calculatedOperatingExpenses": 195800000, "calculatedNetInterest": -49700000, "calculatedOtherIncome": 6000000, "calculatedIncomeNonControlling": 6000000, "calculatedEbitda": 185500000}, {"date": "1996-12-31", "symbol": "WTM", "reportedCurrency": "USD", "cik": "0000776867", "fillingDate": "1997-03-28", "acceptedDate": "1997-03-28 00:00:00", "calendarYear": "1996", "period": "FY", "revenue": 332500000, "costOfRevenue": 0, "grossProfit": 332500000, "grossProfitRatio": 1, "researchAndDevelopmentExpenses": 0, "generalAndAdministrativeExpenses": 120000000, "sellingAndMarketingExpenses": 0, "sellingGeneralAndAdministrativeExpenses": 120000000, "otherExpenses": -378700000, "operatingExpenses": -258700000, "costAndExpenses": 308700000, "interestIncome": 0, "interestExpense": 50000000, "depreciationAndAmortization": 85400000, "ebitda": 159200000, "ebitdaratio": 0.4787969925, "operatingIncome": 73800000, "operatingIncomeRatio": 0.2219548872, "totalOtherIncomeExpensesNet": 127000000, "incomeBeforeTax": 23800000, "incomeBeforeTaxRatio": 0.0715789474, "incomeTaxExpense": 18900000, "netIncome": 4900000, "netIncomeRatio": 0.0147368421, "eps": 0.66, "epsdiluted": 0.6, "weightedAverageShsOut": 7424242, "weightedAverageShsOutDil": 8166667, "link": "https://www.sec.gov/Archives/edgar/data/776867/000089924397000504/0000899243-97-000504-index.htm", "finalLink": "https://www.sec.gov/Archives/edgar/data/776867/0000899243-97-000504.txt", "calculatedOtherExpenses": 138700000, "calculatedOperatingExpenses": 258700000, "calculatedNetInterest": -50000000, "calculatedOtherIncome": 0, "calculatedIncomeNonControlling": 0, "calculatedEbitda": 159200000}, {"date": "1995-12-31", "symbol": "WTM", "reportedCurrency": "USD", "cik": "0000776867", "fillingDate": "1996-03-29", "acceptedDate": "1996-03-29 00:00:00", "calendarYear": "1995", "period": "FY", "revenue": 222300000, "costOfRevenue": 0, "grossProfit": 222300000, "grossProfitRatio": 1, "researchAndDevelopmentExpenses": 0, "generalAndAdministrativeExpenses": 60300000, "sellingAndMarketingExpenses": 0, "sellingGeneralAndAdministrativeExpenses": 60300000, "otherExpenses": -136000000, "operatingExpenses": -75700000, "costAndExpenses": 187100000, "interestIncome": 0, "interestExpense": 45800000, "depreciationAndAmortization": 86400000, "ebitda": 233000000, "ebitdaratio": 1.0481331534, "operatingIncome": 146600000, "operatingIncomeRatio": 0.6594691858, "totalOtherIncomeExpensesNet": 122300000, "incomeBeforeTax": 35200000, "incomeBeforeTaxRatio": 0.1583445794, "incomeTaxExpense": 16700000, "netIncome": 84100000, "netIncomeRatio": 0.3783175888, "eps": 9.36, "epsdiluted": 9.16, "weightedAverageShsOut": 8579060, "weightedAverageShsOutDil": 8766376, "link": "https://www.sec.gov/Archives/edgar/data/776867/000095010996001881/0000950109-96-001881-index.htm", "finalLink": "https://www.sec.gov/Archives/edgar/data/776867/000095010996001881/", "calculatedOtherExpenses": 15400000, "calculatedOperatingExpenses": 75700000, "calculatedNetInterest": -45800000, "calculatedOtherIncome": -65600000, "calculatedIncomeNonControlling": -65600000, "calculatedEbitda": 233000000}, {"date": "1994-12-31", "symbol": "WTM", "reportedCurrency": "USD", "cik": "0000776867", "fillingDate": "1995-03-30", "acceptedDate": "1995-03-30 00:00:00", "calendarYear": "1994", "period": "FY", "revenue": 228500000, "costOfRevenue": 0, "grossProfit": 228500000, "grossProfitRatio": 1, "researchAndDevelopmentExpenses": 0, "generalAndAdministrativeExpenses": 77700000, "sellingAndMarketingExpenses": 0, "sellingGeneralAndAdministrativeExpenses": 77700000, "otherExpenses": -230100000, "operatingExpenses": -152400000, "costAndExpenses": 186900000, "interestIncome": 0, "interestExpense": 78800000, "depreciationAndAmortization": 99200000, "ebitda": 175300000, "ebitdaratio": 0.7671772429, "operatingIncome": 76100000, "operatingIncomeRatio": 0.3330415755, "totalOtherIncomeExpensesNet": 99500000, "incomeBeforeTax": 41600000, "incomeBeforeTaxRatio": 0.1820568928, "incomeTaxExpense": 20500000, "netIncome": -23200000, "netIncomeRatio": -0.1015317287, "eps": -2.46, "epsdiluted": -2.46, "weightedAverageShsOut": 9430199, "weightedAverageShsOutDil": 9430199, "link": "https://www.sec.gov/Archives/edgar/data/776867/000095010995000997/0000950109-95-000997-index.htm", "finalLink": "https://www.sec.gov/Archives/edgar/data/776867/000095010995000997/", "calculatedOtherExpenses": 74700000, "calculatedOperatingExpenses": 152400000, "calculatedNetInterest": -78800000, "calculatedOtherIncome": 44300000, "calculatedIncomeNonControlling": 44300000, "calculatedEbitda": 175300000}, {"date": "1993-12-31", "symbol": "WTM", "reportedCurrency": "USD", "cik": "0000776867", "fillingDate": "1993-12-31", "acceptedDate": "1993-12-30 19:00:00", "calendarYear": "1993", "period": "FY", "revenue": 375000000, "costOfRevenue": 0, "grossProfit": 375000000, "grossProfitRatio": 1, "researchAndDevelopmentExpenses": 0, "generalAndAdministrativeExpenses": 131000000, "sellingAndMarketingExpenses": 0, "sellingGeneralAndAdministrativeExpenses": 131000000, "otherExpenses": -262000000, "operatingExpenses": -131000000, "costAndExpenses": 234100000, "interestIncome": 0, "interestExpense": 103100000, "depreciationAndAmortization": 142300000, "ebitda": 386300000, "ebitdaratio": 1.0301333333, "operatingIncome": 244000000, "operatingIncomeRatio": 0.6506666667, "totalOtherIncomeExpensesNet": 0, "incomeBeforeTax": 0, "incomeBeforeTaxRatio": 0, "incomeTaxExpense": 70500000, "netIncome": 70400000, "netIncomeRatio": 0.1877333333, "eps": 6.07, "epsdiluted": 5.68, "weightedAverageShsOut": 9588138, "weightedAverageShsOutDil": 10246479, "link": "", "finalLink": "", "calculatedOtherExpenses": 0, "calculatedOperatingExpenses": 131000000, "calculatedNetInterest": -103100000, "calculatedOtherIncome": -140900000, "calculatedIncomeNonControlling": -140900000, "calculatedEbitda": 386300000}, {"date": "1992-12-31", "symbol": "WTM", "reportedCurrency": "USD", "cik": "0000776867", "fillingDate": "1992-12-31", "acceptedDate": "1992-12-30 19:00:00", "calendarYear": "1992", "period": "FY", "revenue": 279400000, "costOfRevenue": 0, "grossProfit": 279400000, "grossProfitRatio": 1, "researchAndDevelopmentExpenses": 0, "generalAndAdministrativeExpenses": 61100000, "sellingAndMarketingExpenses": 0, "sellingGeneralAndAdministrativeExpenses": 61100000, "otherExpenses": -200200000, "operatingExpenses": -139100000, "costAndExpenses": 138600000, "interestIncome": 0, "interestExpense": 77500000, "depreciationAndAmortization": 0, "ebitda": 140300000, "ebitdaratio": 0.5021474588, "operatingIncome": 140300000, "operatingIncomeRatio": 0.5021474588, "totalOtherIncomeExpensesNet": 0, "incomeBeforeTax": 0, "incomeBeforeTaxRatio": 0, "incomeTaxExpense": 33600000, "netIncome": 29200000, "netIncomeRatio": 0.1045096636, "eps": 4.8, "epsdiluted": 4.79, "weightedAverageShsOut": 15084746, "weightedAverageShsOutDil": 15084746, "link": "", "finalLink": "", "calculatedOtherExpenses": 78000000, "calculatedOperatingExpenses": 139100000, "calculatedNetInterest": -77500000, "calculatedOtherIncome": -62800000, "calculatedIncomeNonControlling": -62800000, "calculatedEbitda": 140300000}, {"date": "1991-12-31", "symbol": "WTM", "reportedCurrency": "USD", "cik": "0000776867", "fillingDate": "1991-12-31", "acceptedDate": "1991-12-30 19:00:00", "calendarYear": "1991", "period": "FY", "revenue": 344000000, "costOfRevenue": 0, "grossProfit": 344000000, "grossProfitRatio": 1, "researchAndDevelopmentExpenses": 0, "generalAndAdministrativeExpenses": 53000000, "sellingAndMarketingExpenses": 0, "sellingGeneralAndAdministrativeExpenses": 53000000, "otherExpenses": 1037000000, "operatingExpenses": 1090000000, "costAndExpenses": 110000000, "interestIncome": 0, "interestExpense": 57000000, "depreciationAndAmortization": 91000000, "ebitda": 1525000000, "ebitdaratio": 4.4331395349, "operatingIncome": 1434000000, "operatingIncomeRatio": 4.1686046512, "totalOtherIncomeExpensesNet": 0, "incomeBeforeTax": 0, "incomeBeforeTaxRatio": 0, "incomeTaxExpense": 64000000, "netIncome": 1313000000, "netIncomeRatio": 3.8168604651, "eps": 49.41, "epsdiluted": 40.01, "weightedAverageShsOut": 27171694, "weightedAverageShsOutDil": 27171694, "link": "", "finalLink": "", "calculatedOtherExpenses": -1143000000, "calculatedOperatingExpenses": -1090000000, "calculatedNetInterest": -57000000, "calculatedOtherIncome": -1377000000, "calculatedIncomeNonControlling": -1377000000, "calculatedEbitda": 1525000000}, {"date": "1990-12-31", "symbol": "WTM", "reportedCurrency": "USD", "cik": "0000776867", "fillingDate": "1990-12-31", "acceptedDate": "1990-12-30 19:00:00", "calendarYear": "1990", "period": "FY", "revenue": 433000000, "costOfRevenue": 0, "grossProfit": 433000000, "grossProfitRatio": 1, "researchAndDevelopmentExpenses": 0, "generalAndAdministrativeExpenses": 0, "sellingAndMarketingExpenses": 0, "sellingGeneralAndAdministrativeExpenses": 0, "otherExpenses": -75000000, "operatingExpenses": -75000000, "costAndExpenses": 133000000, "interestIncome": 0, "interestExpense": 133000000, "depreciationAndAmortization": 76000000, "ebitda": 434000000, "ebitdaratio": 1.0023094688, "operatingIncome": 358000000, "operatingIncomeRatio": 0.8267898383, "totalOtherIncomeExpensesNet": 0, "incomeBeforeTax": 0, "incomeBeforeTaxRatio": 0, "incomeTaxExpense": 72000000, "netIncome": 153000000, "netIncomeRatio": 0.3533487298, "eps": 3.08, "epsdiluted": 3.03, "weightedAverageShsOut": 34740260, "weightedAverageShsOutDil": 35313531, "link": "", "finalLink": "", "calculatedOtherExpenses": 75000000, "calculatedOperatingExpenses": 75000000, "calculatedNetInterest": -133000000, "calculatedOtherIncome": -225000000, "calculatedIncomeNonControlling": -225000000, "calculatedEbitda": 434000000}, {"date": "1989-12-31", "symbol": "WTM", "reportedCurrency": "USD", "cik": "0000776867", "fillingDate": "1989-12-31", "acceptedDate": "1989-12-30 19:00:00", "calendarYear": "1989", "period": "FY", "revenue": 3490000000, "costOfRevenue": 0, "grossProfit": 3490000000, "grossProfitRatio": 1, "researchAndDevelopmentExpenses": 0, "generalAndAdministrativeExpenses": 0, "sellingAndMarketingExpenses": 0, "sellingGeneralAndAdministrativeExpenses": 0, "otherExpenses": -3374000000, "operatingExpenses": -3374000000, "costAndExpenses": 486000000, "interestIncome": 0, "interestExpense": 135000000, "depreciationAndAmortization": 95000000, "ebitda": 211000000, "ebitdaratio": 0.0604584527, "operatingIncome": 116000000, "operatingIncomeRatio": 0.0332378223, "totalOtherIncomeExpensesNet": 812000000, "incomeBeforeTax": 928000000, "incomeBeforeTaxRatio": 0.2659025788, "incomeTaxExpense": -92000000, "netIncome": 73000000, "netIncomeRatio": 0.0209169054, "eps": 0.99, "epsdiluted": 0.99, "weightedAverageShsOut": 54765101, "weightedAverageShsOutDil": 54765101, "link": "", "finalLink": "", "calculatedOtherExpenses": 3374000000, "calculatedOperatingExpenses": 3374000000, "calculatedNetInterest": -135000000, "calculatedOtherIncome": 947000000, "calculatedIncomeNonControlling": 947000000, "calculatedEbitda": 211000000}, {"date": "1988-12-31", "symbol": "WTM", "reportedCurrency": "USD", "cik": "0000776867", "fillingDate": "1988-12-31", "acceptedDate": "1988-12-30 19:00:00", "calendarYear": "1988", "period": "FY", "revenue": 3704000000, "costOfRevenue": 0, "grossProfit": 3704000000, "grossProfitRatio": 1, "researchAndDevelopmentExpenses": 0, "generalAndAdministrativeExpenses": 0, "sellingAndMarketingExpenses": 0, "sellingGeneralAndAdministrativeExpenses": 0, "otherExpenses": -3474000000, "operatingExpenses": -3474000000, "costAndExpenses": -3474000000, "interestIncome": 0, "interestExpense": 0, "depreciationAndAmortization": 0, "ebitda": 230000000, "ebitdaratio": 0.0620950324, "operatingIncome": 230000000, "operatingIncomeRatio": 0.0620950324, "totalOtherIncomeExpensesNet": 0, "incomeBeforeTax": 0, "incomeBeforeTaxRatio": 0, "incomeTaxExpense": -17000000, "netIncome": 247000000, "netIncomeRatio": 0.0666846652, "eps": 4.73, "epsdiluted": 4.73, "weightedAverageShsOut": 52219873, "weightedAverageShsOutDil": 52219873, "link": "", "finalLink": "", "calculatedOtherExpenses": 3474000000, "calculatedOperatingExpenses": 3474000000, "calculatedNetInterest": 0, "calculatedOtherIncome": -230000000, "calculatedIncomeNonControlling": -230000000, "calculatedEbitda": 230000000}, {"date": "1987-12-31", "symbol": "WTM", "reportedCurrency": "USD", "cik": "0000776867", "fillingDate": "1987-12-31", "acceptedDate": "1987-12-30 19:00:00", "calendarYear": "1987", "period": "FY", "revenue": 3927000000, "costOfRevenue": 0, "grossProfit": 3927000000, "grossProfitRatio": 1, "researchAndDevelopmentExpenses": 0, "generalAndAdministrativeExpenses": 0, "sellingAndMarketingExpenses": 0, "sellingGeneralAndAdministrativeExpenses": 0, "otherExpenses": -4050000000, "operatingExpenses": -4050000000, "costAndExpenses": -4050000000, "interestIncome": 0, "interestExpense": 0, "depreciationAndAmortization": 0, "ebitda": -123000000, "ebitdaratio": -0.0313216196, "operatingIncome": -123000000, "operatingIncomeRatio": -0.0313216196, "totalOtherIncomeExpensesNet": 0, "incomeBeforeTax": 0, "incomeBeforeTaxRatio": 0, "incomeTaxExpense": -181000000, "netIncome": 58000000, "netIncomeRatio": 0.0147695442, "eps": 0.91, "epsdiluted": 0.91, "weightedAverageShsOut": 63736264, "weightedAverageShsOutDil": 63736264, "link": "", "finalLink": "", "calculatedOtherExpenses": 4050000000, "calculatedOperatingExpenses": 4050000000, "calculatedNetInterest": 0, "calculatedOtherIncome": 123000000, "calculatedIncomeNonControlling": 123000000, "calculatedEbitda": -123000000}, {"date": "1986-12-31", "symbol": "WTM", "reportedCurrency": "USD", "cik": "0000776867", "fillingDate": "1986-12-31", "acceptedDate": "1986-12-30 19:00:00", "calendarYear": "1986", "period": "FY", "revenue": 3699500000, "costOfRevenue": 0, "grossProfit": 3699500000, "grossProfitRatio": 1, "researchAndDevelopmentExpenses": 0, "generalAndAdministrativeExpenses": 0, "sellingAndMarketingExpenses": 0, "sellingGeneralAndAdministrativeExpenses": 0, "otherExpenses": -3491500000, "operatingExpenses": -3491500000, "costAndExpenses": 51400000, "interestIncome": 0, "interestExpense": 51400000, "depreciationAndAmortization": 0, "ebitda": 208000000, "ebitdaratio": 0.056223814, "operatingIncome": 208000000, "operatingIncomeRatio": 0.056223814, "totalOtherIncomeExpensesNet": 0, "incomeBeforeTax": 0, "incomeBeforeTaxRatio": 0, "incomeTaxExpense": 1000000, "netIncome": 155600000, "netIncomeRatio": 0.0420597378, "eps": 2.35, "epsdiluted": 2.35, "weightedAverageShsOut": 66212766, "weightedAverageShsOutDil": 66212766, "link": "", "finalLink": "", "calculatedOtherExpenses": 3491500000, "calculatedOperatingExpenses": 3491500000, "calculatedNetInterest": -51400000, "calculatedOtherIncome": -156600000, "calculatedIncomeNonControlling": -156600000, "calculatedEbitda": 208000000}, {"date": "1985-12-31", "symbol": "WTM", "reportedCurrency": "USD", "cik": "0000776867", "fillingDate": "1985-12-31", "acceptedDate": "1985-12-30 19:00:00", "calendarYear": "1985", "period": "FY", "revenue": 3350000000, "costOfRevenue": 0, "grossProfit": 3350000000, "grossProfitRatio": 1, "researchAndDevelopmentExpenses": 0, "generalAndAdministrativeExpenses": 0, "sellingAndMarketingExpenses": 0, "sellingGeneralAndAdministrativeExpenses": 0, "otherExpenses": -3547000000, "operatingExpenses": -3547000000, "costAndExpenses": -3547000000, "interestIncome": 0, "interestExpense": 0, "depreciationAndAmortization": 0, "ebitda": -197000000, "ebitdaratio": -0.0588059701, "operatingIncome": -197000000, "operatingIncomeRatio": -0.0588059701, "totalOtherIncomeExpensesNet": 0, "incomeBeforeTax": 0, "incomeBeforeTaxRatio": 0, "incomeTaxExpense": -152000000, "netIncome": -45000000, "netIncomeRatio": -0.0134328358, "eps": -0.68, "epsdiluted": -0.68, "weightedAverageShsOut": 66176471, "weightedAverageShsOutDil": 66176471, "link": "", "finalLink": "", "calculatedOtherExpenses": 3547000000, "calculatedOperatingExpenses": 3547000000, "calculatedNetInterest": 0, "calculatedOtherIncome": 197000000, "calculatedIncomeNonControlling": 197000000, "calculatedEbitda": -197000000}]}