{"originalCurrency": "USD", "convertedCurrency": "USD", "report": [{"date": "2023-12-31", "symbol": "WTRG", "reportedCurrency": "USD", "cik": "0000078128", "fillingDate": "2024-02-29", "acceptedDate": "2024-02-29 11:08:08", "calendarYear": "2023", "period": "FY", "revenue": 2053824000, "costOfRevenue": 1271519000, "grossProfit": 782305000, "grossProfitRatio": 0.3809016741, "researchAndDevelopmentExpenses": 0, "generalAndAdministrativeExpenses": 0, "sellingAndMarketingExpenses": 0, "sellingGeneralAndAdministrativeExpenses": 3783000, "otherExpenses": -90208000, "operatingExpenses": 90208000, "costAndExpenses": 1361727000, "interestIncome": 3401000, "interestExpense": 283362000, "depreciationAndAmortization": 343695000, "ebitda": 1035791999, "ebitdaratio": 0.5043236417, "operatingIncome": 692097000, "operatingIncomeRatio": 0.3369797023, "totalOtherIncomeExpensesNet": -260316000, "incomeBeforeTax": 431781000, "incomeBeforeTaxRatio": 0.2102327171, "incomeTaxExpense": -66444999, "netIncome": 498226000, "netIncomeRatio": 0.2425845642, "eps": 1.86, "epsdiluted": 1.86, "weightedAverageShsOut": 267171000, "weightedAverageShsOutDil": 267659000, "link": "https://www.sec.gov/Archives/edgar/data/78128/000156276224000047/0001562762-24-000047-index.htm", "finalLink": "https://www.sec.gov/Archives/edgar/data/78128/000156276224000047/wtrg-20231231x10k.htm", "calculatedOtherExpenses": 86425000, "calculatedOperatingExpenses": 90208000, "calculatedNetInterest": -279961000, "calculatedOtherIncome": 19645000, "calculatedIncomeNonControlling": -1, "calculatedEbitda": 1035792000}, {"date": "2022-12-31", "symbol": "WTRG", "reportedCurrency": "USD", "cik": "0000078128", "fillingDate": "2023-03-01", "acceptedDate": "2023-03-01 16:24:47", "calendarYear": "2022", "period": "FY", "revenue": 2288032000, "costOfRevenue": 1215644000, "grossProfit": 1072388000, "grossProfitRatio": 0.4686944938, "researchAndDevelopmentExpenses": 0, "generalAndAdministrativeExpenses": 0, "sellingAndMarketingExpenses": 0, "sellingGeneralAndAdministrativeExpenses": 8087999, "otherExpenses": 387536000, "operatingExpenses": 387536000, "costAndExpenses": 1603180000, "interestIncome": 3675000, "interestExpense": 238116000, "depreciationAndAmortization": 348023000, "ebitda": 1009210000, "ebitdaratio": 0.4410821177, "operatingIncome": 661187000, "operatingIncomeRatio": 0.2889762905, "totalOtherIncomeExpensesNet": -210279000, "incomeBeforeTax": 450908000, "incomeBeforeTaxRatio": 0.1970724186, "incomeTaxExpense": -14329000, "netIncome": 465237000, "netIncomeRatio": 0.2033350058, "eps": 1.77, "epsdiluted": 1.77, "weightedAverageShsOut": 262245999, "weightedAverageShsOutDil": 262868000, "link": "https://www.sec.gov/Archives/edgar/data/78128/000156276223000064/0001562762-23-000064-index.htm", "finalLink": "https://www.sec.gov/Archives/edgar/data/78128/000156276223000064/wtrg-20221231x10k.htm", "calculatedOtherExpenses": 403113001, "calculatedOperatingExpenses": 411201000, "calculatedNetInterest": -234441000, "calculatedOtherIncome": 24162000, "calculatedIncomeNonControlling": 0, "calculatedEbitda": 1009210000}, {"date": "2021-12-31", "symbol": "WTRG", "reportedCurrency": "USD", "cik": "0000078128", "fillingDate": "2022-03-01", "acceptedDate": "2022-03-01 15:12:53", "calendarYear": "2021", "period": "FY", "revenue": 1878144000, "costOfRevenue": 890842000, "grossProfit": 987302000, "grossProfitRatio": 0.5256796071, "researchAndDevelopmentExpenses": 0, "generalAndAdministrativeExpenses": 0, "sellingAndMarketingExpenses": 0, "sellingGeneralAndAdministrativeExpenses": 7691000, "otherExpenses": 384593000, "operatingExpenses": 384593000, "costAndExpenses": 1275435000, "interestIncome": 2384000, "interestExpense": 207709000, "depreciationAndAmortization": 303184000, "ebitda": 905893000, "ebitdaratio": 0.4823341554, "operatingIncome": 602709000, "operatingIncomeRatio": 0.3209067036, "totalOtherIncomeExpensesNet": -180709000, "incomeBeforeTax": 422000000, "incomeBeforeTaxRatio": 0.2246899066, "incomeTaxExpense": -9612000, "netIncome": 431612000, "netIncomeRatio": 0.2298077251, "eps": 1.68, "epsdiluted": 1.67, "weightedAverageShsOut": 257487000, "weightedAverageShsOutDil": 258180000, "link": "https://www.sec.gov/Archives/edgar/data/78128/000156276222000068/0001562762-22-000068-index.htm", "finalLink": "https://www.sec.gov/Archives/edgar/data/78128/000156276222000068/wtrg-20211231x10k.htm", "calculatedOtherExpenses": 376902000, "calculatedOperatingExpenses": 384593000, "calculatedNetInterest": -205325000, "calculatedOtherIncome": 24616000, "calculatedIncomeNonControlling": 0, "calculatedEbitda": 905893000}, {"date": "2020-12-31", "symbol": "WTRG", "reportedCurrency": "USD", "cik": "0000078128", "fillingDate": "2021-03-01", "acceptedDate": "2021-03-01 16:44:56", "calendarYear": "2020", "period": "FY", "revenue": 1462698000, "costOfRevenue": 694356000, "grossProfit": 768342000, "grossProfitRatio": 0.525290935, "researchAndDevelopmentExpenses": 0, "generalAndAdministrativeExpenses": 0, "sellingAndMarketingExpenses": 0, "sellingGeneralAndAdministrativeExpenses": 785000, "otherExpenses": 333656000, "operatingExpenses": 333656000, "costAndExpenses": 1028012000, "interestIncome": 5363000, "interestExpense": 188435000, "depreciationAndAmortization": 262431000, "ebitda": 697117000, "ebitdaratio": 0.4765966727, "operatingIncome": 434686000, "operatingIncomeRatio": 0.2971809629, "totalOtherIncomeExpensesNet": -169715000, "incomeBeforeTax": 264971000, "incomeBeforeTaxRatio": 0.1811522269, "incomeTaxExpense": -19878000, "netIncome": 284849000, "netIncomeRatio": 0.1947421819, "eps": 1.14, "epsdiluted": 1.12, "weightedAverageShsOut": 249768000, "weightedAverageShsOutDil": 254629000, "link": "https://www.sec.gov/Archives/edgar/data/78128/000156276221000081/0001562762-21-000081-index.htm", "finalLink": "https://www.sec.gov/Archives/edgar/data/78128/000156276221000081/wtrg-20201231x10k.htm", "calculatedOtherExpenses": 332871000, "calculatedOperatingExpenses": 333656000, "calculatedNetInterest": -183072000, "calculatedOtherIncome": 13357000, "calculatedIncomeNonControlling": 0, "calculatedEbitda": 697117000}, {"date": "2019-12-31", "symbol": "WTRG", "reportedCurrency": "USD", "cik": "0000078128", "fillingDate": "2020-02-28", "acceptedDate": "2020-02-28 16:28:18", "calendarYear": "2019", "period": "FY", "revenue": 889692000, "costOfRevenue": 333102000, "grossProfit": 556590000, "grossProfitRatio": 0.6255985217, "researchAndDevelopmentExpenses": 0, "generalAndAdministrativeExpenses": 0, "sellingAndMarketingExpenses": 0, "sellingGeneralAndAdministrativeExpenses": 5809000, "otherExpenses": 216431000, "operatingExpenses": 216431000, "costAndExpenses": 549533000, "interestIncome": 25406000, "interestExpense": 125383000, "depreciationAndAmortization": 178401000, "ebitda": 518560000, "ebitdaratio": 0.582853392, "operatingIncome": 340159000, "operatingIncomeRatio": 0.3823334367, "totalOtherIncomeExpensesNet": -128633000, "incomeBeforeTax": 211526000, "incomeBeforeTaxRatio": 0.2377519411, "incomeTaxExpense": -13017000, "netIncome": 224543000, "netIncomeRatio": 0.2523828471, "eps": 1.04, "epsdiluted": 1.04, "weightedAverageShsOut": 215550000, "weightedAverageShsOutDil": 215931000, "link": "https://www.sec.gov/Archives/edgar/data/78128/000007812820000005/0000078128-20-000005-index.htm", "finalLink": "https://www.sec.gov/Archives/edgar/data/78128/000007812820000005/wtrg-20191231x10k.htm", "calculatedOtherExpenses": 210622000, "calculatedOperatingExpenses": 216431000, "calculatedNetInterest": -99977000, "calculatedOtherIncome": -28656000, "calculatedIncomeNonControlling": 0, "calculatedEbitda": 518560000}, {"date": "2018-12-31", "symbol": "WTRG", "reportedCurrency": "USD", "cik": "0000078128", "fillingDate": "2019-02-26", "acceptedDate": "2019-02-26 12:29:14", "calendarYear": "2018", "period": "FY", "revenue": 838091000, "costOfRevenue": 308478000, "grossProfit": 529613000, "grossProfitRatio": 0.6319277978, "researchAndDevelopmentExpenses": 0, "generalAndAdministrativeExpenses": 0, "sellingAndMarketingExpenses": 0, "sellingGeneralAndAdministrativeExpenses": 7831000, "otherExpenses": -1996000, "operatingExpenses": 206435000, "costAndExpenses": 514913000, "interestIncome": 0, "interestExpense": 98902000, "depreciationAndAmortization": 146673000, "ebitda": 469936000, "ebitdaratio": 0.5607219264, "operatingIncome": 323178000, "operatingIncomeRatio": 0.3856120636, "totalOtherIncomeExpensesNet": -45957000, "incomeBeforeTax": 178319000, "incomeBeforeTaxRatio": 0.2127680646, "incomeTaxExpense": -13669000, "netIncome": 191988000, "netIncomeRatio": 0.2290777493, "eps": 1.08, "epsdiluted": 1.08, "weightedAverageShsOut": 177904000, "weightedAverageShsOutDil": 178399000, "link": "https://www.sec.gov/Archives/edgar/data/78128/000007812819000002/0000078128-19-000002-index.htm", "finalLink": "https://www.sec.gov/Archives/edgar/data/78128/000007812819000002/wtr-20181231x10k.htm", "calculatedOtherExpenses": 198604000, "calculatedOperatingExpenses": 206435000, "calculatedNetInterest": -98902000, "calculatedOtherIncome": -45957000, "calculatedIncomeNonControlling": 0, "calculatedEbitda": 469851000}, {"date": "2017-12-31", "symbol": "WTRG", "reportedCurrency": "USD", "cik": "0000078128", "fillingDate": "2018-02-28", "acceptedDate": "2018-02-28 15:57:03", "calendarYear": "2017", "period": "FY", "revenue": 809525000, "costOfRevenue": 287206000, "grossProfit": 522319000, "grossProfitRatio": 0.6452166394, "researchAndDevelopmentExpenses": 0, "generalAndAdministrativeExpenses": 0, "sellingAndMarketingExpenses": 0, "sellingGeneralAndAdministrativeExpenses": 4953000, "otherExpenses": 193352000, "operatingExpenses": 193352000, "costAndExpenses": 480558000, "interestIncome": 0, "interestExpense": 88341000, "depreciationAndAmortization": 136724000, "ebitda": 466022000, "ebitdaratio": 0.5756733887, "operatingIncome": 328967000, "operatingIncomeRatio": 0.4063704024, "totalOtherIncomeExpensesNet": 16026000, "incomeBeforeTax": 256652000, "incomeBeforeTaxRatio": 0.3170402396, "incomeTaxExpense": 16914000, "netIncome": 239738000, "netIncomeRatio": 0.2961465057, "eps": 1.35, "epsdiluted": 1.35, "weightedAverageShsOut": 177612000, "weightedAverageShsOutDil": 178175000, "link": "https://www.sec.gov/Archives/edgar/data/78128/000007812818000003/0000078128-18-000003-index.htm", "finalLink": "https://www.sec.gov/Archives/edgar/data/78128/000007812818000003/wtr-20171231x10k.htm", "calculatedOtherExpenses": 188399000, "calculatedOperatingExpenses": 193352000, "calculatedNetInterest": -88341000, "calculatedOtherIncome": 16026000, "calculatedIncomeNonControlling": 0, "calculatedEbitda": 465691000}, {"date": "2016-12-31", "symbol": "WTRG", "reportedCurrency": "USD", "cik": "0000078128", "fillingDate": "2017-02-24", "acceptedDate": "2017-02-24 16:01:48", "calendarYear": "2016", "period": "FY", "revenue": 819875000, "costOfRevenue": 304897000, "grossProfit": 514978000, "grossProfitRatio": 0.6281177009, "researchAndDevelopmentExpenses": 0, "generalAndAdministrativeExpenses": 0, "sellingAndMarketingExpenses": 0, "sellingGeneralAndAdministrativeExpenses": 0, "otherExpenses": 189393000, "operatingExpenses": 189393000, "costAndExpenses": 494290000, "interestIncome": 0, "interestExpense": 80594000, "depreciationAndAmortization": 133008000, "ebitda": 459569000, "ebitdaratio": 0.5605354475, "operatingIncome": 325585000, "operatingIncomeRatio": 0.3971154139, "totalOtherIncomeExpensesNet": 10169000, "incomeBeforeTax": 255160000, "incomeBeforeTaxRatio": 0.3112181735, "incomeTaxExpense": 20978000, "netIncome": 234182000, "netIncomeRatio": 0.2856313462, "eps": 1.32, "epsdiluted": 1.32, "weightedAverageShsOut": 177273000, "weightedAverageShsOutDil": 177846000, "link": "https://www.sec.gov/Archives/edgar/data/78128/000007812817000002/0000078128-17-000002-index.htm", "finalLink": "https://www.sec.gov/Archives/edgar/data/78128/000007812817000002/wtr-20161231x10k.htm", "calculatedOtherExpenses": 189393000, "calculatedOperatingExpenses": 189393000, "calculatedNetInterest": -80594000, "calculatedOtherIncome": 10169000, "calculatedIncomeNonControlling": 0, "calculatedEbitda": 458593000}, {"date": "2015-12-31", "symbol": "WTRG", "reportedCurrency": "USD", "cik": "0000078128", "fillingDate": "2016-02-26", "acceptedDate": "2016-02-26 12:45:15", "calendarYear": "2015", "period": "FY", "revenue": 814204000, "costOfRevenue": 309310000, "grossProfit": 504894000, "grossProfitRatio": 0.6201074915, "researchAndDevelopmentExpenses": 0, "generalAndAdministrativeExpenses": 0, "sellingAndMarketingExpenses": 0, "sellingGeneralAndAdministrativeExpenses": 0, "otherExpenses": 183794000, "operatingExpenses": 183794000, "costAndExpenses": 493104000, "interestIncome": 0, "interestExpense": 76536000, "depreciationAndAmortization": 128737000, "ebitda": 414660000, "ebitdaratio": 0.5092826859, "operatingIncome": 321100000, "operatingIncomeRatio": 0.394372909, "totalOtherIncomeExpensesNet": -27812000, "incomeBeforeTax": 216752000, "incomeBeforeTaxRatio": 0.2662133814, "incomeTaxExpense": 14962000, "netIncome": 201790000, "netIncomeRatio": 0.2478371514, "eps": 1.14, "epsdiluted": 1.14, "weightedAverageShsOut": 176788000, "weightedAverageShsOutDil": 177517000, "link": "https://www.sec.gov/Archives/edgar/data/78128/000156276216000347/0001562762-16-000347-index.htm", "finalLink": "https://www.sec.gov/Archives/edgar/data/78128/000156276216000347/wtr-20151231x10k.htm", "calculatedOtherExpenses": 183794000, "calculatedOperatingExpenses": 183794000, "calculatedNetInterest": -76536000, "calculatedOtherIncome": -27812000, "calculatedIncomeNonControlling": 0, "calculatedEbitda": 449837000}, {"date": "2014-12-31", "symbol": "WTRG", "reportedCurrency": "USD", "cik": "0000078128", "fillingDate": "2015-02-27", "acceptedDate": "2015-02-27 15:59:00", "calendarYear": "2014", "period": "FY", "revenue": 779903000, "costOfRevenue": 288556000, "grossProfit": 491347000, "grossProfitRatio": 0.6300103987, "researchAndDevelopmentExpenses": 0, "generalAndAdministrativeExpenses": 0, "sellingAndMarketingExpenses": 0, "sellingGeneralAndAdministrativeExpenses": 0, "otherExpenses": 176988000, "operatingExpenses": 176988000, "costAndExpenses": 465544000, "interestIncome": 0, "interestExpense": 76397000, "depreciationAndAmortization": 126535000, "ebitda": 436905000, "ebitdaratio": 0.5602042818, "operatingIncome": 314359000, "operatingIncomeRatio": 0.4030744849, "totalOtherIncomeExpensesNet": 1141000, "incomeBeforeTax": 239103000, "incomeBeforeTaxRatio": 0.3065804337, "incomeTaxExpense": 25219000, "netIncome": 233239000, "netIncomeRatio": 0.29906155, "eps": 1.32, "epsdiluted": 1.31, "weightedAverageShsOut": 176864000, "weightedAverageShsOutDil": 177763000, "link": "https://www.sec.gov/Archives/edgar/data/78128/000007812815000003/0000078128-15-000003-index.htm", "finalLink": "https://www.sec.gov/Archives/edgar/data/78128/000007812815000003/wtr-20141231x10k.htm", "calculatedOtherExpenses": 176988000, "calculatedOperatingExpenses": 176988000, "calculatedNetInterest": -76397000, "calculatedOtherIncome": 1141000, "calculatedIncomeNonControlling": -19355000, "calculatedEbitda": 440894000}, {"date": "2013-12-31", "symbol": "WTRG", "reportedCurrency": "USD", "cik": "0000078128", "fillingDate": "2014-03-03", "acceptedDate": "2014-03-03 16:14:42", "calendarYear": "2013", "period": "FY", "revenue": 768643000, "costOfRevenue": 285340000, "grossProfit": 483303000, "grossProfitRatio": 0.6287743465, "researchAndDevelopmentExpenses": 0, "generalAndAdministrativeExpenses": 0, "sellingAndMarketingExpenses": 0, "sellingGeneralAndAdministrativeExpenses": 0, "otherExpenses": 178061000, "operatingExpenses": 178061000, "costAndExpenses": 463401000, "interestIncome": 0, "interestExpense": 77316000, "depreciationAndAmortization": 124793000, "ebitda": 427370000, "ebitdaratio": 0.5560058441, "operatingIncome": 305242000, "operatingIncomeRatio": 0.3971180379, "totalOtherIncomeExpensesNet": -243000, "incomeBeforeTax": 227683000, "incomeBeforeTaxRatio": 0.2962142373, "incomeTaxExpense": 22690000, "netIncome": 221300000, "netIncomeRatio": 0.287909992, "eps": 1.26, "epsdiluted": 1.25, "weightedAverageShsOut": 176140000, "weightedAverageShsOutDil": 176814000, "link": "https://www.sec.gov/Archives/edgar/data/78128/000119312514080172/0001193125-14-080172-index.htm", "finalLink": "https://www.sec.gov/Archives/edgar/data/78128/000119312514080172/d684476d10k.htm", "calculatedOtherExpenses": 178061000, "calculatedOperatingExpenses": 178061000, "calculatedNetInterest": -77316000, "calculatedOtherIncome": -243000, "calculatedIncomeNonControlling": -16307000, "calculatedEbitda": 430035000}, {"date": "2012-12-31", "symbol": "WTRG", "reportedCurrency": "USD", "cik": "0000078128", "fillingDate": "2013-02-28", "acceptedDate": "2013-02-28 17:19:19", "calendarYear": "2012", "period": "FY", "revenue": 757760000, "costOfRevenue": 271843000, "grossProfit": 485917000, "grossProfitRatio": 0.6412544869, "researchAndDevelopmentExpenses": 0, "generalAndAdministrativeExpenses": 0, "sellingAndMarketingExpenses": 0, "sellingGeneralAndAdministrativeExpenses": 0, "otherExpenses": 164400000, "operatingExpenses": 164400000, "costAndExpenses": 436243000, "interestIncome": 0, "interestExpense": 77757000, "depreciationAndAmortization": 116996000, "ebitda": 440489000, "ebitdaratio": 0.5813041068, "operatingIncome": 321517000, "operatingIncomeRatio": 0.4242992504, "totalOtherIncomeExpensesNet": 7208000, "incomeBeforeTax": 250968000, "incomeBeforeTaxRatio": 0.3311972128, "incomeTaxExpense": 66881000, "netIncome": 196563000, "netIncomeRatio": 0.2594000739, "eps": 1.13, "epsdiluted": 1.12, "weightedAverageShsOut": 174201250, "weightedAverageShsOutDil": 174917500, "link": "https://www.sec.gov/Archives/edgar/data/78128/000119312513084841/0001193125-13-084841-index.htm", "finalLink": "https://www.sec.gov/Archives/edgar/data/78128/000119312513084841/d493762d10k.htm", "calculatedOtherExpenses": 164400000, "calculatedOperatingExpenses": 164400000, "calculatedNetInterest": -77757000, "calculatedOtherIncome": 7208000, "calculatedIncomeNonControlling": -12476000, "calculatedEbitda": 438513000}, {"date": "2011-12-31", "symbol": "WTRG", "reportedCurrency": "USD", "cik": "0000078128", "fillingDate": "2012-02-27", "acceptedDate": "2012-02-27 17:26:27", "calendarYear": "2011", "period": "FY", "revenue": 711956000, "costOfRevenue": 0, "grossProfit": 711956000, "grossProfitRatio": 1, "researchAndDevelopmentExpenses": 0, "generalAndAdministrativeExpenses": 0, "sellingAndMarketingExpenses": 0, "sellingGeneralAndAdministrativeExpenses": 0, "otherExpenses": 426146000, "operatingExpenses": 426146000, "costAndExpenses": 426146000, "interestIncome": 0, "interestExpense": 77802000, "depreciationAndAmortization": 111942000, "ebitda": 397752000, "ebitdaratio": 0.5586749743, "operatingIncome": 285810000, "operatingIncomeRatio": 0.4014433476, "totalOtherIncomeExpensesNet": 7845000, "incomeBeforeTax": 215853000, "incomeBeforeTaxRatio": 0.3031830619, "incomeTaxExpense": 71091000, "netIncome": 143069000, "netIncomeRatio": 0.2009520251, "eps": 0.83, "epsdiluted": 0.83, "weightedAverageShsOut": 172727000, "weightedAverageShsOutDil": 173361000, "link": "https://www.sec.gov/Archives/edgar/data/78128/000119312512082050/0001193125-12-082050-index.htm", "finalLink": "https://www.sec.gov/Archives/edgar/data/78128/000119312512082050/d306445d10k.htm", "calculatedOtherExpenses": 426146000, "calculatedOperatingExpenses": 426146000, "calculatedNetInterest": -77802000, "calculatedOtherIncome": 7845000, "calculatedIncomeNonControlling": 1693000, "calculatedEbitda": 397752000}, {"date": "2010-12-31", "symbol": "WTRG", "reportedCurrency": "USD", "cik": "0000078128", "fillingDate": "2011-02-25", "acceptedDate": "2011-02-25 16:59:56", "calendarYear": "2010", "period": "FY", "revenue": 726072000, "costOfRevenue": 0, "grossProfit": 726072000, "grossProfitRatio": 1, "researchAndDevelopmentExpenses": 0, "generalAndAdministrativeExpenses": 0, "sellingAndMarketingExpenses": 0, "sellingGeneralAndAdministrativeExpenses": 0, "otherExpenses": 453996000, "operatingExpenses": 453996000, "costAndExpenses": 453996000, "interestIncome": 0, "interestExpense": 75652000, "depreciationAndAmortization": 121067000, "ebitda": 393143000, "ebitdaratio": 0.5414655847, "operatingIncome": 272076000, "operatingIncomeRatio": 0.374723168, "totalOtherIncomeExpensesNet": 7645000, "incomeBeforeTax": 204069000, "incomeBeforeTaxRatio": 0.2810589032, "incomeTaxExpense": 80094000, "netIncome": 123975000, "netIncomeRatio": 0.1707475292, "eps": 0.73, "epsdiluted": 0.72, "weightedAverageShsOut": 171185000, "weightedAverageShsOutDil": 171620000, "link": "https://www.sec.gov/Archives/edgar/data/78128/000095012311018861/0000950123-11-018861-index.htm", "finalLink": "https://www.sec.gov/Archives/edgar/data/78128/000095012311018861/c13147e10vk.htm", "calculatedOtherExpenses": 453996000, "calculatedOperatingExpenses": 453996000, "calculatedNetInterest": -75652000, "calculatedOtherIncome": 7645000, "calculatedIncomeNonControlling": 0, "calculatedEbitda": 393143000}, {"date": "2009-12-31", "symbol": "WTRG", "reportedCurrency": "USD", "cik": "0000078128", "fillingDate": "2010-02-26", "acceptedDate": "2010-02-26 14:31:35", "calendarYear": "2009", "period": "FY", "revenue": 670539000, "costOfRevenue": 0, "grossProfit": 670539000, "grossProfitRatio": 1, "researchAndDevelopmentExpenses": 0, "generalAndAdministrativeExpenses": 0, "sellingAndMarketingExpenses": 0, "sellingGeneralAndAdministrativeExpenses": 0, "otherExpenses": 433080000, "operatingExpenses": 433080000, "costAndExpenses": 433080000, "interestIncome": 0, "interestExpense": 68607000, "depreciationAndAmortization": 114939000, "ebitda": 352398000, "ebitdaratio": 0.5255443755, "operatingIncome": 237459000, "operatingIncomeRatio": 0.354131527, "totalOtherIncomeExpensesNet": 3343000, "incomeBeforeTax": 172195000, "incomeBeforeTaxRatio": 0.2568008721, "incomeTaxExpense": 67842000, "netIncome": 104353000, "netIncomeRatio": 0.155625549, "eps": 0.62, "epsdiluted": 0.62, "weightedAverageShsOut": 169770000, "weightedAverageShsOutDil": 170161250, "link": "https://www.sec.gov/Archives/edgar/data/78128/000095012310017964/0000950123-10-017964-index.htm", "finalLink": "https://www.sec.gov/Archives/edgar/data/78128/000095012310017964/c96764e10vk.htm", "calculatedOtherExpenses": 433080000, "calculatedOperatingExpenses": 433080000, "calculatedNetInterest": -68607000, "calculatedOtherIncome": 3343000, "calculatedIncomeNonControlling": 0, "calculatedEbitda": 352398000}, {"date": "2008-12-31", "symbol": "WTRG", "reportedCurrency": "USD", "cik": "0000078128", "fillingDate": "2009-02-27", "acceptedDate": "2009-02-27 17:01:11", "calendarYear": "2008", "period": "FY", "revenue": 626972000, "costOfRevenue": 0, "grossProfit": 626972000, "grossProfitRatio": 1, "researchAndDevelopmentExpenses": 0, "generalAndAdministrativeExpenses": 0, "sellingAndMarketingExpenses": 0, "sellingGeneralAndAdministrativeExpenses": 0, "otherExpenses": 401171000, "operatingExpenses": 401171000, "costAndExpenses": 401171000, "interestIncome": 0, "interestExpense": 61700000, "depreciationAndAmortization": 94300000, "ebitda": 318502000, "ebitdaratio": 0.5080003573, "operatingIncome": 225801000, "operatingIncomeRatio": 0.3601452696, "totalOtherIncomeExpensesNet": 1599000, "incomeBeforeTax": 162502000, "incomeBeforeTaxRatio": 0.2591854182, "incomeTaxExpense": 64584000, "netIncome": 97918000, "netIncomeRatio": 0.1561760334, "eps": 0.58, "epsdiluted": 0.58, "weightedAverageShsOut": 167877500, "weightedAverageShsOutDil": 168381250, "link": "https://www.sec.gov/Archives/edgar/data/78128/000136231009002971/0001362310-09-002971-index.htm", "finalLink": "https://www.sec.gov/Archives/edgar/data/78128/000136231009002971/c81660e10vk.htm", "calculatedOtherExpenses": 401171000, "calculatedOperatingExpenses": 401171000, "calculatedNetInterest": -61700000, "calculatedOtherIncome": -1599000, "calculatedIncomeNonControlling": 0, "calculatedEbitda": 320101000}, {"date": "2007-12-31", "symbol": "WTRG", "reportedCurrency": "USD", "cik": "0000078128", "fillingDate": "2008-02-27", "acceptedDate": "2008-02-27 16:21:38", "calendarYear": "2007", "period": "FY", "revenue": 602499000, "costOfRevenue": 0, "grossProfit": 602499000, "grossProfitRatio": 1, "researchAndDevelopmentExpenses": 0, "generalAndAdministrativeExpenses": 0, "sellingAndMarketingExpenses": 0, "sellingGeneralAndAdministrativeExpenses": 0, "otherExpenses": 386483000, "operatingExpenses": 386483000, "costAndExpenses": 386483000, "interestIncome": 0, "interestExpense": 56980000, "depreciationAndAmortization": 88011000, "ebitda": 300533000, "ebitdaratio": 0.4988107864, "operatingIncome": 216016000, "operatingIncomeRatio": 0.3585333752, "totalOtherIncomeExpensesNet": 3494000, "incomeBeforeTax": 155542000, "incomeBeforeTaxRatio": 0.2581614243, "incomeTaxExpense": 60528000, "netIncome": 95014000, "netIncomeRatio": 0.1576998468, "eps": 0.58, "epsdiluted": 0.57, "weightedAverageShsOut": 166017500, "weightedAverageShsOutDil": 167002500, "link": "https://www.sec.gov/Archives/edgar/data/78128/000136231008001150/0001362310-08-001150-index.htm", "finalLink": "https://www.sec.gov/Archives/edgar/data/78128/000136231008001150/c72540e10vk.htm", "calculatedOtherExpenses": 386483000, "calculatedOperatingExpenses": 386483000, "calculatedNetInterest": -56980000, "calculatedOtherIncome": -3494000, "calculatedIncomeNonControlling": 0, "calculatedEbitda": 304027000}, {"date": "2006-12-31", "symbol": "WTRG", "reportedCurrency": "USD", "cik": "0000078128", "fillingDate": "2007-02-28", "acceptedDate": "2007-02-28 10:53:52", "calendarYear": "2006", "period": "FY", "revenue": 533491000, "costOfRevenue": 0, "grossProfit": 533491000, "grossProfitRatio": 1, "researchAndDevelopmentExpenses": 0, "generalAndAdministrativeExpenses": 0, "sellingAndMarketingExpenses": 0, "sellingGeneralAndAdministrativeExpenses": 0, "otherExpenses": 327944000, "operatingExpenses": 327944000, "costAndExpenses": 327944000, "interestIncome": 0, "interestExpense": 58432000, "depreciationAndAmortization": 75041000, "ebitda": 279394000, "ebitdaratio": 0.5237089285, "operatingIncome": 205547000, "operatingIncomeRatio": 0.3852867246, "totalOtherIncomeExpensesNet": 1194000, "incomeBeforeTax": 152250000, "incomeBeforeTaxRatio": 0.2853843832, "incomeTaxExpense": 60246000, "netIncome": 92004000, "netIncomeRatio": 0.1724565175, "eps": 0.56, "epsdiluted": 0.56, "weightedAverageShsOut": 163406250, "weightedAverageShsOutDil": 164717500, "link": "https://www.sec.gov/Archives/edgar/data/78128/000136231007000195/0001362310-07-000195-index.htm", "finalLink": "https://www.sec.gov/Archives/edgar/data/78128/000136231007000195/c70231e10vk.htm", "calculatedOtherExpenses": 327944000, "calculatedOperatingExpenses": 327944000, "calculatedNetInterest": -58432000, "calculatedOtherIncome": 5135000, "calculatedIncomeNonControlling": 0, "calculatedEbitda": 280588000}, {"date": "2005-12-31", "symbol": "WTRG", "reportedCurrency": "USD", "cik": "0000078128", "fillingDate": "2006-03-14", "acceptedDate": "2006-03-14 17:25:48", "calendarYear": "2005", "period": "FY", "revenue": 496779000, "costOfRevenue": 0, "grossProfit": 496779000, "grossProfitRatio": 1, "researchAndDevelopmentExpenses": 0, "generalAndAdministrativeExpenses": 0, "sellingAndMarketingExpenses": 0, "sellingGeneralAndAdministrativeExpenses": 0, "otherExpenses": 300272000, "operatingExpenses": 300272000, "costAndExpenses": 300272000, "interestIncome": 0, "interestExpense": 52062000, "depreciationAndAmortization": 65488000, "ebitda": 260818000, "ebitdaratio": 0.525018167, "operatingIncome": 196507000, "operatingIncomeRatio": 0.3955622118, "totalOtherIncomeExpensesNet": 1177000, "incomeBeforeTax": 148069000, "incomeBeforeTaxRatio": 0.2980580902, "incomeTaxExpense": 56913000, "netIncome": 91156000, "netIncomeRatio": 0.1834940688, "eps": 0.58, "epsdiluted": 0.57, "weightedAverageShsOut": 159205000, "weightedAverageShsOutDil": 161507500, "link": "https://www.sec.gov/Archives/edgar/data/78128/000095011606000785/0000950116-06-000785-index.htm", "finalLink": "https://www.sec.gov/Archives/edgar/data/78128/000095011606000785/ten-k.txt", "calculatedOtherExpenses": 300272000, "calculatedOperatingExpenses": 300272000, "calculatedNetInterest": -52062000, "calculatedOtherIncome": 3624000, "calculatedIncomeNonControlling": 0, "calculatedEbitda": 261995000}, {"date": "2004-12-31", "symbol": "WTRG", "reportedCurrency": "USD", "cik": "0000078128", "fillingDate": "2005-03-15", "acceptedDate": "2005-03-15 14:32:38", "calendarYear": "2004", "period": "FY", "revenue": 442039000, "costOfRevenue": 0, "grossProfit": 442039000, "grossProfitRatio": 1, "researchAndDevelopmentExpenses": 0, "generalAndAdministrativeExpenses": 0, "sellingAndMarketingExpenses": 0, "sellingGeneralAndAdministrativeExpenses": 0, "otherExpenses": 264805000, "operatingExpenses": 264805000, "costAndExpenses": 264805000, "interestIncome": 0, "interestExpense": 43831000, "depreciationAndAmortization": 58864000, "ebitda": 234826000, "ebitdaratio": 0.5312336694, "operatingIncome": 177234000, "operatingIncomeRatio": 0.4009465228, "totalOtherIncomeExpensesNet": 1272000, "incomeBeforeTax": 132131000, "incomeBeforeTaxRatio": 0.2989125394, "incomeTaxExpense": 52124000, "netIncome": 80007000, "netIncomeRatio": 0.180995342, "eps": 0.51, "epsdiluted": 0.51, "weightedAverageShsOut": 155411250, "weightedAverageShsOutDil": 157137500, "link": "https://www.sec.gov/Archives/edgar/data/78128/000095011605001011/0000950116-05-001011-index.htm", "finalLink": "https://www.sec.gov/Archives/edgar/data/78128/000095011605001011/ten-k.txt", "calculatedOtherExpenses": 264805000, "calculatedOperatingExpenses": 264805000, "calculatedNetInterest": -43831000, "calculatedOtherIncome": -1272000, "calculatedIncomeNonControlling": 0, "calculatedEbitda": 236098000}, {"date": "2003-12-31", "symbol": "WTRG", "reportedCurrency": "USD", "cik": "0000078128", "fillingDate": "2004-03-15", "acceptedDate": "2004-03-15 11:36:04", "calendarYear": "2003", "period": "FY", "revenue": 367233000, "costOfRevenue": 0, "grossProfit": 367233000, "grossProfitRatio": 1, "researchAndDevelopmentExpenses": 0, "generalAndAdministrativeExpenses": 0, "sellingAndMarketingExpenses": 0, "sellingGeneralAndAdministrativeExpenses": 0, "otherExpenses": 213672000, "operatingExpenses": 213672000, "costAndExpenses": 213672000, "interestIncome": 0, "interestExpense": 44662000, "depreciationAndAmortization": 51463000, "ebitda": 199332000, "ebitdaratio": 0.5427943567, "operatingIncome": 153561000, "operatingIncomeRatio": 0.418156865, "totalOtherIncomeExpensesNet": 5692000, "incomeBeforeTax": 116718000, "incomeBeforeTaxRatio": 0.3178309139, "incomeTaxExpense": 45923000, "netIncome": 70903000, "netIncomeRatio": 0.1930736072, "eps": 0.48, "epsdiluted": 0.47, "weightedAverageShsOut": 147121321, "weightedAverageShsOutDil": 148736281, "link": "https://www.sec.gov/Archives/edgar/data/78128/000095011604000827/0000950116-04-000827-index.htm", "finalLink": "https://www.sec.gov/Archives/edgar/data/78128/000095011604000827/ten-k.txt", "calculatedOtherExpenses": 213672000, "calculatedOperatingExpenses": 213672000, "calculatedNetInterest": -44662000, "calculatedOtherIncome": 7819000, "calculatedIncomeNonControlling": -108000, "calculatedEbitda": 205024000}, {"date": "2002-12-31", "symbol": "WTRG", "reportedCurrency": "USD", "cik": "0000078128", "fillingDate": "2003-03-27", "acceptedDate": "2003-03-27 13:10:22", "calendarYear": "2002", "period": "FY", "revenue": 322028000, "costOfRevenue": 0, "grossProfit": 322028000, "grossProfitRatio": 1, "researchAndDevelopmentExpenses": 0, "generalAndAdministrativeExpenses": 0, "sellingAndMarketingExpenses": 0, "sellingGeneralAndAdministrativeExpenses": 0, "otherExpenses": 175848000, "operatingExpenses": 175848000, "costAndExpenses": 175848000, "interestIncome": 0, "interestExpense": 34849000, "depreciationAndAmortization": 44322000, "ebitda": 188423000, "ebitdaratio": 0.5851137168, "operatingIncome": 146180000, "operatingIncomeRatio": 0.4539356826, "totalOtherIncomeExpensesNet": 2079000, "incomeBeforeTax": 109252000, "incomeBeforeTaxRatio": 0.3392624244, "incomeTaxExpense": 42046000, "netIncome": 67206000, "netIncomeRatio": 0.2086961382, "eps": 0.47, "epsdiluted": 0.47, "weightedAverageShsOut": 142786430, "weightedAverageShsOutDil": 144226394, "link": "https://www.sec.gov/Archives/edgar/data/78128/000095011603002089/0000950116-03-002089-index.htm", "finalLink": "https://www.sec.gov/Archives/edgar/data/78128/000095011603002089/ten-k.txt", "calculatedOtherExpenses": 175848000, "calculatedOperatingExpenses": 175848000, "calculatedNetInterest": -34849000, "calculatedOtherIncome": -2079000, "calculatedIncomeNonControlling": 0, "calculatedEbitda": 190502000}, {"date": "2001-12-31", "symbol": "WTRG", "reportedCurrency": "USD", "cik": "0000078128", "fillingDate": "2002-03-20", "acceptedDate": "2002-03-20 00:00:00", "calendarYear": "2001", "period": "FY", "revenue": 307280000, "costOfRevenue": 0, "grossProfit": 307280000, "grossProfitRatio": 1, "researchAndDevelopmentExpenses": 0, "generalAndAdministrativeExpenses": 0, "sellingAndMarketingExpenses": 0, "sellingGeneralAndAdministrativeExpenses": 0, "otherExpenses": 172940000, "operatingExpenses": 172940000, "costAndExpenses": 172940000, "interestIncome": 0, "interestExpense": 31869000, "depreciationAndAmortization": 40168000, "ebitda": 171124000, "ebitdaratio": 0.556899245, "operatingIncome": 134340000, "operatingIncomeRatio": 0.4371908357, "totalOtherIncomeExpensesNet": 3384000, "incomeBeforeTax": 99087000, "incomeBeforeTaxRatio": 0.3224648529, "incomeTaxExpense": 38976000, "netIncome": 60111000, "netIncomeRatio": 0.1956228847, "eps": 0.42, "epsdiluted": 0.42, "weightedAverageShsOut": 141398548, "weightedAverageShsOutDil": 143236002, "link": "https://www.sec.gov/Archives/edgar/data/78128/000095011602000393/0000950116-02-000393-index.htm", "finalLink": "https://www.sec.gov/Archives/edgar/data/78128/000095011602000393/tenk.txt", "calculatedOtherExpenses": 172940000, "calculatedOperatingExpenses": 172940000, "calculatedNetInterest": -31869000, "calculatedOtherIncome": -3384000, "calculatedIncomeNonControlling": 0, "calculatedEbitda": 174508000}, {"date": "2000-12-31", "symbol": "WTRG", "reportedCurrency": "USD", "cik": "0000078128", "fillingDate": "2001-03-30", "acceptedDate": "2001-03-30 00:00:00", "calendarYear": "2000", "period": "FY", "revenue": 275538000, "costOfRevenue": 0, "grossProfit": 275538000, "grossProfitRatio": 1, "researchAndDevelopmentExpenses": 0, "generalAndAdministrativeExpenses": 0, "sellingAndMarketingExpenses": 0, "sellingGeneralAndAdministrativeExpenses": 0, "otherExpenses": 150768000, "operatingExpenses": 150768000, "costAndExpenses": 150768000, "interestIncome": 0, "interestExpense": 40360000, "depreciationAndAmortization": 34100000, "ebitda": 156182000, "ebitdaratio": 0.5668256284, "operatingIncome": 124770000, "operatingIncomeRatio": 0.4528232041, "totalOtherIncomeExpensesNet": 2688000, "incomeBeforeTax": 86995000, "incomeBeforeTaxRatio": 0.3157277762, "incomeTaxExpense": 34105000, "netIncome": 52890000, "netIncomeRatio": 0.1919517453, "eps": 0.39, "epsdiluted": 0.39, "weightedAverageShsOut": 134911210, "weightedAverageShsOutDil": 136275759, "link": "https://www.sec.gov/Archives/edgar/data/78128/000095011601000531/0000950116-01-000531-index.htm", "finalLink": "https://www.sec.gov/Archives/edgar/data/78128/000095011601000531/0000950116-01-000531-0001.txt", "calculatedOtherExpenses": 150768000, "calculatedOperatingExpenses": 150768000, "calculatedNetInterest": -40360000, "calculatedOtherIncome": 2585000, "calculatedIncomeNonControlling": 0, "calculatedEbitda": 158870000}, {"date": "1999-12-31", "symbol": "WTRG", "reportedCurrency": "USD", "cik": "0000078128", "fillingDate": "2000-03-29", "acceptedDate": "2000-03-29 00:00:00", "calendarYear": "1999", "period": "FY", "revenue": 257300000, "costOfRevenue": 0, "grossProfit": 257300000, "grossProfitRatio": 1, "researchAndDevelopmentExpenses": 0, "generalAndAdministrativeExpenses": 0, "sellingAndMarketingExpenses": 0, "sellingGeneralAndAdministrativeExpenses": 0, "otherExpenses": 162600000, "operatingExpenses": 162600000, "costAndExpenses": 162600000, "interestIncome": 0, "interestExpense": 31900000, "depreciationAndAmortization": -31900000, "ebitda": 124600000, "ebitdaratio": 0.4842596191, "operatingIncome": 94700000, "operatingIncomeRatio": 0.3680528566, "totalOtherIncomeExpensesNet": 2000000, "incomeBeforeTax": 62800000, "incomeBeforeTaxRatio": 0.2440730665, "incomeTaxExpense": 26500000, "netIncome": 36300000, "netIncomeRatio": 0.1410804508, "eps": 0.27, "epsdiluted": 0.27, "weightedAverageShsOut": 133017507, "weightedAverageShsOutDil": 134452367, "link": "https://www.sec.gov/Archives/edgar/data/78128/000095011600000661/0000950116-00-000661-index.html", "finalLink": "https://www.sec.gov/Archives/edgar/data/78128/000095011600000661/", "calculatedOtherExpenses": 162600000, "calculatedOperatingExpenses": 162600000, "calculatedNetInterest": -31900000, "calculatedOtherIncome": 0, "calculatedIncomeNonControlling": 0, "calculatedEbitda": 62800000}, {"date": "1998-12-31", "symbol": "WTRG", "reportedCurrency": "USD", "cik": "0000078128", "fillingDate": "1999-03-30", "acceptedDate": "1999-03-30 00:00:00", "calendarYear": "1998", "period": "FY", "revenue": 151000000, "costOfRevenue": 0, "grossProfit": 151000000, "grossProfitRatio": 1, "researchAndDevelopmentExpenses": 0, "generalAndAdministrativeExpenses": 0, "sellingAndMarketingExpenses": 0, "sellingGeneralAndAdministrativeExpenses": 0, "otherExpenses": 84300000, "operatingExpenses": 84300000, "costAndExpenses": 84300000, "interestIncome": 0, "interestExpense": 18300000, "depreciationAndAmortization": -18300000, "ebitda": 82100000, "ebitdaratio": 0.5437086093, "operatingIncome": 66700000, "operatingIncomeRatio": 0.4417218543, "totalOtherIncomeExpensesNet": 700000, "incomeBeforeTax": 48400000, "incomeBeforeTaxRatio": 0.3205298013, "incomeTaxExpense": 19600000, "netIncome": 28800000, "netIncomeRatio": 0.1907284768, "eps": 0.34, "epsdiluted": 0.34, "weightedAverageShsOut": 131383434, "weightedAverageShsOutDil": 132984956, "link": "https://www.sec.gov/Archives/edgar/data/78128/000095011699000568/0000950116-99-000568-index.html", "finalLink": "https://www.sec.gov/Archives/edgar/data/78128/", "calculatedOtherExpenses": 84300000, "calculatedOperatingExpenses": 84300000, "calculatedNetInterest": -18300000, "calculatedOtherIncome": 0, "calculatedIncomeNonControlling": 0, "calculatedEbitda": 48400000}, {"date": "1997-12-31", "symbol": "WTRG", "reportedCurrency": "USD", "cik": "0000078128", "fillingDate": "1998-03-23", "acceptedDate": "1998-03-23 00:00:00", "calendarYear": "1997", "period": "FY", "revenue": 136200000, "costOfRevenue": 0, "grossProfit": 136200000, "grossProfitRatio": 1, "researchAndDevelopmentExpenses": 0, "generalAndAdministrativeExpenses": 0, "sellingAndMarketingExpenses": 0, "sellingGeneralAndAdministrativeExpenses": 0, "otherExpenses": 79400000, "operatingExpenses": 79400000, "costAndExpenses": 79400000, "interestIncome": 0, "interestExpense": 17700000, "depreciationAndAmortization": -17700000, "ebitda": 70900000, "ebitdaratio": 0.5205580029, "operatingIncome": 56800000, "operatingIncomeRatio": 0.4170337739, "totalOtherIncomeExpensesNet": 500000, "incomeBeforeTax": 39100000, "incomeBeforeTaxRatio": 0.2870778267, "incomeTaxExpense": 15900000, "netIncome": 23200000, "netIncomeRatio": 0.1703377386, "eps": 0.26, "epsdiluted": 0.25, "weightedAverageShsOut": 84876543, "weightedAverageShsOutDil": 84876543, "link": "https://www.sec.gov/Archives/edgar/data/78128/000095011698000646/0000950116-98-000646-index.html", "finalLink": "https://www.sec.gov/Archives/edgar/data/78128/", "calculatedOtherExpenses": 79400000, "calculatedOperatingExpenses": 79400000, "calculatedNetInterest": -17700000, "calculatedOtherIncome": 0, "calculatedIncomeNonControlling": 0, "calculatedEbitda": 39100000}, {"date": "1996-12-31", "symbol": "WTRG", "reportedCurrency": "USD", "cik": "0000078128", "fillingDate": "1996-12-31", "acceptedDate": "1996-12-30 19:00:00", "calendarYear": "1996", "period": "FY", "revenue": 122500000, "costOfRevenue": 0, "grossProfit": 122500000, "grossProfitRatio": 1, "researchAndDevelopmentExpenses": 0, "generalAndAdministrativeExpenses": 0, "sellingAndMarketingExpenses": 0, "sellingGeneralAndAdministrativeExpenses": 0, "otherExpenses": 73200000, "operatingExpenses": 73200000, "costAndExpenses": 73200000, "interestIncome": 0, "interestExpense": 14500000, "depreciationAndAmortization": -14500000, "ebitda": 62300000, "ebitdaratio": 0.5085714286, "operatingIncome": 49300000, "operatingIncomeRatio": 0.4024489796, "totalOtherIncomeExpensesNet": 300000, "incomeBeforeTax": 33800000, "incomeBeforeTaxRatio": 0.2759183673, "incomeTaxExpense": 14000000, "netIncome": 20800000, "netIncomeRatio": 0.1697959184, "eps": 0.25, "epsdiluted": 0.25, "weightedAverageShsOut": 82070707, "weightedAverageShsOutDil": 83333333, "link": "", "finalLink": "", "calculatedOtherExpenses": 73200000, "calculatedOperatingExpenses": 73200000, "calculatedNetInterest": -14500000, "calculatedOtherIncome": -1000000, "calculatedIncomeNonControlling": -1000000, "calculatedEbitda": 34800000}, {"date": "1995-12-31", "symbol": "WTRG", "reportedCurrency": "USD", "cik": "0000078128", "fillingDate": "1996-03-26", "acceptedDate": "1996-03-26 00:00:00", "calendarYear": "1995", "period": "FY", "revenue": 117000000, "costOfRevenue": 0, "grossProfit": 117000000, "grossProfitRatio": 1, "researchAndDevelopmentExpenses": 0, "generalAndAdministrativeExpenses": 0, "sellingAndMarketingExpenses": 0, "sellingGeneralAndAdministrativeExpenses": 0, "otherExpenses": 71000000, "operatingExpenses": 71000000, "costAndExpenses": 71000000, "interestIncome": 0, "interestExpense": 14700000, "depreciationAndAmortization": -14700000, "ebitda": 57300000, "ebitdaratio": 0.4897435897, "operatingIncome": 46000000, "operatingIncomeRatio": 0.3931623932, "totalOtherIncomeExpensesNet": 300000, "incomeBeforeTax": 30900000, "incomeBeforeTaxRatio": 0.2641025641, "incomeTaxExpense": 12900000, "netIncome": 18400000, "netIncomeRatio": 0.1572649573, "eps": 0.24, "epsdiluted": 0.24, "weightedAverageShsOut": 77284946, "weightedAverageShsOutDil": 77284946, "link": "https://www.sec.gov/Archives/edgar/data/78128/000095011696000162/0000950116-96-000162-index.html", "finalLink": "https://www.sec.gov/Archives/edgar/data/78128/", "calculatedOtherExpenses": 71000000, "calculatedOperatingExpenses": 71000000, "calculatedNetInterest": -14700000, "calculatedOtherIncome": -400000, "calculatedIncomeNonControlling": -400000, "calculatedEbitda": 31300000}, {"date": "1994-12-31", "symbol": "WTRG", "reportedCurrency": "USD", "cik": "0000078128", "fillingDate": "1995-03-15", "acceptedDate": "1995-03-15 00:00:00", "calendarYear": "1994", "period": "FY", "revenue": 108600000, "costOfRevenue": 0, "grossProfit": 108600000, "grossProfitRatio": 1, "researchAndDevelopmentExpenses": 0, "generalAndAdministrativeExpenses": 0, "sellingAndMarketingExpenses": 0, "sellingGeneralAndAdministrativeExpenses": 0, "otherExpenses": 67800000, "operatingExpenses": 67800000, "costAndExpenses": 67800000, "interestIncome": 0, "interestExpense": 13600000, "depreciationAndAmortization": -13600000, "ebitda": 51000000, "ebitdaratio": 0.4696132597, "operatingIncome": 40800000, "operatingIncomeRatio": 0.3756906077, "totalOtherIncomeExpensesNet": 100000, "incomeBeforeTax": 27200000, "incomeBeforeTaxRatio": 0.2504604052, "incomeTaxExpense": 11600000, "netIncome": 15600000, "netIncomeRatio": 0.1436464088, "eps": 0.21, "epsdiluted": 0.21, "weightedAverageShsOut": 75231481, "weightedAverageShsOutDil": 75231481, "link": "https://www.sec.gov/Archives/edgar/data/78128/000095011695000049/0000950116-95-000049-index.html", "finalLink": "https://www.sec.gov/Archives/edgar/data/78128/", "calculatedOtherExpenses": 67800000, "calculatedOperatingExpenses": 67800000, "calculatedNetInterest": -13600000, "calculatedOtherIncome": 0, "calculatedIncomeNonControlling": 0, "calculatedEbitda": 27200000}, {"date": "1993-12-31", "symbol": "WTRG", "reportedCurrency": "USD", "cik": "0000078128", "fillingDate": "1994-03-30", "acceptedDate": "1994-03-30 00:00:00", "calendarYear": "1993", "period": "FY", "revenue": 101200000, "costOfRevenue": 0, "grossProfit": 101200000, "grossProfitRatio": 1, "researchAndDevelopmentExpenses": 0, "generalAndAdministrativeExpenses": 0, "sellingAndMarketingExpenses": 0, "sellingGeneralAndAdministrativeExpenses": 0, "otherExpenses": 0, "operatingExpenses": 0, "costAndExpenses": 0, "interestIncome": 0, "interestExpense": 0, "depreciationAndAmortization": -87400000, "ebitda": 101200000, "ebitdaratio": 1, "operatingIncome": 101200000, "operatingIncomeRatio": 1, "totalOtherIncomeExpensesNet": 0, "incomeBeforeTax": 0, "incomeBeforeTaxRatio": 0, "incomeTaxExpense": 87400000, "netIncome": 13800000, "netIncomeRatio": 0.1363636364, "eps": 0.2, "epsdiluted": 0.2, "weightedAverageShsOut": 65870098, "weightedAverageShsOutDil": 65870098, "link": "https://www.sec.gov/Archives/edgar/data/78128/000095011594000069/0000950115-94-000069-index.html", "finalLink": "https://www.sec.gov/Archives/edgar/data/78128/", "calculatedOtherExpenses": 0, "calculatedOperatingExpenses": 0, "calculatedNetInterest": 0, "calculatedOtherIncome": -101200000, "calculatedIncomeNonControlling": -101200000, "calculatedEbitda": 13800000}, {"date": "1992-12-31", "symbol": "WTRG", "reportedCurrency": "USD", "cik": "0000078128", "fillingDate": "1992-12-31", "acceptedDate": "1992-12-30 19:00:00", "calendarYear": "1992", "period": "FY", "revenue": 93300000, "costOfRevenue": 0, "grossProfit": 93300000, "grossProfitRatio": 1, "researchAndDevelopmentExpenses": 0, "generalAndAdministrativeExpenses": 0, "sellingAndMarketingExpenses": 0, "sellingGeneralAndAdministrativeExpenses": 0, "otherExpenses": 0, "operatingExpenses": 0, "costAndExpenses": 0, "interestIncome": 0, "interestExpense": 0, "depreciationAndAmortization": -89000000, "ebitda": 93300000, "ebitdaratio": 1, "operatingIncome": 93300000, "operatingIncomeRatio": 1, "totalOtherIncomeExpensesNet": 0, "incomeBeforeTax": 0, "incomeBeforeTaxRatio": 0, "incomeTaxExpense": 89000000, "netIncome": 4300000, "netIncomeRatio": 0.0460878885, "eps": 0.0768, "epsdiluted": 0.0768, "weightedAverageShsOut": 52083333, "weightedAverageShsOutDil": 52083333, "link": "", "finalLink": "", "calculatedOtherExpenses": 0, "calculatedOperatingExpenses": 0, "calculatedNetInterest": 0, "calculatedOtherIncome": -93300000, "calculatedIncomeNonControlling": -93300000, "calculatedEbitda": 4300000}, {"date": "1991-12-31", "symbol": "WTRG", "reportedCurrency": "USD", "cik": "0000078128", "fillingDate": "1991-12-31", "acceptedDate": "1991-12-30 19:00:00", "calendarYear": "1991", "period": "FY", "revenue": 88600000, "costOfRevenue": 0, "grossProfit": 88600000, "grossProfitRatio": 1, "researchAndDevelopmentExpenses": 0, "generalAndAdministrativeExpenses": 0, "sellingAndMarketingExpenses": 0, "sellingGeneralAndAdministrativeExpenses": 0, "otherExpenses": 0, "operatingExpenses": 0, "costAndExpenses": 0, "interestIncome": 0, "interestExpense": 0, "depreciationAndAmortization": -83700000, "ebitda": 88600000, "ebitdaratio": 1, "operatingIncome": 88600000, "operatingIncomeRatio": 1, "totalOtherIncomeExpensesNet": 0, "incomeBeforeTax": 0, "incomeBeforeTaxRatio": 0, "incomeTaxExpense": 83700000, "netIncome": 4900000, "netIncomeRatio": 0.0553047404, "eps": 0.096, "epsdiluted": 0.096, "weightedAverageShsOut": 51041667, "weightedAverageShsOutDil": 51041667, "link": "", "finalLink": "", "calculatedOtherExpenses": 0, "calculatedOperatingExpenses": 0, "calculatedNetInterest": 0, "calculatedOtherIncome": -88600000, "calculatedIncomeNonControlling": -88600000, "calculatedEbitda": 4900000}, {"date": "1990-12-31", "symbol": "WTRG", "reportedCurrency": "USD", "cik": "0000078128", "fillingDate": "1990-12-31", "acceptedDate": "1990-12-30 19:00:00", "calendarYear": "1990", "period": "FY", "revenue": 82300000, "costOfRevenue": 0, "grossProfit": 82300000, "grossProfitRatio": 1, "researchAndDevelopmentExpenses": 0, "generalAndAdministrativeExpenses": 0, "sellingAndMarketingExpenses": 0, "sellingGeneralAndAdministrativeExpenses": 0, "otherExpenses": 0, "operatingExpenses": 0, "costAndExpenses": 0, "interestIncome": 0, "interestExpense": 0, "depreciationAndAmortization": -78200000, "ebitda": 82300000, "ebitdaratio": 1, "operatingIncome": 82300000, "operatingIncomeRatio": 1, "totalOtherIncomeExpensesNet": 0, "incomeBeforeTax": 0, "incomeBeforeTaxRatio": 0, "incomeTaxExpense": 78200000, "netIncome": 4100000, "netIncomeRatio": 0.04981774, "eps": 0.0806, "epsdiluted": 0.0806, "weightedAverageShsOut": 50843254, "weightedAverageShsOutDil": 50843254, "link": "", "finalLink": "", "calculatedOtherExpenses": 0, "calculatedOperatingExpenses": 0, "calculatedNetInterest": 0, "calculatedOtherIncome": -82300000, "calculatedIncomeNonControlling": -82300000, "calculatedEbitda": 4100000}, {"date": "1989-12-31", "symbol": "WTRG", "reportedCurrency": "USD", "cik": "0000078128", "fillingDate": "1989-12-31", "acceptedDate": "1989-12-30 19:00:00", "calendarYear": "1989", "period": "FY", "revenue": 133500000, "costOfRevenue": 0, "grossProfit": 133500000, "grossProfitRatio": 1, "researchAndDevelopmentExpenses": 0, "generalAndAdministrativeExpenses": 0, "sellingAndMarketingExpenses": 0, "sellingGeneralAndAdministrativeExpenses": 0, "otherExpenses": 0, "operatingExpenses": 0, "costAndExpenses": 0, "interestIncome": 0, "interestExpense": 0, "depreciationAndAmortization": -125700000, "ebitda": 133500000, "ebitdaratio": 1, "operatingIncome": 133500000, "operatingIncomeRatio": 1, "totalOtherIncomeExpensesNet": 0, "incomeBeforeTax": 0, "incomeBeforeTaxRatio": 0, "incomeTaxExpense": 125700000, "netIncome": 7800000, "netIncomeRatio": 0.0584269663, "eps": 0.16, "epsdiluted": 0.16, "weightedAverageShsOut": 48363095, "weightedAverageShsOutDil": 48363095, "link": "", "finalLink": "", "calculatedOtherExpenses": 0, "calculatedOperatingExpenses": 0, "calculatedNetInterest": 0, "calculatedOtherIncome": -133500000, "calculatedIncomeNonControlling": -133500000, "calculatedEbitda": 7800000}, {"date": "1988-12-31", "symbol": "WTRG", "reportedCurrency": "USD", "cik": "0000078128", "fillingDate": "1988-12-31", "acceptedDate": "1988-12-30 19:00:00", "calendarYear": "1988", "period": "FY", "revenue": 125900000, "costOfRevenue": 0, "grossProfit": 125900000, "grossProfitRatio": 1, "researchAndDevelopmentExpenses": 0, "generalAndAdministrativeExpenses": 0, "sellingAndMarketingExpenses": 0, "sellingGeneralAndAdministrativeExpenses": 0, "otherExpenses": 0, "operatingExpenses": 0, "costAndExpenses": 0, "interestIncome": 0, "interestExpense": 0, "depreciationAndAmortization": -117400000, "ebitda": 125900000, "ebitdaratio": 1, "operatingIncome": 125900000, "operatingIncomeRatio": 1, "totalOtherIncomeExpensesNet": 0, "incomeBeforeTax": 0, "incomeBeforeTaxRatio": 0, "incomeTaxExpense": 117400000, "netIncome": 8500000, "netIncomeRatio": 0.0675138999, "eps": 0.18, "epsdiluted": 0.18, "weightedAverageShsOut": 47096631, "weightedAverageShsOutDil": 47096631, "link": "", "finalLink": "", "calculatedOtherExpenses": 0, "calculatedOperatingExpenses": 0, "calculatedNetInterest": 0, "calculatedOtherIncome": -125900000, "calculatedIncomeNonControlling": -125900000, "calculatedEbitda": 8500000}, {"date": "1987-12-31", "symbol": "WTRG", "reportedCurrency": "USD", "cik": "0000078128", "fillingDate": "1987-12-31", "acceptedDate": "1987-12-30 19:00:00", "calendarYear": "1987", "period": "FY", "revenue": 103900000, "costOfRevenue": 0, "grossProfit": 103900000, "grossProfitRatio": 1, "researchAndDevelopmentExpenses": 0, "generalAndAdministrativeExpenses": 0, "sellingAndMarketingExpenses": 0, "sellingGeneralAndAdministrativeExpenses": 0, "otherExpenses": 0, "operatingExpenses": 0, "costAndExpenses": 0, "interestIncome": 0, "interestExpense": 0, "depreciationAndAmortization": -95800000, "ebitda": 103900000, "ebitdaratio": 1, "operatingIncome": 103900000, "operatingIncomeRatio": 1, "totalOtherIncomeExpensesNet": 0, "incomeBeforeTax": 0, "incomeBeforeTaxRatio": 0, "incomeTaxExpense": 95800000, "netIncome": 8100000, "netIncomeRatio": 0.0779595765, "eps": 0.17, "epsdiluted": 0.17, "weightedAverageShsOut": 46875000, "weightedAverageShsOutDil": 46875000, "link": "", "finalLink": "", "calculatedOtherExpenses": 0, "calculatedOperatingExpenses": 0, "calculatedNetInterest": 0, "calculatedOtherIncome": -103900000, "calculatedIncomeNonControlling": -103900000, "calculatedEbitda": 8100000}, {"date": "1986-12-31", "symbol": "WTRG", "reportedCurrency": "USD", "cik": "0000078128", "fillingDate": "1986-12-31", "acceptedDate": "1986-12-30 19:00:00", "calendarYear": "1986", "period": "FY", "revenue": 95900000, "costOfRevenue": 0, "grossProfit": 95900000, "grossProfitRatio": 1, "researchAndDevelopmentExpenses": 0, "generalAndAdministrativeExpenses": 0, "sellingAndMarketingExpenses": 0, "sellingGeneralAndAdministrativeExpenses": 0, "otherExpenses": 0, "operatingExpenses": 0, "costAndExpenses": 0, "interestIncome": 0, "interestExpense": 0, "depreciationAndAmortization": -87400000, "ebitda": 95900000, "ebitdaratio": 1, "operatingIncome": 95900000, "operatingIncomeRatio": 1, "totalOtherIncomeExpensesNet": 0, "incomeBeforeTax": 0, "incomeBeforeTaxRatio": 0, "incomeTaxExpense": 87400000, "netIncome": 8500000, "netIncomeRatio": 0.0886339937, "eps": 0.19, "epsdiluted": 0.19, "weightedAverageShsOut": 44270833, "weightedAverageShsOutDil": 44270833, "link": "", "finalLink": "", "calculatedOtherExpenses": 0, "calculatedOperatingExpenses": 0, "calculatedNetInterest": 0, "calculatedOtherIncome": -95900000, "calculatedIncomeNonControlling": -95900000, "calculatedEbitda": 8500000}, {"date": "1985-12-31", "symbol": "WTRG", "reportedCurrency": "USD", "cik": "0000078128", "fillingDate": "1985-12-31", "acceptedDate": "1985-12-30 19:00:00", "calendarYear": "1985", "period": "FY", "revenue": 82700000, "costOfRevenue": 0, "grossProfit": 82700000, "grossProfitRatio": 1, "researchAndDevelopmentExpenses": 0, "generalAndAdministrativeExpenses": 0, "sellingAndMarketingExpenses": 0, "sellingGeneralAndAdministrativeExpenses": 0, "otherExpenses": 0, "operatingExpenses": 0, "costAndExpenses": 0, "interestIncome": 0, "interestExpense": 0, "depreciationAndAmortization": -74900000, "ebitda": 82700000, "ebitdaratio": 1, "operatingIncome": 82700000, "operatingIncomeRatio": 1, "totalOtherIncomeExpensesNet": 0, "incomeBeforeTax": 0, "incomeBeforeTaxRatio": 0, "incomeTaxExpense": 74900000, "netIncome": 7800000, "netIncomeRatio": 0.0943168077, "eps": 0.18, "epsdiluted": 0.18, "weightedAverageShsOut": 44157609, "weightedAverageShsOutDil": 44157609, "link": "", "finalLink": "", "calculatedOtherExpenses": 0, "calculatedOperatingExpenses": 0, "calculatedNetInterest": 0, "calculatedOtherIncome": -82700000, "calculatedIncomeNonControlling": -82700000, "calculatedEbitda": 7800000}]}