{"originalCurrency": "USD", "convertedCurrency": "USD", "report": [{"date": "2023-12-31", "symbol": "WTS", "reportedCurrency": "USD", "cik": "0000795403", "fillingDate": "2024-02-21", "acceptedDate": "2024-02-21 17:18:17", "calendarYear": "2023", "period": "FY", "revenue": 2056300000, "costOfRevenue": 1095400000, "grossProfit": 960900000, "grossProfitRatio": 0.4672956281, "researchAndDevelopmentExpenses": 67099999, "generalAndAdministrativeExpenses": 533000000, "sellingAndMarketingExpenses": 71500000, "sellingGeneralAndAdministrativeExpenses": 604500000, "otherExpenses": -400000, "operatingExpenses": 604500000, "costAndExpenses": 1699900000, "interestIncome": 7200000, "interestExpense": 8199999, "depreciationAndAmortization": 43300000, "ebitda": 399700000, "ebitdaratio": 0.1943782522, "operatingIncome": 356400000, "operatingIncomeRatio": 0.1733210135, "totalOtherIncomeExpensesNet": -6900000, "incomeBeforeTax": 349500000, "incomeBeforeTaxRatio": 0.169965472, "incomeTaxExpense": 87400000, "netIncome": 262100000, "netIncomeRatio": 0.1274619462, "eps": 7.85, "epsdiluted": 7.82, "weightedAverageShsOut": 33400000, "weightedAverageShsOutDil": 33500000, "link": "https://www.sec.gov/Archives/edgar/data/795403/000155837024001444/0001558370-24-001444-index.htm", "finalLink": "https://www.sec.gov/Archives/edgar/data/795403/000155837024001444/wts-20231231x10k.htm", "calculatedOtherExpenses": -67099999, "calculatedOperatingExpenses": 604500000, "calculatedNetInterest": -999999, "calculatedOtherIncome": -5900001, "calculatedIncomeNonControlling": 0, "calculatedEbitda": 399700000}, {"date": "2022-12-31", "symbol": "WTS", "reportedCurrency": "USD", "cik": "0000795403", "fillingDate": "2023-02-21", "acceptedDate": "2023-02-21 12:59:47", "calendarYear": "2022", "period": "FY", "revenue": 1979500000, "costOfRevenue": 1105200000, "grossProfit": 874300000, "grossProfitRatio": 0.4416771912, "researchAndDevelopmentExpenses": 59400000, "generalAndAdministrativeExpenses": 477100000, "sellingAndMarketingExpenses": 73400000, "sellingGeneralAndAdministrativeExpenses": 550500000, "otherExpenses": -1000000, "operatingExpenses": 550500000, "costAndExpenses": 1655700000, "interestIncome": 600000, "interestExpense": 7000000, "depreciationAndAmortization": 48100000, "ebitda": 363100000, "ebitdaratio": 0.1834301591, "operatingIncome": 315000000, "operatingIncomeRatio": 0.1591310937, "totalOtherIncomeExpensesNet": -7400000, "incomeBeforeTax": 307600000, "incomeBeforeTaxRatio": 0.155392776, "incomeTaxExpense": 56100000, "netIncome": 251500000, "netIncomeRatio": 0.1270522859, "eps": 7.51, "epsdiluted": 7.49, "weightedAverageShsOut": 33500000, "weightedAverageShsOutDil": 33600000, "link": "https://www.sec.gov/Archives/edgar/data/795403/000155837023001614/0001558370-23-001614-index.htm", "finalLink": "https://www.sec.gov/Archives/edgar/data/795403/000155837023001614/wts-20221231x10k.htm", "calculatedOtherExpenses": -50600000, "calculatedOperatingExpenses": 559300000, "calculatedNetInterest": -6400000, "calculatedOtherIncome": -1000000, "calculatedIncomeNonControlling": 0, "calculatedEbitda": 363100000}, {"date": "2021-12-31", "symbol": "WTS", "reportedCurrency": "USD", "cik": "0000795403", "fillingDate": "2022-02-22", "acceptedDate": "2022-02-22 11:34:59", "calendarYear": "2021", "period": "FY", "revenue": 1809200000, "costOfRevenue": 1042100000, "grossProfit": 767100000, "grossProfitRatio": 0.4239995578, "researchAndDevelopmentExpenses": 45600000, "generalAndAdministrativeExpenses": 438800000, "sellingAndMarketingExpenses": 69400000, "sellingGeneralAndAdministrativeExpenses": 508200000, "otherExpenses": 800000, "operatingExpenses": 508200000, "costAndExpenses": 1550300000, "interestIncome": 6300000, "interestExpense": 6300000, "depreciationAndAmortization": 65200000, "ebitda": 304800000, "ebitdaratio": 0.1684722529, "operatingIncome": 239600000, "operatingIncomeRatio": 0.1324342251, "totalOtherIncomeExpensesNet": -5500000, "incomeBeforeTax": 234100000, "incomeBeforeTaxRatio": 0.1293942074, "incomeTaxExpense": 68400000, "netIncome": 165700000, "netIncomeRatio": 0.091587442, "eps": 4.9, "epsdiluted": 4.89, "weightedAverageShsOut": 33800000, "weightedAverageShsOutDil": 33900000, "link": "https://www.sec.gov/Archives/edgar/data/795403/000155837022001530/0001558370-22-001530-index.htm", "finalLink": "https://www.sec.gov/Archives/edgar/data/795403/000155837022001530/wts-20211231x10k.htm", "calculatedOtherExpenses": -26300000, "calculatedOperatingExpenses": 527500000, "calculatedNetInterest": 0, "calculatedOtherIncome": -5500000, "calculatedIncomeNonControlling": 0, "calculatedEbitda": 304800000}, {"date": "2020-12-31", "symbol": "WTS", "reportedCurrency": "USD", "cik": "0000795403", "fillingDate": "2021-02-18", "acceptedDate": "2021-02-18 12:20:58", "calendarYear": "2020", "period": "FY", "revenue": 1508600000, "costOfRevenue": 883200000, "grossProfit": 625400000, "grossProfitRatio": 0.4145565425, "researchAndDevelopmentExpenses": 42200000, "generalAndAdministrativeExpenses": 377400000, "sellingAndMarketingExpenses": 55000000, "sellingGeneralAndAdministrativeExpenses": 432400000, "otherExpenses": -1000000, "operatingExpenses": 432400000, "costAndExpenses": 1315600000, "interestIncome": 200000, "interestExpense": 13300000, "depreciationAndAmortization": 57600000, "ebitda": 238700000, "ebitdaratio": 0.15822617, "operatingIncome": 181100000, "operatingIncomeRatio": 0.1200450749, "totalOtherIncomeExpensesNet": -14100000, "incomeBeforeTax": 167000000, "incomeBeforeTaxRatio": 0.110698661, "incomeTaxExpense": 52700000, "netIncome": 114300000, "netIncomeRatio": 0.0757656105, "eps": 3.37, "epsdiluted": 3.36, "weightedAverageShsOut": 33900000, "weightedAverageShsOutDil": 34000000, "link": "https://www.sec.gov/Archives/edgar/data/795403/000155837021001199/0001558370-21-001199-index.htm", "finalLink": "https://www.sec.gov/Archives/edgar/data/795403/000155837021001199/wts-20201231x10k.htm", "calculatedOtherExpenses": -30300000, "calculatedOperatingExpenses": 444300000, "calculatedNetInterest": -13100000, "calculatedOtherIncome": -1000000, "calculatedIncomeNonControlling": 0, "calculatedEbitda": 238700000}, {"date": "2019-12-31", "symbol": "WTS", "reportedCurrency": "USD", "cik": "0000795403", "fillingDate": "2020-02-20", "acceptedDate": "2020-02-20 14:14:01", "calendarYear": "2019", "period": "FY", "revenue": 1600500000, "costOfRevenue": 923000000, "grossProfit": 677500000, "grossProfitRatio": 0.4233052171, "researchAndDevelopmentExpenses": 39600000, "generalAndAdministrativeExpenses": 418500000, "sellingAndMarketingExpenses": 57600000, "sellingGeneralAndAdministrativeExpenses": 476100000, "otherExpenses": 500000, "operatingExpenses": 476100000, "costAndExpenses": 1399100000, "interestIncome": 400000, "interestExpense": 14100000, "depreciationAndAmortization": 51800000, "ebitda": 248900000, "ebitdaratio": 0.1555139019, "operatingIncome": 197100000, "operatingIncomeRatio": 0.1231490159, "totalOtherIncomeExpensesNet": -13200000, "incomeBeforeTax": 183900000, "incomeBeforeTaxRatio": 0.1149015933, "incomeTaxExpense": 52400000, "netIncome": 131500000, "netIncomeRatio": 0.0821618244, "eps": 3.86, "epsdiluted": 3.85, "weightedAverageShsOut": 34100000, "weightedAverageShsOutDil": 34200000, "link": "https://www.sec.gov/Archives/edgar/data/795403/000155837020001062/0001558370-20-001062-index.htm", "finalLink": "https://www.sec.gov/Archives/edgar/data/795403/000155837020001062/wts-20191231x10k30b5fb.htm", "calculatedOtherExpenses": -35300000, "calculatedOperatingExpenses": 480400000, "calculatedNetInterest": -13700000, "calculatedOtherIncome": 500000, "calculatedIncomeNonControlling": 0, "calculatedEbitda": 248900000}, {"date": "2018-12-31", "symbol": "WTS", "reportedCurrency": "USD", "cik": "0000795403", "fillingDate": "2019-02-22", "acceptedDate": "2019-02-22 12:23:40", "calendarYear": "2018", "period": "FY", "revenue": 1564900000, "costOfRevenue": 908400000, "grossProfit": 656500000, "grossProfitRatio": 0.419515624, "researchAndDevelopmentExpenses": 34500000, "generalAndAdministrativeExpenses": 408400000, "sellingAndMarketingExpenses": 56300000, "sellingGeneralAndAdministrativeExpenses": 464700000, "otherExpenses": 1700000, "operatingExpenses": 464700000, "costAndExpenses": 1373100000, "interestIncome": 800000, "interestExpense": 16300000, "depreciationAndAmortization": 48500000, "ebitda": 242800000, "ebitdaratio": 0.1551536839, "operatingIncome": 188400000, "operatingIncomeRatio": 0.1203910793, "totalOtherIncomeExpensesNet": -1700000, "incomeBeforeTax": 174600000, "incomeBeforeTaxRatio": 0.1115726244, "incomeTaxExpense": 49800000, "netIncome": 124800000, "netIncomeRatio": 0.0797495048, "eps": 3.64, "epsdiluted": 3.64, "weightedAverageShsOut": 34300000, "weightedAverageShsOutDil": 34300000, "link": "https://www.sec.gov/Archives/edgar/data/795403/000155837019000893/0001558370-19-000893-index.htm", "finalLink": "https://www.sec.gov/Archives/edgar/data/795403/000155837019000893/wts-20181231x10k.htm", "calculatedOtherExpenses": -31100000, "calculatedOperatingExpenses": 468100000, "calculatedNetInterest": -15500000, "calculatedOtherIncome": 1700000, "calculatedIncomeNonControlling": 0, "calculatedEbitda": 236900000}, {"date": "2017-12-31", "symbol": "WTS", "reportedCurrency": "USD", "cik": "0000795403", "fillingDate": "2018-02-23", "acceptedDate": "2018-02-23 11:46:56", "calendarYear": "2017", "period": "FY", "revenue": 1456700000, "costOfRevenue": 854300000, "grossProfit": 602400000, "grossProfitRatio": 0.4135374477, "researchAndDevelopmentExpenses": 29000000, "generalAndAdministrativeExpenses": 380200000, "sellingAndMarketingExpenses": 52100000, "sellingGeneralAndAdministrativeExpenses": 432300000, "otherExpenses": -1100000, "operatingExpenses": 432300000, "costAndExpenses": 1286600000, "interestIncome": 1000000, "interestExpense": 19100000, "depreciationAndAmortization": 52200000, "ebitda": 222200000, "ebitdaratio": 0.1525365552, "operatingIncome": 162300000, "operatingIncomeRatio": 0.1114162147, "totalOtherIncomeExpensesNet": -8900000, "incomeBeforeTax": 143100000, "incomeBeforeTaxRatio": 0.0982357383, "incomeTaxExpense": 70000000, "netIncome": 73100000, "netIncomeRatio": 0.050181918, "eps": 2.12, "epsdiluted": 2.12, "weightedAverageShsOut": 34400000, "weightedAverageShsOutDil": 34400000, "link": "https://www.sec.gov/Archives/edgar/data/795403/000155837018001010/0001558370-18-001010-index.htm", "finalLink": "https://www.sec.gov/Archives/edgar/data/795403/000155837018001010/wts-20171231x10k.htm", "calculatedOtherExpenses": -21200000, "calculatedOperatingExpenses": 440100000, "calculatedNetInterest": -18100000, "calculatedOtherIncome": -1100000, "calculatedIncomeNonControlling": 0, "calculatedEbitda": 214500000}, {"date": "2016-12-31", "symbol": "WTS", "reportedCurrency": "USD", "cik": "0000795403", "fillingDate": "2017-02-24", "acceptedDate": "2017-02-24 12:59:10", "calendarYear": "2016", "period": "FY", "revenue": 1398400000, "costOfRevenue": 832800000, "grossProfit": 565600000, "grossProfitRatio": 0.4044622426, "researchAndDevelopmentExpenses": 26500000, "generalAndAdministrativeExpenses": 376200000, "sellingAndMarketingExpenses": 47900000, "sellingGeneralAndAdministrativeExpenses": 424100000, "otherExpenses": 4400000, "operatingExpenses": 424100000, "costAndExpenses": 1256900000, "interestIncome": 1000000, "interestExpense": 22600000, "depreciationAndAmortization": 51200000, "ebitda": 198100000, "ebitdaratio": 0.1416618993, "operatingIncome": 145000000, "operatingIncomeRatio": 0.1036899314, "totalOtherIncomeExpensesNet": 7900000, "incomeBeforeTax": 127800000, "incomeBeforeTaxRatio": 0.0913901602, "incomeTaxExpense": 43600000, "netIncome": 84200000, "netIncomeRatio": 0.0602116705, "eps": 2.45, "epsdiluted": 2.44, "weightedAverageShsOut": 34400000, "weightedAverageShsOutDil": 34500000, "link": "https://www.sec.gov/Archives/edgar/data/795403/000155837017000970/0001558370-17-000970-index.htm", "finalLink": "https://www.sec.gov/Archives/edgar/data/795403/000155837017000970/wts-20161231x10k.htm", "calculatedOtherExpenses": -30000000, "calculatedOperatingExpenses": 420600000, "calculatedNetInterest": -21600000, "calculatedOtherIncome": 4400000, "calculatedIncomeNonControlling": 0, "calculatedEbitda": 196200000}, {"date": "2015-12-31", "symbol": "WTS", "reportedCurrency": "USD", "cik": "0000795403", "fillingDate": "2016-02-29", "acceptedDate": "2016-02-29 06:59:11", "calendarYear": "2015", "period": "FY", "revenue": 1467700000, "costOfRevenue": 914600000, "grossProfit": 553100000, "grossProfitRatio": 0.3768481297, "researchAndDevelopmentExpenses": 23500000, "generalAndAdministrativeExpenses": 437800000, "sellingAndMarketingExpenses": 53500000, "sellingGeneralAndAdministrativeExpenses": 491300000, "otherExpenses": 2400000, "operatingExpenses": 491300000, "costAndExpenses": 1405900000, "interestIncome": 1000000, "interestExpense": 24300000, "depreciationAndAmortization": 52500000, "ebitda": 117700000, "ebitdaratio": 0.0801935, "operatingIncome": -90100000, "operatingIncomeRatio": -0.0613885671, "totalOtherIncomeExpensesNet": -149500000, "incomeBeforeTax": -111000000, "incomeBeforeTaxRatio": -0.0756285344, "incomeTaxExpense": 1900000, "netIncome": -112900000, "netIncomeRatio": -0.0769230769, "eps": -3.24, "epsdiluted": -3.23, "weightedAverageShsOut": 34845679, "weightedAverageShsOutDil": 34900000, "link": "https://www.sec.gov/Archives/edgar/data/795403/000104746916010540/0001047469-16-010540-index.htm", "finalLink": "https://www.sec.gov/Archives/edgar/data/795403/000104746916010540/a2227449z10-k.htm", "calculatedOtherExpenses": 128400000, "calculatedOperatingExpenses": 643200000, "calculatedNetInterest": -23300000, "calculatedOtherIncome": 2400000, "calculatedIncomeNonControlling": 0, "calculatedEbitda": -37600000}, {"date": "2014-12-31", "symbol": "WTS", "reportedCurrency": "USD", "cik": "0000795403", "fillingDate": "2015-02-26", "acceptedDate": "2015-02-26 16:45:34", "calendarYear": "2014", "period": "FY", "revenue": 1513700000, "costOfRevenue": 971900000, "grossProfit": 541800000, "grossProfitRatio": 0.3579308978, "researchAndDevelopmentExpenses": 22500000, "generalAndAdministrativeExpenses": 345200000, "sellingAndMarketingExpenses": 61800000, "sellingGeneralAndAdministrativeExpenses": 407000000, "otherExpenses": -3100000, "operatingExpenses": 407000000, "costAndExpenses": 1378900000, "interestIncome": 700000, "interestExpense": 19900000, "depreciationAndAmortization": 48100000, "ebitda": 180500000, "ebitdaratio": 0.119244236, "operatingIncome": 105400000, "operatingIncomeRatio": 0.0696307062, "totalOtherIncomeExpensesNet": -32500000, "incomeBeforeTax": 83100000, "incomeBeforeTaxRatio": 0.0548985929, "incomeTaxExpense": 32800000, "netIncome": 50300000, "netIncomeRatio": 0.0332298342, "eps": 1.42, "epsdiluted": 1.42, "weightedAverageShsOut": 35300000, "weightedAverageShsOutDil": 35400000, "link": "https://www.sec.gov/Archives/edgar/data/795403/000104746915001296/0001047469-15-001296-index.htm", "finalLink": "https://www.sec.gov/Archives/edgar/data/795403/000104746915001296/a2223227z10-k.htm", "calculatedOtherExpenses": 6900000, "calculatedOperatingExpenses": 436400000, "calculatedNetInterest": -19200000, "calculatedOtherIncome": -3100000, "calculatedIncomeNonControlling": 0, "calculatedEbitda": 153500000}, {"date": "2013-12-31", "symbol": "WTS", "reportedCurrency": "USD", "cik": "0000795403", "fillingDate": "2014-02-27", "acceptedDate": "2014-02-27 14:11:22", "calendarYear": "2013", "period": "FY", "revenue": 1473500000, "costOfRevenue": 947000000, "grossProfit": 526500000, "grossProfitRatio": 0.3573125212, "researchAndDevelopmentExpenses": 21500000, "generalAndAdministrativeExpenses": 0, "sellingAndMarketingExpenses": 0, "sellingGeneralAndAdministrativeExpenses": 405700000, "otherExpenses": -2800000, "operatingExpenses": 405700000, "costAndExpenses": 1352700000, "interestIncome": 600000, "interestExpense": 21500000, "depreciationAndAmortization": 48900000, "ebitda": 167500000, "ebitdaratio": 0.1136749237, "operatingIncome": 111500000, "operatingIncomeRatio": 0.0756701731, "totalOtherIncomeExpensesNet": -12100000, "incomeBeforeTax": 87800000, "incomeBeforeTaxRatio": 0.0595860197, "incomeTaxExpense": 26900000, "netIncome": 58600000, "netIncomeRatio": 0.0397692569, "eps": 1.65, "epsdiluted": 1.65, "weightedAverageShsOut": 35500000, "weightedAverageShsOutDil": 35600000, "link": "https://www.sec.gov/Archives/edgar/data/795403/000104746914001466/0001047469-14-001466-index.htm", "finalLink": "https://www.sec.gov/Archives/edgar/data/795403/000104746914001466/a2218544z10-k.htm", "calculatedOtherExpenses": -12200000, "calculatedOperatingExpenses": 415000000, "calculatedNetInterest": -20900000, "calculatedOtherIncome": -2800000, "calculatedIncomeNonControlling": 2300000, "calculatedEbitda": 160400000}, {"date": "2012-12-31", "symbol": "WTS", "reportedCurrency": "USD", "cik": "0000795403", "fillingDate": "2013-02-27", "acceptedDate": "2013-02-27 14:44:58", "calendarYear": "2012", "period": "FY", "revenue": 1445600000, "costOfRevenue": 928100000, "grossProfit": 517500000, "grossProfitRatio": 0.3579828445, "researchAndDevelopmentExpenses": 20400000, "generalAndAdministrativeExpenses": 0, "sellingAndMarketingExpenses": 0, "sellingGeneralAndAdministrativeExpenses": 384800000, "otherExpenses": 800000, "operatingExpenses": 384800000, "costAndExpenses": 1312900000, "interestIncome": 700000, "interestExpense": 24600000, "depreciationAndAmortization": 49400000, "ebitda": 183600000, "ebitdaratio": 0.1270060874, "operatingIncome": 123400000, "operatingIncomeRatio": 0.0853624792, "totalOtherIncomeExpensesNet": -8500000, "incomeBeforeTax": 100300000, "incomeBeforeTaxRatio": 0.0693829552, "incomeTaxExpense": 29700000, "netIncome": 68400000, "netIncomeRatio": 0.0473159934, "eps": 1.9, "epsdiluted": 1.9, "weightedAverageShsOut": 36000000, "weightedAverageShsOutDil": 36100000, "link": "https://www.sec.gov/Archives/edgar/data/795403/000104746913001806/0001047469-13-001806-index.htm", "finalLink": "https://www.sec.gov/Archives/edgar/data/795403/000104746913001806/a2213147z10-k.htm", "calculatedOtherExpenses": -11100000, "calculatedOperatingExpenses": 394100000, "calculatedNetInterest": -23900000, "calculatedOtherIncome": 800000, "calculatedIncomeNonControlling": 2200000, "calculatedEbitda": 172800000}, {"date": "2011-12-31", "symbol": "WTS", "reportedCurrency": "USD", "cik": "0000795403", "fillingDate": "2012-02-28", "acceptedDate": "2012-02-28 14:14:02", "calendarYear": "2011", "period": "FY", "revenue": 1436600000, "costOfRevenue": 921100000, "grossProfit": 515500000, "grossProfitRatio": 0.3588333565, "researchAndDevelopmentExpenses": 0, "generalAndAdministrativeExpenses": 0, "sellingAndMarketingExpenses": 0, "sellingGeneralAndAdministrativeExpenses": 379900000, "otherExpenses": -7700000, "operatingExpenses": 372200000, "costAndExpenses": 1293300000, "interestIncome": 1000000, "interestExpense": 25800000, "depreciationAndAmortization": 51400000, "ebitda": 195700000, "ebitdaratio": 0.1362244188, "operatingIncome": 117100000, "operatingIncomeRatio": 0.0815119031, "totalOtherIncomeExpensesNet": -27000000, "incomeBeforeTax": 91500000, "incomeBeforeTaxRatio": 0.0636920507, "incomeTaxExpense": 26800000, "netIncome": 66400000, "netIncomeRatio": 0.0462202422, "eps": 1.78, "epsdiluted": 1.78, "weightedAverageShsOut": 37300000, "weightedAverageShsOutDil": 37500000, "link": "https://www.sec.gov/Archives/edgar/data/795403/000104746912001733/0001047469-12-001733-index.htm", "finalLink": "https://www.sec.gov/Archives/edgar/data/795403/000104746912001733/a2207487z10-k.htm", "calculatedOtherExpenses": 18500000, "calculatedOperatingExpenses": 398400000, "calculatedNetInterest": -24800000, "calculatedOtherIncome": -800000, "calculatedIncomeNonControlling": -1700000, "calculatedEbitda": 168500000}, {"date": "2010-12-31", "symbol": "WTS", "reportedCurrency": "USD", "cik": "0000795403", "fillingDate": "2011-03-01", "acceptedDate": "2011-03-01 14:01:54", "calendarYear": "2010", "period": "FY", "revenue": 1274600000, "costOfRevenue": 809700000, "grossProfit": 464900000, "grossProfitRatio": 0.3647418798, "researchAndDevelopmentExpenses": 0, "generalAndAdministrativeExpenses": 0, "sellingAndMarketingExpenses": 0, "sellingGeneralAndAdministrativeExpenses": 336700000, "otherExpenses": 0, "operatingExpenses": 336700000, "costAndExpenses": 1146400000, "interestIncome": 1000000, "interestExpense": 22800000, "depreciationAndAmortization": 44800000, "ebitda": 174000000, "ebitdaratio": 0.136513416, "operatingIncome": 114200000, "operatingIncomeRatio": 0.0895967362, "totalOtherIncomeExpensesNet": -11900000, "incomeBeforeTax": 94500000, "incomeBeforeTaxRatio": 0.074140907, "incomeTaxExpense": 31400000, "netIncome": 58800000, "netIncomeRatio": 0.0461321199, "eps": 1.58, "epsdiluted": 1.57, "weightedAverageShsOut": 37300000, "weightedAverageShsOutDil": 37400000, "link": "https://www.sec.gov/Archives/edgar/data/795403/000104746911001609/0001047469-11-001609-index.htm", "finalLink": "https://www.sec.gov/Archives/edgar/data/795403/000104746911001609/a2202253z10-k.htm", "calculatedOtherExpenses": 14000000, "calculatedOperatingExpenses": 350700000, "calculatedNetInterest": -21800000, "calculatedOtherIncome": 2100000, "calculatedIncomeNonControlling": 4300000, "calculatedEbitda": 159000000}, {"date": "2009-12-31", "symbol": "WTS", "reportedCurrency": "USD", "cik": "0000795403", "fillingDate": "2010-03-01", "acceptedDate": "2010-03-01 15:17:12", "calendarYear": "2009", "period": "FY", "revenue": 1225900000, "costOfRevenue": 790800000, "grossProfit": 435100000, "grossProfitRatio": 0.3549229138, "researchAndDevelopmentExpenses": 0, "generalAndAdministrativeExpenses": 0, "sellingAndMarketingExpenses": 0, "sellingGeneralAndAdministrativeExpenses": 323500000, "otherExpenses": 0, "operatingExpenses": 323500000, "costAndExpenses": 1114300000, "interestIncome": 900000, "interestExpense": 22000000, "depreciationAndAmortization": 46800000, "ebitda": 159300000, "ebitdaratio": 0.1299453463, "operatingIncome": 93900000, "operatingIncomeRatio": 0.076596786, "totalOtherIncomeExpensesNet": -16500000, "incomeBeforeTax": 74000000, "incomeBeforeTaxRatio": 0.0603638143, "incomeTaxExpense": 31300000, "netIncome": 19100000, "netIncomeRatio": 0.0155803899, "eps": 0.47, "epsdiluted": 0.47, "weightedAverageShsOut": 37000000, "weightedAverageShsOutDil": 37100000, "link": "https://www.sec.gov/Archives/edgar/data/795403/000104746910001634/0001047469-10-001634-index.htm", "finalLink": "https://www.sec.gov/Archives/edgar/data/795403/000104746910001634/a2196844z10-k.htm", "calculatedOtherExpenses": 17700000, "calculatedOperatingExpenses": 341200000, "calculatedNetInterest": -21100000, "calculatedOtherIncome": 1200000, "calculatedIncomeNonControlling": 23600000, "calculatedEbitda": 140700000}, {"date": "2008-12-31", "symbol": "WTS", "reportedCurrency": "USD", "cik": "0000795403", "fillingDate": "2009-02-27", "acceptedDate": "2009-02-27 16:21:02", "calendarYear": "2008", "period": "FY", "revenue": 1459400000, "costOfRevenue": 971000000, "grossProfit": 488400000, "grossProfitRatio": 0.3346580787, "researchAndDevelopmentExpenses": 0, "generalAndAdministrativeExpenses": 0, "sellingAndMarketingExpenses": 0, "sellingGeneralAndAdministrativeExpenses": 360200000, "otherExpenses": 0, "operatingExpenses": 360200000, "costAndExpenses": 1331200000, "interestIncome": 5100000, "interestExpense": 26200000, "depreciationAndAmortization": 45100000, "ebitda": 133300000, "ebitdaratio": 0.0913389064, "operatingIncome": 122600000, "operatingIncomeRatio": 0.0840071262, "totalOtherIncomeExpensesNet": -12800000, "incomeBeforeTax": 94300000, "incomeBeforeTaxRatio": 0.0646155955, "incomeTaxExpense": 29700000, "netIncome": 63900000, "netIncomeRatio": 0.0437851172, "eps": 1.27, "epsdiluted": 1.26, "weightedAverageShsOut": 36600000, "weightedAverageShsOutDil": 36800000, "link": "https://www.sec.gov/Archives/edgar/data/795403/000104746909001986/0001047469-09-001986-index.htm", "finalLink": "https://www.sec.gov/Archives/edgar/data/795403/000104746909001986/a2190981z10-k.htm", "calculatedOtherExpenses": 5600000, "calculatedOperatingExpenses": 365800000, "calculatedNetInterest": -21100000, "calculatedOtherIncome": -7200000, "calculatedIncomeNonControlling": 700000, "calculatedEbitda": 167700000}, {"date": "2007-12-31", "symbol": "WTS", "reportedCurrency": "USD", "cik": "0000795403", "fillingDate": "2008-02-29", "acceptedDate": "2008-02-29 14:27:08", "calendarYear": "2007", "period": "FY", "revenue": 1382300000, "costOfRevenue": 920700000, "grossProfit": 461600000, "grossProfitRatio": 0.3339361933, "researchAndDevelopmentExpenses": 0, "generalAndAdministrativeExpenses": 0, "sellingAndMarketingExpenses": 0, "sellingGeneralAndAdministrativeExpenses": 332700000, "otherExpenses": 0, "operatingExpenses": 332700000, "costAndExpenses": 1253400000, "interestIncome": -14500000, "interestExpense": 20800000, "depreciationAndAmortization": 39400000, "ebitda": 173800000, "ebitdaratio": 0.1257324749, "operatingIncome": 125700000, "operatingIncomeRatio": 0.0909353975, "totalOtherIncomeExpensesNet": -5500000, "incomeBeforeTax": 113800000, "incomeBeforeTaxRatio": 0.0823265572, "incomeTaxExpense": 36200000, "netIncome": 77400000, "netIncomeRatio": 0.0559936338, "eps": 2, "epsdiluted": 1.99, "weightedAverageShsOut": 38600000, "weightedAverageShsOutDil": 39000000, "link": "https://www.sec.gov/Archives/edgar/data/795403/000104746908002029/0001047469-08-002029-index.htm", "finalLink": "https://www.sec.gov/Archives/edgar/data/795403/000104746908002029/a2182966z10-k.htm", "calculatedOtherExpenses": 3200000, "calculatedOperatingExpenses": 335900000, "calculatedNetInterest": -35300000, "calculatedOtherIncome": 23400000, "calculatedIncomeNonControlling": 200000, "calculatedEbitda": 165100000}, {"date": "2006-12-31", "symbol": "WTS", "reportedCurrency": "USD", "cik": "0000795403", "fillingDate": "2007-03-01", "acceptedDate": "2007-03-01 15:27:02", "calendarYear": "2006", "period": "FY", "revenue": 1230777000, "costOfRevenue": 805759000, "grossProfit": 425018000, "grossProfitRatio": 0.3453249451, "researchAndDevelopmentExpenses": 0, "generalAndAdministrativeExpenses": 0, "sellingAndMarketingExpenses": 0, "sellingGeneralAndAdministrativeExpenses": 300179000, "otherExpenses": 0, "operatingExpenses": 300179000, "costAndExpenses": 1105938000, "interestIncome": -5014000, "interestExpense": 5511000, "depreciationAndAmortization": 35291000, "ebitda": 153554000, "ebitdaratio": 0.1247618374, "operatingIncome": 130487000, "operatingIncomeRatio": 0.1060200182, "totalOtherIncomeExpensesNet": 6576000, "incomeBeforeTax": 116109000, "incomeBeforeTaxRatio": 0.094337967, "incomeTaxExpense": 39016000, "netIncome": 73736000, "netIncomeRatio": 0.0599101218, "eps": 2.21, "epsdiluted": 2.19, "weightedAverageShsOut": 33295000, "weightedAverageShsOutDil": 33671000, "link": "https://www.sec.gov/Archives/edgar/data/795403/000110465907015491/0001104659-07-015491-index.htm", "finalLink": "https://www.sec.gov/Archives/edgar/data/795403/000110465907015491/a07-5433_110k.htm", "calculatedOtherExpenses": -5648000, "calculatedOperatingExpenses": 294531000, "calculatedNetInterest": -10525000, "calculatedOtherIncome": -3853000, "calculatedIncomeNonControlling": 3357000, "calculatedEbitda": 165778000}, {"date": "2005-12-31", "symbol": "WTS", "reportedCurrency": "USD", "cik": "0000795403", "fillingDate": "2006-03-03", "acceptedDate": "2006-03-03 15:48:47", "calendarYear": "2005", "period": "FY", "revenue": 924346000, "costOfRevenue": 599644000, "grossProfit": 324702000, "grossProfitRatio": 0.3512775519, "researchAndDevelopmentExpenses": 0, "generalAndAdministrativeExpenses": 0, "sellingAndMarketingExpenses": 0, "sellingGeneralAndAdministrativeExpenses": 229418000, "otherExpenses": 0, "operatingExpenses": 229418000, "costAndExpenses": 829062000, "interestIncome": -1232000, "interestExpense": 9896000, "depreciationAndAmortization": 26118000, "ebitda": 121404000, "ebitdaratio": 0.1313404288, "operatingIncome": 94555000, "operatingIncomeRatio": 0.1022939462, "totalOtherIncomeExpensesNet": -2000, "incomeBeforeTax": 85811000, "incomeBeforeTaxRatio": 0.092834285, "incomeTaxExpense": 30791000, "netIncome": 54599000, "netIncomeRatio": 0.0590677084, "eps": 1.68, "epsdiluted": 1.66, "weightedAverageShsOut": 32500000, "weightedAverageShsOutDil": 33000000, "link": "https://www.sec.gov/Archives/edgar/data/795403/000110465906013915/0001104659-06-013915-index.htm", "finalLink": "https://www.sec.gov/Archives/edgar/data/795403/000110465906013915/a06-1978_110k.htm", "calculatedOtherExpenses": 729000, "calculatedOperatingExpenses": 230147000, "calculatedNetInterest": -11128000, "calculatedOtherIncome": 2384000, "calculatedIncomeNonControlling": 421000, "calculatedEbitda": 120673000}, {"date": "2004-12-31", "symbol": "WTS", "reportedCurrency": "USD", "cik": "0000795403", "fillingDate": "2005-03-16", "acceptedDate": "2005-03-16 10:21:48", "calendarYear": "2004", "period": "FY", "revenue": 824558000, "costOfRevenue": 533997000, "grossProfit": 290561000, "grossProfitRatio": 0.3523839439, "researchAndDevelopmentExpenses": 0, "generalAndAdministrativeExpenses": 0, "sellingAndMarketingExpenses": 0, "sellingGeneralAndAdministrativeExpenses": 206866000, "otherExpenses": 0, "operatingExpenses": 206866000, "costAndExpenses": 740863000, "interestIncome": -1135000, "interestExpense": 13332000, "depreciationAndAmortization": 28051000, "ebitda": 112137000, "ebitdaratio": 0.1359964975, "operatingIncome": 83600000, "operatingIncomeRatio": 0.1013876525, "totalOtherIncomeExpensesNet": -391000, "incomeBeforeTax": 77672000, "incomeBeforeTaxRatio": 0.0941983463, "incomeTaxExpense": 23934000, "netIncome": 46820000, "netIncomeRatio": 0.0567819365, "eps": 1.45, "epsdiluted": 1.43, "weightedAverageShsOut": 32276000, "weightedAverageShsOutDil": 32719000, "link": "https://www.sec.gov/Archives/edgar/data/795403/000110465905011292/0001104659-05-011292-index.htm", "finalLink": "https://www.sec.gov/Archives/edgar/data/795403/000110465905011292/a05-3959_110k.htm", "calculatedOtherExpenses": 95000, "calculatedOperatingExpenses": 206961000, "calculatedNetInterest": -14467000, "calculatedOtherIncome": 8539000, "calculatedIncomeNonControlling": 6918000, "calculatedEbitda": 111651000}, {"date": "2003-12-31", "symbol": "WTS", "reportedCurrency": "USD", "cik": "0000795403", "fillingDate": "2004-03-12", "acceptedDate": "2004-03-12 10:10:54", "calendarYear": "2003", "period": "FY", "revenue": 705651000, "costOfRevenue": 464990000, "grossProfit": 240661000, "grossProfitRatio": 0.3410481952, "researchAndDevelopmentExpenses": 0, "generalAndAdministrativeExpenses": 0, "sellingAndMarketingExpenses": 0, "sellingGeneralAndAdministrativeExpenses": 170195000, "otherExpenses": 0, "operatingExpenses": 170195000, "costAndExpenses": 635185000, "interestIncome": -1021000, "interestExpense": 15755000, "depreciationAndAmortization": 21284000, "ebitda": 92757000, "ebitdaratio": 0.1314488324, "operatingIncome": 70040000, "operatingIncomeRatio": 0.0992558644, "totalOtherIncomeExpensesNet": -1007000, "incomeBeforeTax": 58829000, "incomeBeforeTaxRatio": 0.0833684073, "incomeTaxExpense": 22356000, "netIncome": 33362000, "netIncomeRatio": 0.0472783288, "eps": 1.04, "epsdiluted": 1.04, "weightedAverageShsOut": 27196000, "weightedAverageShsOutDil": 27571901, "link": "https://www.sec.gov/Archives/edgar/data/795403/000104746904007603/0001047469-04-007603-index.htm", "finalLink": "https://www.sec.gov/Archives/edgar/data/795403/000104746904007603/a2129402z10-k.htm", "calculatedOtherExpenses": 426000, "calculatedOperatingExpenses": 170621000, "calculatedNetInterest": -16776000, "calculatedOtherIncome": 5565000, "calculatedIncomeNonControlling": 3111000, "calculatedEbitda": 91324000}, {"date": "2002-12-31", "symbol": "WTS", "reportedCurrency": "USD", "cik": "0000795403", "fillingDate": "2003-03-26", "acceptedDate": "2003-03-26 15:37:34", "calendarYear": "2002", "period": "FY", "revenue": 615526000, "costOfRevenue": 406806000, "grossProfit": 208720000, "grossProfitRatio": 0.3390920936, "researchAndDevelopmentExpenses": 0, "generalAndAdministrativeExpenses": 0, "sellingAndMarketingExpenses": 0, "sellingGeneralAndAdministrativeExpenses": 150553000, "otherExpenses": 198086000, "operatingExpenses": 348639000, "costAndExpenses": 755445000, "interestIncome": -992000, "interestExpense": -189888000, "depreciationAndAmortization": 22294000, "ebitda": -117376000, "ebitdaratio": -0.1906921885, "operatingIncome": 57529000, "operatingIncomeRatio": 0.0934631518, "totalOtherIncomeExpensesNet": -249000, "incomeBeforeTax": 50218000, "incomeBeforeTaxRatio": 0.0815855057, "incomeTaxExpense": 17596000, "netIncome": 32622000, "netIncomeRatio": 0.0529985736, "eps": 1.22, "epsdiluted": 1.21, "weightedAverageShsOut": 26718000, "weightedAverageShsOutDil": 27056000, "link": "https://www.sec.gov/Archives/edgar/data/795403/000104746903010319/0001047469-03-010319-index.htm", "finalLink": "https://www.sec.gov/Archives/edgar/data/795403/000104746903010319/a2106164z10-k.htm", "calculatedOtherExpenses": 638000, "calculatedOperatingExpenses": 151191000, "calculatedNetInterest": 188896000, "calculatedOtherIncome": -196207000, "calculatedIncomeNonControlling": 0, "calculatedEbitda": 79823000}, {"date": "2001-12-31", "symbol": "WTS", "reportedCurrency": "USD", "cik": "0000795403", "fillingDate": "2002-03-14", "acceptedDate": "2002-03-14 00:00:00", "calendarYear": "2001", "period": "FY", "revenue": 548940000, "costOfRevenue": 365408000, "grossProfit": 183532000, "grossProfitRatio": 0.3343389077, "researchAndDevelopmentExpenses": 0, "generalAndAdministrativeExpenses": 0, "sellingAndMarketingExpenses": 0, "sellingGeneralAndAdministrativeExpenses": 131795000, "otherExpenses": 0, "operatingExpenses": 131795000, "costAndExpenses": 497203000, "interestIncome": 0, "interestExpense": 14401000, "depreciationAndAmortization": 23675000, "ebitda": 78244000, "ebitdaratio": 0.1425365249, "operatingIncome": 50283000, "operatingIncomeRatio": 0.0916001749, "totalOtherIncomeExpensesNet": -2832000, "incomeBeforeTax": 40168000, "incomeBeforeTaxRatio": 0.0731737531, "incomeTaxExpense": 13612000, "netIncome": 26556000, "netIncomeRatio": 0.0483768718, "eps": 1, "epsdiluted": 0.99, "weightedAverageShsOut": 26497000, "weightedAverageShsOutDil": 26802000, "link": "https://www.sec.gov/Archives/edgar/data/795403/000100547702001242/0001005477-02-001242-index.htm", "finalLink": "https://www.sec.gov/Archives/edgar/data/795403/000100547702001242/d02-36533.txt", "calculatedOtherExpenses": 1454000, "calculatedOperatingExpenses": 133249000, "calculatedNetInterest": -14401000, "calculatedOtherIncome": 4286000, "calculatedIncomeNonControlling": 0, "calculatedEbitda": 73958000}, {"date": "2000-12-31", "symbol": "WTS", "reportedCurrency": "USD", "cik": "0000795403", "fillingDate": "2001-03-16", "acceptedDate": "2001-03-16 00:00:00", "calendarYear": "2000", "period": "FY", "revenue": 516100000, "costOfRevenue": 310725000, "grossProfit": 205375000, "grossProfitRatio": 0.3979364464, "researchAndDevelopmentExpenses": 0, "generalAndAdministrativeExpenses": 0, "sellingAndMarketingExpenses": 0, "sellingGeneralAndAdministrativeExpenses": 125317000, "otherExpenses": 20071000, "operatingExpenses": 145388000, "costAndExpenses": 456113000, "interestIncome": 0, "interestExpense": 19650000, "depreciationAndAmortization": 20071000, "ebitda": 81763000, "ebitdaratio": 0.1584247239, "operatingIncome": 59987000, "operatingIncomeRatio": 0.1162313505, "totalOtherIncomeExpensesNet": -1705000, "incomeBeforeTax": 49212000, "incomeBeforeTaxRatio": 0.0953536136, "incomeTaxExpense": 18041000, "netIncome": 24001000, "netIncomeRatio": 0.0465045534, "eps": 0.91, "epsdiluted": 0.9, "weightedAverageShsOut": 26395000, "weightedAverageShsOutDil": 26667778, "link": "https://www.sec.gov/Archives/edgar/data/795403/000100547701001970/0001005477-01-001970-index.htm", "finalLink": "https://www.sec.gov/Archives/edgar/data/795403/000100547701001970/0001005477-01-001970-0001.txt", "calculatedOtherExpenses": 20071000, "calculatedOperatingExpenses": 145388000, "calculatedNetInterest": -19650000, "calculatedOtherIncome": 8875000, "calculatedIncomeNonControlling": 7170000, "calculatedEbitda": 80058000}, {"date": "1999-06-30", "symbol": "WTS", "reportedCurrency": "USD", "cik": "0000795403", "fillingDate": "1999-09-28", "acceptedDate": "1999-09-28 00:00:00", "calendarYear": "1999", "period": "FY", "revenue": 474500000, "costOfRevenue": 285300000, "grossProfit": 189200000, "grossProfitRatio": 0.3987355111, "researchAndDevelopmentExpenses": 0, "generalAndAdministrativeExpenses": 0, "sellingAndMarketingExpenses": 0, "sellingGeneralAndAdministrativeExpenses": 119900000, "otherExpenses": 17400000, "operatingExpenses": 137300000, "costAndExpenses": 422600000, "interestIncome": 0, "interestExpense": 2100000, "depreciationAndAmortization": 17400000, "ebitda": 71000000, "ebitdaratio": 0.1496311907, "operatingIncome": 51900000, "operatingIncomeRatio": 0.1093782929, "totalOtherIncomeExpensesNet": -1700000, "incomeBeforeTax": 45000000, "incomeBeforeTaxRatio": 0.0948366702, "incomeTaxExpense": 15500000, "netIncome": 36000000, "netIncomeRatio": 0.0758693361, "eps": 1.36, "epsdiluted": 1.34, "weightedAverageShsOut": 26754386, "weightedAverageShsOutDil": 26832836, "link": "https://www.sec.gov/Archives/edgar/data/795403/000100547799004510/0001005477-99-004510-index.html", "finalLink": "https://www.sec.gov/Archives/edgar/data/795403/000100547799004510/", "calculatedOtherExpenses": 17400000, "calculatedOperatingExpenses": 137300000, "calculatedNetInterest": -2100000, "calculatedOtherIncome": -4800000, "calculatedIncomeNonControlling": -6500000, "calculatedEbitda": 69300000}, {"date": "1998-06-30", "symbol": "WTS", "reportedCurrency": "USD", "cik": "0000795403", "fillingDate": "1998-09-14", "acceptedDate": "1998-09-14 00:00:00", "calendarYear": "1998", "period": "FY", "revenue": 730000000, "costOfRevenue": 452400000, "grossProfit": 277600000, "grossProfitRatio": 0.3802739726, "researchAndDevelopmentExpenses": 0, "generalAndAdministrativeExpenses": 0, "sellingAndMarketingExpenses": 0, "sellingGeneralAndAdministrativeExpenses": 163800000, "otherExpenses": 23200000, "operatingExpenses": 187000000, "costAndExpenses": 639400000, "interestIncome": 0, "interestExpense": 8600000, "depreciationAndAmortization": 23200000, "ebitda": 112900000, "ebitdaratio": 0.1546575342, "operatingIncome": 90600000, "operatingIncomeRatio": 0.124109589, "totalOtherIncomeExpensesNet": 900000, "incomeBeforeTax": 81100000, "incomeBeforeTaxRatio": 0.1110958904, "incomeTaxExpense": 27700000, "netIncome": 53400000, "netIncomeRatio": 0.0731506849, "eps": 1.96, "epsdiluted": 1.95, "weightedAverageShsOut": 27171053, "weightedAverageShsOutDil": 27333333, "link": "https://www.sec.gov/Archives/edgar/data/795403/000091412098000026/0000914120-98-000026-index.html", "finalLink": "https://www.sec.gov/Archives/edgar/data/795403/", "calculatedOtherExpenses": 23200000, "calculatedOperatingExpenses": 187000000, "calculatedNetInterest": -8600000, "calculatedOtherIncome": -900000, "calculatedIncomeNonControlling": 0, "calculatedEbitda": 113800000}, {"date": "1997-06-30", "symbol": "WTS", "reportedCurrency": "USD", "cik": "0000795403", "fillingDate": "1997-09-16", "acceptedDate": "1997-09-16 00:00:00", "calendarYear": "1997", "period": "FY", "revenue": 720300000, "costOfRevenue": 454100000, "grossProfit": 266200000, "grossProfitRatio": 0.3695682355, "researchAndDevelopmentExpenses": 0, "generalAndAdministrativeExpenses": 0, "sellingAndMarketingExpenses": 0, "sellingGeneralAndAdministrativeExpenses": 159000000, "otherExpenses": 20800000, "operatingExpenses": 179800000, "costAndExpenses": 633900000, "interestIncome": 0, "interestExpense": 7800000, "depreciationAndAmortization": 20800000, "ebitda": 107500000, "ebitdaratio": 0.1492433708, "operatingIncome": 86400000, "operatingIncomeRatio": 0.1199500208, "totalOtherIncomeExpensesNet": -300000, "incomeBeforeTax": 75600000, "incomeBeforeTaxRatio": 0.1049562682, "incomeTaxExpense": 27100000, "netIncome": 51800000, "netIncomeRatio": 0.0719144801, "eps": 1.89, "epsdiluted": 1.89, "weightedAverageShsOut": 27354497, "weightedAverageShsOutDil": 27354497, "link": "https://www.sec.gov/Archives/edgar/data/795403/000091412097000009/0000914120-97-000009-index.html", "finalLink": "https://www.sec.gov/Archives/edgar/data/795403/", "calculatedOtherExpenses": 20800000, "calculatedOperatingExpenses": 179800000, "calculatedNetInterest": -7800000, "calculatedOtherIncome": -3000000, "calculatedIncomeNonControlling": -3300000, "calculatedEbitda": 107200000}, {"date": "1996-06-30", "symbol": "WTS", "reportedCurrency": "USD", "cik": "0000795403", "fillingDate": "1996-09-13", "acceptedDate": "1996-09-13 00:00:00", "calendarYear": "1996", "period": "FY", "revenue": 640900000, "costOfRevenue": 407100000, "grossProfit": 233800000, "grossProfitRatio": 0.3647995007, "researchAndDevelopmentExpenses": 0, "generalAndAdministrativeExpenses": 0, "sellingAndMarketingExpenses": 0, "sellingGeneralAndAdministrativeExpenses": 163000000, "otherExpenses": 21600000, "operatingExpenses": 184600000, "costAndExpenses": 591700000, "interestIncome": 0, "interestExpense": 183800000, "depreciationAndAmortization": 21600000, "ebitda": 159500000, "ebitdaratio": 0.2488687783, "operatingIncome": 49200000, "operatingIncomeRatio": 0.0767670463, "totalOtherIncomeExpensesNet": -88700000, "incomeBeforeTax": -49400000, "incomeBeforeTaxRatio": -0.0770791075, "incomeTaxExpense": 4400000, "netIncome": -50300000, "netIncomeRatio": -0.0784833827, "eps": -1.7, "epsdiluted": -1.7, "weightedAverageShsOut": 29527000, "weightedAverageShsOutDil": 29528796, "link": "https://www.sec.gov/Archives/edgar/data/795403/000101054996000226/0001010549-96-000226-index.html", "finalLink": "https://www.sec.gov/Archives/edgar/data/795403/", "calculatedOtherExpenses": 21600000, "calculatedOperatingExpenses": 184600000, "calculatedNetInterest": -183800000, "calculatedOtherIncome": 85200000, "calculatedIncomeNonControlling": -3500000, "calculatedEbitda": 70800000}, {"date": "1995-06-30", "symbol": "WTS", "reportedCurrency": "USD", "cik": "0000795403", "fillingDate": "1995-09-28", "acceptedDate": "1995-09-28 00:00:00", "calendarYear": "1995", "period": "FY", "revenue": 657700000, "costOfRevenue": 400100000, "grossProfit": 257600000, "grossProfitRatio": 0.3916679337, "researchAndDevelopmentExpenses": 0, "generalAndAdministrativeExpenses": 0, "sellingAndMarketingExpenses": 0, "sellingGeneralAndAdministrativeExpenses": 149000000, "otherExpenses": 24600000, "operatingExpenses": 173600000, "costAndExpenses": 573700000, "interestIncome": 0, "interestExpense": 10000000, "depreciationAndAmortization": 24600000, "ebitda": 108200000, "ebitdaratio": 0.1645126958, "operatingIncome": 84000000, "operatingIncomeRatio": 0.1277178045, "totalOtherIncomeExpensesNet": 400000, "incomeBeforeTax": 73600000, "incomeBeforeTaxRatio": 0.1119051239, "incomeTaxExpense": 27900000, "netIncome": 45700000, "netIncomeRatio": 0.0694845674, "eps": 1.54, "epsdiluted": 1.54, "weightedAverageShsOut": 29755000, "weightedAverageShsOutDil": 29755000, "link": "https://www.sec.gov/Archives/edgar/data/795403/000092860695000101/0000928606-95-000101-index.html", "finalLink": "https://www.sec.gov/Archives/edgar/data/795403/", "calculatedOtherExpenses": 24600000, "calculatedOperatingExpenses": 173600000, "calculatedNetInterest": -10000000, "calculatedOtherIncome": -400000, "calculatedIncomeNonControlling": 0, "calculatedEbitda": 108600000}, {"date": "1994-06-30", "symbol": "WTS", "reportedCurrency": "USD", "cik": "0000795403", "fillingDate": "1994-09-26", "acceptedDate": "1994-09-26 00:00:00", "calendarYear": "1994", "period": "FY", "revenue": 518500000, "costOfRevenue": 299900000, "grossProfit": 218600000, "grossProfitRatio": 0.4216007715, "researchAndDevelopmentExpenses": 0, "generalAndAdministrativeExpenses": 0, "sellingAndMarketingExpenses": 0, "sellingGeneralAndAdministrativeExpenses": 121600000, "otherExpenses": 22400000, "operatingExpenses": 144000000, "costAndExpenses": 443900000, "interestIncome": 0, "interestExpense": 5800000, "depreciationAndAmortization": 22400000, "ebitda": 95500000, "ebitdaratio": 0.1841851495, "operatingIncome": 74600000, "operatingIncomeRatio": 0.143876567, "totalOtherIncomeExpensesNet": 1500000, "incomeBeforeTax": 67300000, "incomeBeforeTaxRatio": 0.1297974928, "incomeTaxExpense": 26300000, "netIncome": 41000000, "netIncomeRatio": 0.0790742527, "eps": 1.38, "epsdiluted": 1.38, "weightedAverageShsOut": 29674000, "weightedAverageShsOutDil": 29717000, "link": "https://www.sec.gov/Archives/edgar/data/795403/000095014694000174/0000950146-94-000174-index.html", "finalLink": "https://www.sec.gov/Archives/edgar/data/795403/", "calculatedOtherExpenses": 22400000, "calculatedOperatingExpenses": 144000000, "calculatedNetInterest": -5800000, "calculatedOtherIncome": -1500000, "calculatedIncomeNonControlling": 0, "calculatedEbitda": 97000000}, {"date": "1993-06-30", "symbol": "WTS", "reportedCurrency": "USD", "cik": "0000795403", "fillingDate": "1993-06-30", "acceptedDate": "1993-06-30 00:00:00", "calendarYear": "1993", "period": "FY", "revenue": 465800000, "costOfRevenue": 271500000, "grossProfit": 194300000, "grossProfitRatio": 0.4171318162, "researchAndDevelopmentExpenses": 0, "generalAndAdministrativeExpenses": 0, "sellingAndMarketingExpenses": 0, "sellingGeneralAndAdministrativeExpenses": 111600000, "otherExpenses": 20600000, "operatingExpenses": 132200000, "costAndExpenses": 403700000, "interestIncome": 0, "interestExpense": 20000000, "depreciationAndAmortization": 20600000, "ebitda": 86600000, "ebitdaratio": 0.1859167024, "operatingIncome": 62100000, "operatingIncomeRatio": 0.133319021, "totalOtherIncomeExpensesNet": -3900000, "incomeBeforeTax": 49100000, "incomeBeforeTaxRatio": 0.1054100472, "incomeTaxExpense": 18700000, "netIncome": 27300000, "netIncomeRatio": 0.058608845, "eps": 0.9, "epsdiluted": 0.9, "weightedAverageShsOut": 30333333, "weightedAverageShsOutDil": 30333333, "link": null, "finalLink": null, "calculatedOtherExpenses": 20600000, "calculatedOperatingExpenses": 132200000, "calculatedNetInterest": -20000000, "calculatedOtherIncome": 7000000, "calculatedIncomeNonControlling": 3100000, "calculatedEbitda": 82700000}, {"date": "1992-06-30", "symbol": "WTS", "reportedCurrency": "USD", "cik": "0000795403", "fillingDate": "1992-06-30", "acceptedDate": "1992-06-30 00:00:00", "calendarYear": "1992", "period": "FY", "revenue": 423800000, "costOfRevenue": 245200000, "grossProfit": 178600000, "grossProfitRatio": 0.4214252006, "researchAndDevelopmentExpenses": 0, "generalAndAdministrativeExpenses": 0, "sellingAndMarketingExpenses": 0, "sellingGeneralAndAdministrativeExpenses": 96500000, "otherExpenses": 17600000, "operatingExpenses": 114100000, "costAndExpenses": 359300000, "interestIncome": 0, "interestExpense": 1300000, "depreciationAndAmortization": 17600000, "ebitda": 78800000, "ebitdaratio": 0.1859367626, "operatingIncome": 64500000, "operatingIncomeRatio": 0.1521944313, "totalOtherIncomeExpensesNet": 3300000, "incomeBeforeTax": 59900000, "incomeBeforeTaxRatio": 0.1413402548, "incomeTaxExpense": 23300000, "netIncome": 36600000, "netIncomeRatio": 0.0863614913, "eps": 1.3, "epsdiluted": 1.27, "weightedAverageShsOut": 28153846, "weightedAverageShsOutDil": 28818898, "link": null, "finalLink": null, "calculatedOtherExpenses": 17600000, "calculatedOperatingExpenses": 114100000, "calculatedNetInterest": -1300000, "calculatedOtherIncome": -3300000, "calculatedIncomeNonControlling": 0, "calculatedEbitda": 82100000}, {"date": "1991-06-30", "symbol": "WTS", "reportedCurrency": "USD", "cik": "0000795403", "fillingDate": "1991-06-30", "acceptedDate": "1991-06-30 00:00:00", "calendarYear": "1991", "period": "FY", "revenue": 350800000, "costOfRevenue": 203400000, "grossProfit": 147400000, "grossProfitRatio": 0.4201824401, "researchAndDevelopmentExpenses": 0, "generalAndAdministrativeExpenses": 0, "sellingAndMarketingExpenses": 0, "sellingGeneralAndAdministrativeExpenses": 80600000, "otherExpenses": 13600000, "operatingExpenses": 94200000, "costAndExpenses": 297600000, "interestIncome": 0, "interestExpense": -2000000, "depreciationAndAmortization": 13600000, "ebitda": 63000000, "ebitdaratio": 0.1795895097, "operatingIncome": 53200000, "operatingIncomeRatio": 0.1516533637, "totalOtherIncomeExpensesNet": 3800000, "incomeBeforeTax": 51400000, "incomeBeforeTaxRatio": 0.1465222349, "incomeTaxExpense": 19700000, "netIncome": 31700000, "netIncomeRatio": 0.0903648803, "eps": 1.22, "epsdiluted": 1.18, "weightedAverageShsOut": 25983607, "weightedAverageShsOutDil": 26864407, "link": null, "finalLink": null, "calculatedOtherExpenses": 13600000, "calculatedOperatingExpenses": 94200000, "calculatedNetInterest": 2000000, "calculatedOtherIncome": -3800000, "calculatedIncomeNonControlling": 0, "calculatedEbitda": 66800000}, {"date": "1990-06-30", "symbol": "WTS", "reportedCurrency": "USD", "cik": "0000795403", "fillingDate": "1990-06-30", "acceptedDate": "1990-06-30 00:00:00", "calendarYear": "1990", "period": "FY", "revenue": 291900000, "costOfRevenue": 165100000, "grossProfit": 126800000, "grossProfitRatio": 0.4343953409, "researchAndDevelopmentExpenses": 0, "generalAndAdministrativeExpenses": 0, "sellingAndMarketingExpenses": 0, "sellingGeneralAndAdministrativeExpenses": 68600000, "otherExpenses": 11600000, "operatingExpenses": 80200000, "costAndExpenses": 245300000, "interestIncome": 0, "interestExpense": -1100000, "depreciationAndAmortization": 11600000, "ebitda": 54700000, "ebitdaratio": 0.1873929428, "operatingIncome": 46600000, "operatingIncomeRatio": 0.1596437136, "totalOtherIncomeExpensesNet": 3500000, "incomeBeforeTax": 44200000, "incomeBeforeTaxRatio": 0.1514217198, "incomeTaxExpense": 16500000, "netIncome": 27700000, "netIncomeRatio": 0.0948955122, "eps": 1.09, "epsdiluted": 1.07, "weightedAverageShsOut": 25412844, "weightedAverageShsOutDil": 25887850, "link": null, "finalLink": null, "calculatedOtherExpenses": 11600000, "calculatedOperatingExpenses": 80200000, "calculatedNetInterest": 1100000, "calculatedOtherIncome": -3500000, "calculatedIncomeNonControlling": 0, "calculatedEbitda": 58200000}, {"date": "1989-06-30", "symbol": "WTS", "reportedCurrency": "USD", "cik": "0000795403", "fillingDate": "1989-06-30", "acceptedDate": "1989-06-30 00:00:00", "calendarYear": "1989", "period": "FY", "revenue": 223900000, "costOfRevenue": 128500000, "grossProfit": 95400000, "grossProfitRatio": 0.4260830728, "researchAndDevelopmentExpenses": 0, "generalAndAdministrativeExpenses": 0, "sellingAndMarketingExpenses": 0, "sellingGeneralAndAdministrativeExpenses": 48500000, "otherExpenses": 8800000, "operatingExpenses": 57300000, "costAndExpenses": 185800000, "interestIncome": 0, "interestExpense": -2300000, "depreciationAndAmortization": 8800000, "ebitda": 44200000, "ebitdaratio": 0.1974095578, "operatingIncome": 38100000, "operatingIncomeRatio": 0.1701652523, "totalOtherIncomeExpensesNet": 2700000, "incomeBeforeTax": 37700000, "incomeBeforeTaxRatio": 0.1683787405, "incomeTaxExpense": 14700000, "netIncome": 23000000, "netIncomeRatio": 0.1027244305, "eps": 0.91, "epsdiluted": 0.91, "weightedAverageShsOut": 25274725, "weightedAverageShsOutDil": 25274725, "link": null, "finalLink": null, "calculatedOtherExpenses": 8800000, "calculatedOperatingExpenses": 57300000, "calculatedNetInterest": 2300000, "calculatedOtherIncome": -2700000, "calculatedIncomeNonControlling": 0, "calculatedEbitda": 46900000}, {"date": "1988-06-30", "symbol": "WTS", "reportedCurrency": "USD", "cik": "0000795403", "fillingDate": "1988-06-30", "acceptedDate": "1988-06-30 00:00:00", "calendarYear": "1988", "period": "FY", "revenue": 181400000, "costOfRevenue": 101900000, "grossProfit": 79500000, "grossProfitRatio": 0.4382579934, "researchAndDevelopmentExpenses": 0, "generalAndAdministrativeExpenses": 0, "sellingAndMarketingExpenses": 0, "sellingGeneralAndAdministrativeExpenses": 40500000, "otherExpenses": 6800000, "operatingExpenses": 47300000, "costAndExpenses": 149200000, "interestIncome": 0, "interestExpense": 100000, "depreciationAndAmortization": 6800000, "ebitda": 37900000, "ebitdaratio": 0.2089305402, "operatingIncome": 32200000, "operatingIncomeRatio": 0.177508269, "totalOtherIncomeExpensesNet": 1100000, "incomeBeforeTax": 31000000, "incomeBeforeTaxRatio": 0.170893054, "incomeTaxExpense": 12100000, "netIncome": 18900000, "netIncomeRatio": 0.1041896362, "eps": 0.75, "epsdiluted": 0.75, "weightedAverageShsOut": 25200000, "weightedAverageShsOutDil": 25200000, "link": null, "finalLink": null, "calculatedOtherExpenses": 6800000, "calculatedOperatingExpenses": 47300000, "calculatedNetInterest": -100000, "calculatedOtherIncome": -1100000, "calculatedIncomeNonControlling": 0, "calculatedEbitda": 39000000}, {"date": "1987-06-30", "symbol": "WTS", "reportedCurrency": "USD", "cik": "0000795403", "fillingDate": "1987-06-30", "acceptedDate": "1987-06-30 00:00:00", "calendarYear": "1987", "period": "FY", "revenue": 145600000, "costOfRevenue": 80500000, "grossProfit": 65100000, "grossProfitRatio": 0.4471153846, "researchAndDevelopmentExpenses": 0, "generalAndAdministrativeExpenses": 0, "sellingAndMarketingExpenses": 0, "sellingGeneralAndAdministrativeExpenses": 31600000, "otherExpenses": 5400000, "operatingExpenses": 37000000, "costAndExpenses": 117500000, "interestIncome": 0, "interestExpense": -900000, "depreciationAndAmortization": 5400000, "ebitda": 32100000, "ebitdaratio": 0.220467033, "operatingIncome": 28100000, "operatingIncomeRatio": 0.1929945055, "totalOtherIncomeExpensesNet": 1400000, "incomeBeforeTax": 27600000, "incomeBeforeTaxRatio": 0.1895604396, "incomeTaxExpense": 13300000, "netIncome": 14300000, "netIncomeRatio": 0.0982142857, "eps": 0.58, "epsdiluted": 0.58, "weightedAverageShsOut": 24655172, "weightedAverageShsOutDil": 24655172, "link": null, "finalLink": null, "calculatedOtherExpenses": 5400000, "calculatedOperatingExpenses": 37000000, "calculatedNetInterest": 900000, "calculatedOtherIncome": -1400000, "calculatedIncomeNonControlling": 0, "calculatedEbitda": 33500000}, {"date": "1986-06-30", "symbol": "WTS", "reportedCurrency": "USD", "cik": "0000795403", "fillingDate": "1986-06-30", "acceptedDate": "1986-06-30 00:00:00", "calendarYear": "1986", "period": "FY", "revenue": 137000000, "costOfRevenue": 78000000, "grossProfit": 59000000, "grossProfitRatio": 0.4306569343, "researchAndDevelopmentExpenses": 0, "generalAndAdministrativeExpenses": 0, "sellingAndMarketingExpenses": 0, "sellingGeneralAndAdministrativeExpenses": 30600000, "otherExpenses": 4400000, "operatingExpenses": 35000000, "costAndExpenses": 113000000, "interestIncome": 0, "interestExpense": -2200000, "depreciationAndAmortization": 4400000, "ebitda": 26400000, "ebitdaratio": 0.1927007299, "operatingIncome": 24000000, "operatingIncomeRatio": 0.1751824818, "totalOtherIncomeExpensesNet": 2000000, "incomeBeforeTax": 24200000, "incomeBeforeTaxRatio": 0.1766423358, "incomeTaxExpense": 11400000, "netIncome": 12800000, "netIncomeRatio": 0.0934306569, "eps": 0.55, "epsdiluted": 0.55, "weightedAverageShsOut": 23272727, "weightedAverageShsOutDil": 23272727, "link": null, "finalLink": null, "calculatedOtherExpenses": 4400000, "calculatedOperatingExpenses": 35000000, "calculatedNetInterest": 2200000, "calculatedOtherIncome": -2000000, "calculatedIncomeNonControlling": 0, "calculatedEbitda": 28400000}]}