{"originalCurrency": "USD", "convertedCurrency": "USD", "report": [{"date": "2023-09-30", "symbol": "WWD", "reportedCurrency": "USD", "cik": "0000108312", "fillingDate": "2023-11-17", "acceptedDate": "2023-11-17 15:28:44", "calendarYear": "2023", "period": "FY", "revenue": 2914566000, "costOfRevenue": 2236983000, "grossProfit": 677583000, "grossProfitRatio": 0.2324816113, "researchAndDevelopmentExpenses": 132095000, "generalAndAdministrativeExpenses": 259145000, "sellingAndMarketingExpenses": 10547000, "sellingGeneralAndAdministrativeExpenses": 269692000, "otherExpenses": 50291000, "operatingExpenses": 401787000, "costAndExpenses": 2638770000, "interestIncome": 2751000, "interestExpense": 47898000, "depreciationAndAmortization": 119743000, "ebitda": 328838000, "ebitdaratio": 0.1128257174, "operatingIncome": 328838000, "operatingIncomeRatio": 0.1128257174, "totalOtherIncomeExpensesNet": 45119000, "incomeBeforeTax": 275768000, "incomeBeforeTaxRatio": 0.0946171746, "incomeTaxExpense": 43400000, "netIncome": 232368000, "netIncomeRatio": 0.0797264498, "eps": 3.88, "epsdiluted": 3.78, "weightedAverageShsOut": 59908000, "weightedAverageShsOutDil": 61482000, "link": "https://www.sec.gov/Archives/edgar/data/108312/000095017023064764/0000950170-23-064764-index.htm", "finalLink": "https://www.sec.gov/Archives/edgar/data/108312/000095017023064764/wwd-20230930.htm", "calculatedOtherExpenses": -53042000, "calculatedOperatingExpenses": 348745000, "calculatedNetInterest": -45147000, "calculatedOtherIncome": -7923000, "calculatedIncomeNonControlling": 0, "calculatedEbitda": 448581000}, {"date": "2022-09-30", "symbol": "WWD", "reportedCurrency": "USD", "cik": "0000108312", "fillingDate": "2022-11-18", "acceptedDate": "2022-11-18 16:31:33", "calendarYear": "2022", "period": "FY", "revenue": 2382790000, "costOfRevenue": 1857485000, "grossProfit": 525305000, "grossProfitRatio": 0.2204579506, "researchAndDevelopmentExpenses": 119782000, "generalAndAdministrativeExpenses": 191433000, "sellingAndMarketingExpenses": 11572000, "sellingGeneralAndAdministrativeExpenses": 203005000, "otherExpenses": 26691000, "operatingExpenses": 322787000, "costAndExpenses": 2180272000, "interestIncome": 1814000, "interestExpense": 34545000, "depreciationAndAmortization": 120628000, "ebitda": 231023000, "ebitdaratio": 0.0969548303, "operatingIncome": 110395000, "operatingIncomeRatio": 0.0463301424, "totalOtherIncomeExpensesNet": 89503000, "incomeBeforeTax": 199898000, "incomeBeforeTaxRatio": 0.0838924118, "incomeTaxExpense": 28200000, "netIncome": 171698000, "netIncomeRatio": 0.072057546, "eps": 2.79, "epsdiluted": 2.71, "weightedAverageShsOut": 61517000, "weightedAverageShsOutDil": 63254000, "link": "https://www.sec.gov/Archives/edgar/data/108312/000156459022038033/0001564590-22-038033-index.htm", "finalLink": "https://www.sec.gov/Archives/edgar/data/108312/000156459022038033/wwd-10k_20220930.htm", "calculatedOtherExpenses": 92123000, "calculatedOperatingExpenses": 414910000, "calculatedNetInterest": -32731000, "calculatedOtherIncome": 122234000, "calculatedIncomeNonControlling": 0, "calculatedEbitda": 231023000}, {"date": "2021-09-30", "symbol": "WWD", "reportedCurrency": "USD", "cik": "0000108312", "fillingDate": "2021-11-19", "acceptedDate": "2021-11-19 16:34:38", "calendarYear": "2021", "period": "FY", "revenue": 2245832000, "costOfRevenue": 1694774000, "grossProfit": 551058000, "grossProfitRatio": 0.2453691995, "researchAndDevelopmentExpenses": 117091000, "generalAndAdministrativeExpenses": 172739000, "sellingAndMarketingExpenses": 14127000, "sellingGeneralAndAdministrativeExpenses": 186866000, "otherExpenses": 36493000, "operatingExpenses": 303957000, "costAndExpenses": 1998731000, "interestIncome": 1495000, "interestExpense": 34282000, "depreciationAndAmortization": 129524000, "ebitda": 285089000, "ebitdaratio": 0.1269413741, "operatingIncome": 155565000, "operatingIncomeRatio": 0.0692683157, "totalOtherIncomeExpensesNet": 90234000, "incomeBeforeTax": 245799000, "incomeBeforeTaxRatio": 0.109446744, "incomeTaxExpense": 37150000, "netIncome": 208649000, "netIncomeRatio": 0.0929049902, "eps": 3.3, "epsdiluted": 3.18, "weightedAverageShsOut": 63287000, "weightedAverageShsOutDil": 65555000, "link": "https://www.sec.gov/Archives/edgar/data/108312/000156459021057773/0001564590-21-057773-index.htm", "finalLink": "https://www.sec.gov/Archives/edgar/data/108312/000156459021057773/wwd-10k_20210930.htm", "calculatedOtherExpenses": 91536000, "calculatedOperatingExpenses": 395493000, "calculatedNetInterest": -32787000, "calculatedOtherIncome": 123021000, "calculatedIncomeNonControlling": 0, "calculatedEbitda": 285089000}, {"date": "2020-09-30", "symbol": "WWD", "reportedCurrency": "USD", "cik": "0000108312", "fillingDate": "2020-11-20", "acceptedDate": "2020-11-20 17:25:08", "calendarYear": "2020", "period": "FY", "revenue": 2495665000, "costOfRevenue": 1855422000, "grossProfit": 640243000, "grossProfitRatio": 0.2565420439, "researchAndDevelopmentExpenses": 133134000, "generalAndAdministrativeExpenses": 0, "sellingAndMarketingExpenses": 0, "sellingGeneralAndAdministrativeExpenses": 217710000, "otherExpenses": 56166000, "operatingExpenses": 350844000, "costAndExpenses": 2206266000, "interestIncome": 1764000, "interestExpense": 35811000, "depreciationAndAmortization": 131158000, "ebitda": 347329000, "ebitdaratio": 0.1391729259, "operatingIncome": 216171000, "operatingIncomeRatio": 0.0866185966, "totalOtherIncomeExpensesNet": 65710000, "incomeBeforeTax": 281881000, "incomeBeforeTaxRatio": 0.1129482523, "incomeTaxExpense": 41486000, "netIncome": 240395000, "netIncomeRatio": 0.0963250276, "eps": 3.86, "epsdiluted": 3.74, "weightedAverageShsOut": 62267000, "weightedAverageShsOutDil": 64209000, "link": "https://www.sec.gov/Archives/edgar/data/108312/000156459020054809/0001564590-20-054809-index.htm", "finalLink": "https://www.sec.gov/Archives/edgar/data/108312/000156459020054809/wwd-10k_20200930.htm", "calculatedOtherExpenses": 73228000, "calculatedOperatingExpenses": 424072000, "calculatedNetInterest": -34047000, "calculatedOtherIncome": 99757000, "calculatedIncomeNonControlling": 0, "calculatedEbitda": 347329000}, {"date": "2019-09-30", "symbol": "WWD", "reportedCurrency": "USD", "cik": "0000108312", "fillingDate": "2019-11-25", "acceptedDate": "2019-11-25 17:10:48", "calendarYear": "2019", "period": "FY", "revenue": 2900197000, "costOfRevenue": 2192654000, "grossProfit": 707543000, "grossProfitRatio": 0.2439637721, "researchAndDevelopmentExpenses": 159107000, "generalAndAdministrativeExpenses": 0, "sellingAndMarketingExpenses": 0, "sellingGeneralAndAdministrativeExpenses": 211205000, "otherExpenses": 25969000, "operatingExpenses": 370312000, "costAndExpenses": 2562966000, "interestIncome": 1413000, "interestExpense": 44001000, "depreciationAndAmortization": 142004000, "ebitda": 364613000, "ebitdaratio": 0.1257200804, "operatingIncome": 222609000, "operatingIncomeRatio": 0.07675651, "totalOtherIncomeExpensesNet": 98003000, "incomeBeforeTax": 320612000, "incomeBeforeTaxRatio": 0.1105483524, "incomeTaxExpense": 61010000, "netIncome": 259602000, "netIncomeRatio": 0.0895118504, "eps": 4.19, "epsdiluted": 4.03, "weightedAverageShsOut": 61950000, "weightedAverageShsOutDil": 64498000, "link": "https://www.sec.gov/Archives/edgar/data/108312/000010831219000017/0000108312-19-000017-index.htm", "finalLink": "https://www.sec.gov/Archives/edgar/data/108312/000010831219000017/wwd-20190930x10k.htm", "calculatedOtherExpenses": 114622000, "calculatedOperatingExpenses": 484934000, "calculatedNetInterest": -42588000, "calculatedOtherIncome": 140591000, "calculatedIncomeNonControlling": 0, "calculatedEbitda": 364613000}, {"date": "2018-09-30", "symbol": "WWD", "reportedCurrency": "USD", "cik": "0000108312", "fillingDate": "2018-11-13", "acceptedDate": "2018-11-09 19:46:27", "calendarYear": "2018", "period": "FY", "revenue": 2325873000, "costOfRevenue": 1719675000, "grossProfit": 606198000, "grossProfitRatio": 0.2606324593, "researchAndDevelopmentExpenses": 148279000, "generalAndAdministrativeExpenses": 192757000, "sellingAndMarketingExpenses": 0, "sellingGeneralAndAdministrativeExpenses": 192757000, "otherExpenses": 1525000, "operatingExpenses": 341036000, "costAndExpenses": 2060711000, "interestIncome": 1674000, "interestExpense": 31770000, "depreciationAndAmortization": 116131000, "ebitda": 268361000, "ebitdaratio": 0.1153807624, "operatingIncome": 265162000, "operatingIncomeRatio": 0.1140053649, "totalOtherIncomeExpensesNet": -15488000, "incomeBeforeTax": 219578000, "incomeBeforeTaxRatio": 0.0944067023, "incomeTaxExpense": 39200000, "netIncome": 180378000, "netIncomeRatio": 0.0775528157, "eps": 2.93, "epsdiluted": 2.82, "weightedAverageShsOut": 61493000, "weightedAverageShsOutDil": 63876000, "link": "https://www.sec.gov/Archives/edgar/data/108312/000010831218000023/0000108312-18-000023-index.htm", "finalLink": "https://www.sec.gov/Archives/edgar/data/108312/000010831218000023/wwd-20180930x10k.htm", "calculatedOtherExpenses": 0, "calculatedOperatingExpenses": 341036000, "calculatedNetInterest": -30096000, "calculatedOtherIncome": -15488000, "calculatedIncomeNonControlling": 0, "calculatedEbitda": 381293000}, {"date": "2017-09-30", "symbol": "WWD", "reportedCurrency": "USD", "cik": "0000108312", "fillingDate": "2017-11-13", "acceptedDate": "2017-11-13 10:01:32", "calendarYear": "2017", "period": "FY", "revenue": 2098685000, "costOfRevenue": 1526126000, "grossProfit": 572559000, "grossProfitRatio": 0.2728179789, "researchAndDevelopmentExpenses": 126519000, "generalAndAdministrativeExpenses": 176633000, "sellingAndMarketingExpenses": 0, "sellingGeneralAndAdministrativeExpenses": 176633000, "otherExpenses": 9045000, "operatingExpenses": 303152000, "costAndExpenses": 1829278000, "interestIncome": 1725000, "interestExpense": 27430000, "depreciationAndAmortization": 80917000, "ebitda": 280177000, "ebitdaratio": 0.1335012162, "operatingIncome": 269407000, "operatingIncomeRatio": 0.1283694313, "totalOtherIncomeExpensesNet": 9045000, "incomeBeforeTax": 252747000, "incomeBeforeTaxRatio": 0.1204311271, "incomeTaxExpense": 52240000, "netIncome": 200507000, "netIncomeRatio": 0.0955393496, "eps": 3.27, "epsdiluted": 3.16, "weightedAverageShsOut": 61366000, "weightedAverageShsOutDil": 63512000, "link": "https://www.sec.gov/Archives/edgar/data/108312/000010831217000026/0000108312-17-000026-index.htm", "finalLink": "https://www.sec.gov/Archives/edgar/data/108312/000010831217000026/wwd-20170930x10k.htm", "calculatedOtherExpenses": 0, "calculatedOperatingExpenses": 303152000, "calculatedNetInterest": -25705000, "calculatedOtherIncome": 9045000, "calculatedIncomeNonControlling": 0, "calculatedEbitda": 350324000}, {"date": "2016-09-30", "symbol": "WWD", "reportedCurrency": "USD", "cik": "0000108312", "fillingDate": "2016-11-16", "acceptedDate": "2016-11-16 12:43:05", "calendarYear": "2016", "period": "FY", "revenue": 2023078000, "costOfRevenue": 1475540000, "grossProfit": 547538000, "grossProfitRatio": 0.2706460156, "researchAndDevelopmentExpenses": 126170000, "generalAndAdministrativeExpenses": 154951000, "sellingAndMarketingExpenses": 0, "sellingGeneralAndAdministrativeExpenses": 154951000, "otherExpenses": 12306000, "operatingExpenses": 308607000, "costAndExpenses": 1784147000, "interestIncome": 2025000, "interestExpense": 26776000, "depreciationAndAmortization": 27486000, "ebitda": 280748000, "ebitdaratio": 0.1387727018, "operatingIncome": 238931000, "operatingIncomeRatio": 0.1181027128, "totalOtherIncomeExpensesNet": 12306000, "incomeBeforeTax": 226486000, "incomeBeforeTaxRatio": 0.1119511952, "incomeTaxExpense": 45648000, "netIncome": 180838000, "netIncomeRatio": 0.089387557, "eps": 2.92, "epsdiluted": 2.85, "weightedAverageShsOut": 61893000, "weightedAverageShsOutDil": 63556000, "link": "https://www.sec.gov/Archives/edgar/data/108312/000010831216000038/0000108312-16-000038-index.htm", "finalLink": "https://www.sec.gov/Archives/edgar/data/108312/000010831216000038/wwd-20160930x10k.htm", "calculatedOtherExpenses": 27486000, "calculatedOperatingExpenses": 308607000, "calculatedNetInterest": -24751000, "calculatedOtherIncome": 12306000, "calculatedIncomeNonControlling": 0, "calculatedEbitda": 266417000}, {"date": "2015-09-30", "symbol": "WWD", "reportedCurrency": "USD", "cik": "0000108312", "fillingDate": "2015-11-12", "acceptedDate": "2015-11-10 21:06:57", "calendarYear": "2015", "period": "FY", "revenue": 2038303000, "costOfRevenue": 1453718000, "grossProfit": 584585000, "grossProfitRatio": 0.2867998526, "researchAndDevelopmentExpenses": 134485000, "generalAndAdministrativeExpenses": 156995000, "sellingAndMarketingExpenses": 0, "sellingGeneralAndAdministrativeExpenses": 156995000, "otherExpenses": 1162000, "operatingExpenses": 320721000, "costAndExpenses": 1774439000, "interestIncome": 787000, "interestExpense": 24864000, "depreciationAndAmortization": 29241000, "ebitda": 295054000, "ebitdaratio": 0.1447547298, "operatingIncome": 263864000, "operatingIncomeRatio": 0.129452785, "totalOtherIncomeExpensesNet": 1162000, "incomeBeforeTax": 240949000, "incomeBeforeTaxRatio": 0.1182105899, "incomeTaxExpense": 59497000, "netIncome": 181452000, "netIncomeRatio": 0.0890211122, "eps": 2.81, "epsdiluted": 2.75, "weightedAverageShsOut": 64684000, "weightedAverageShsOutDil": 66056000, "link": "https://www.sec.gov/Archives/edgar/data/108312/000010831215000018/0000108312-15-000018-index.htm", "finalLink": "https://www.sec.gov/Archives/edgar/data/108312/000010831215000018/wwd-20150930x10k.htm", "calculatedOtherExpenses": 29241000, "calculatedOperatingExpenses": 320721000, "calculatedNetInterest": -24077000, "calculatedOtherIncome": 1162000, "calculatedIncomeNonControlling": 0, "calculatedEbitda": 293105000}, {"date": "2014-09-30", "symbol": "WWD", "reportedCurrency": "USD", "cik": "0000108312", "fillingDate": "2014-11-12", "acceptedDate": "2014-11-12 16:44:16", "calendarYear": "2014", "period": "FY", "revenue": 2001240000, "costOfRevenue": 1425839000, "grossProfit": 575401000, "grossProfitRatio": 0.2875222362, "researchAndDevelopmentExpenses": 138005000, "generalAndAdministrativeExpenses": 155339000, "sellingAndMarketingExpenses": 0, "sellingGeneralAndAdministrativeExpenses": 155339000, "otherExpenses": 1300000, "operatingExpenses": 326924000, "costAndExpenses": 1752763000, "interestIncome": 271000, "interestExpense": 22804000, "depreciationAndAmortization": 33580000, "ebitda": 283628000, "ebitdaratio": 0.1417261298, "operatingIncome": 248477000, "operatingIncomeRatio": 0.1241615199, "totalOtherIncomeExpensesNet": 1300000, "incomeBeforeTax": 227244000, "incomeBeforeTaxRatio": 0.113551598, "incomeTaxExpense": 61400000, "netIncome": 165844000, "netIncomeRatio": 0.0828706202, "eps": 2.5, "epsdiluted": 2.45, "weightedAverageShsOut": 66432000, "weightedAverageShsOutDil": 67776000, "link": "https://www.sec.gov/Archives/edgar/data/108312/000010831214000037/0000108312-14-000037-index.htm", "finalLink": "https://www.sec.gov/Archives/edgar/data/108312/000010831214000037/wwd-20140930x10k.htm", "calculatedOtherExpenses": 33580000, "calculatedOperatingExpenses": 326924000, "calculatedNetInterest": -22533000, "calculatedOtherIncome": 1300000, "calculatedIncomeNonControlling": 0, "calculatedEbitda": 282057000}, {"date": "2013-09-30", "symbol": "WWD", "reportedCurrency": "USD", "cik": "0000108312", "fillingDate": "2013-11-14", "acceptedDate": "2013-11-14 14:16:45", "calendarYear": "2013", "period": "FY", "revenue": 1935976000, "costOfRevenue": 1376271000, "grossProfit": 559705000, "grossProfitRatio": 0.2891074063, "researchAndDevelopmentExpenses": 130250000, "generalAndAdministrativeExpenses": 168097000, "sellingAndMarketingExpenses": 0, "sellingGeneralAndAdministrativeExpenses": 168097000, "otherExpenses": 576000, "operatingExpenses": 335326000, "costAndExpenses": 1711597000, "interestIncome": 273000, "interestExpense": 26703000, "depreciationAndAmortization": 74233000, "ebitda": 299461000, "ebitdaratio": 0.1546821861, "operatingIncome": 224379000, "operatingIncomeRatio": 0.1158996806, "totalOtherIncomeExpensesNet": 1622000, "incomeBeforeTax": 199571000, "incomeBeforeTaxRatio": 0.1030854721, "incomeTaxExpense": 53629000, "netIncome": 145942000, "netIncomeRatio": 0.075384199, "eps": 2.13, "epsdiluted": 2.1, "weightedAverageShsOut": 68392000, "weightedAverageShsOutDil": 69602000, "link": "https://www.sec.gov/Archives/edgar/data/108312/000010831213000018/0000108312-13-000018-index.htm", "finalLink": "https://www.sec.gov/Archives/edgar/data/108312/000010831213000018/wwd-20130930x10k.htm", "calculatedOtherExpenses": 36979000, "calculatedOperatingExpenses": 335326000, "calculatedNetInterest": -26430000, "calculatedOtherIncome": 1622000, "calculatedIncomeNonControlling": 0, "calculatedEbitda": 298612000}, {"date": "2012-09-30", "symbol": "WWD", "reportedCurrency": "USD", "cik": "0000108312", "fillingDate": "2012-11-15", "acceptedDate": "2012-11-15 13:12:17", "calendarYear": "2012", "period": "FY", "revenue": 1865627000, "costOfRevenue": 1303344000, "grossProfit": 562283000, "grossProfitRatio": 0.3013908997, "researchAndDevelopmentExpenses": 143274000, "generalAndAdministrativeExpenses": 164512000, "sellingAndMarketingExpenses": 0, "sellingGeneralAndAdministrativeExpenses": 164512000, "otherExpenses": 32809000, "operatingExpenses": 340595000, "costAndExpenses": 1643939000, "interestIncome": 542000, "interestExpense": 26003000, "depreciationAndAmortization": 68617000, "ebitda": 290847000, "ebitdaratio": 0.1558977223, "operatingIncome": 221688000, "operatingIncomeRatio": 0.1188276113, "totalOtherIncomeExpensesNet": 1580000, "incomeBeforeTax": 197807000, "incomeBeforeTaxRatio": 0.106027089, "incomeTaxExpense": 56218000, "netIncome": 141589000, "netIncomeRatio": 0.07589352, "eps": 2.06, "epsdiluted": 2.01, "weightedAverageShsOut": 68880000, "weightedAverageShsOutDil": 70307000, "link": "https://www.sec.gov/Archives/edgar/data/108312/000119312512472182/0001193125-12-472182-index.htm", "finalLink": "https://www.sec.gov/Archives/edgar/data/108312/000119312512472182/d427703d10k.htm", "calculatedOtherExpenses": 32809000, "calculatedOperatingExpenses": 340595000, "calculatedNetInterest": -25461000, "calculatedOtherIncome": 1580000, "calculatedIncomeNonControlling": 0, "calculatedEbitda": 290305000}, {"date": "2011-09-30", "symbol": "WWD", "reportedCurrency": "USD", "cik": "0000108312", "fillingDate": "2011-11-16", "acceptedDate": "2011-11-16 13:44:57", "calendarYear": "2011", "period": "FY", "revenue": 1711702000, "costOfRevenue": 1198153000, "grossProfit": 513549000, "grossProfitRatio": 0.3000224338, "researchAndDevelopmentExpenses": 115633000, "generalAndAdministrativeExpenses": 148903000, "sellingAndMarketingExpenses": 0, "sellingGeneralAndAdministrativeExpenses": 148903000, "otherExpenses": 36581000, "operatingExpenses": 301117000, "costAndExpenses": 1499270000, "interestIncome": 534000, "interestExpense": 25399000, "depreciationAndAmortization": 34993000, "ebitda": 247959000, "ebitdaratio": 0.1448610798, "operatingIncome": 212432000, "operatingIncomeRatio": 0.1241057147, "totalOtherIncomeExpensesNet": -24865000, "incomeBeforeTax": 187567000, "incomeBeforeTaxRatio": 0.1095792375, "incomeTaxExpense": 55332000, "netIncome": 132235000, "netIncomeRatio": 0.0772535173, "eps": 1.92, "epsdiluted": 1.89, "weightedAverageShsOut": 68797000, "weightedAverageShsOutDil": 70140000, "link": "https://www.sec.gov/Archives/edgar/data/108312/000095012311099073/0000950123-11-099073-index.htm", "finalLink": "https://www.sec.gov/Archives/edgar/data/108312/000095012311099073/c23422e10vk.htm", "calculatedOtherExpenses": 36581000, "calculatedOperatingExpenses": 301117000, "calculatedNetInterest": -24865000, "calculatedOtherIncome": 0, "calculatedIncomeNonControlling": 0, "calculatedEbitda": 247425000}, {"date": "2010-09-30", "symbol": "WWD", "reportedCurrency": "USD", "cik": "0000108312", "fillingDate": "2010-11-18", "acceptedDate": "2010-11-18 10:02:27", "calendarYear": "2010", "period": "FY", "revenue": 1457030000, "costOfRevenue": 1021516000, "grossProfit": 435514000, "grossProfitRatio": 0.2989053074, "researchAndDevelopmentExpenses": 82560000, "generalAndAdministrativeExpenses": 135880000, "sellingAndMarketingExpenses": 0, "sellingGeneralAndAdministrativeExpenses": 135880000, "otherExpenses": 35114000, "operatingExpenses": 253554000, "costAndExpenses": 1275070000, "interestIncome": 509000, "interestExpense": 29385000, "depreciationAndAmortization": 75616000, "ebitda": 258085000, "ebitdaratio": 0.1771308758, "operatingIncome": 181960000, "operatingIncomeRatio": 0.1248841822, "totalOtherIncomeExpensesNet": 1791000, "incomeBeforeTax": 154875000, "incomeBeforeTaxRatio": 0.1062949974, "incomeTaxExpense": 43713000, "netIncome": 110844000, "netIncomeRatio": 0.0760753039, "eps": 1.62, "epsdiluted": 1.59, "weightedAverageShsOut": 68472000, "weightedAverageShsOutDil": 69864000, "link": "https://www.sec.gov/Archives/edgar/data/108312/000095012310106894/0000950123-10-106894-index.htm", "finalLink": "https://www.sec.gov/Archives/edgar/data/108312/000095012310106894/c06384e10vk.htm", "calculatedOtherExpenses": 35114000, "calculatedOperatingExpenses": 253554000, "calculatedNetInterest": -28876000, "calculatedOtherIncome": 1791000, "calculatedIncomeNonControlling": 318000, "calculatedEbitda": 257576000}, {"date": "2009-09-30", "symbol": "WWD", "reportedCurrency": "USD", "cik": "0000108312", "fillingDate": "2009-11-20", "acceptedDate": "2009-11-20 17:21:03", "calendarYear": "2009", "period": "FY", "revenue": 1430125000, "costOfRevenue": 1029095000, "grossProfit": 401030000, "grossProfitRatio": 0.2804160475, "researchAndDevelopmentExpenses": 78536000, "generalAndAdministrativeExpenses": 128682000, "sellingAndMarketingExpenses": 0, "sellingGeneralAndAdministrativeExpenses": 128682000, "otherExpenses": 57372000, "operatingExpenses": 264590000, "costAndExpenses": 1293685000, "interestIncome": 1131000, "interestExpense": 33629000, "depreciationAndAmortization": 26120000, "ebitda": 194943000, "ebitdaratio": 0.1363118609, "operatingIncome": 136440000, "operatingIncomeRatio": 0.0954042479, "totalOtherIncomeExpensesNet": -12782000, "incomeBeforeTax": 122412000, "incomeBeforeTaxRatio": 0.0855953151, "incomeTaxExpense": 28060000, "netIncome": 94352000, "netIncomeRatio": 0.0659746526, "eps": 1.39, "epsdiluted": 1.37, "weightedAverageShsOut": 67891000, "weightedAverageShsOutDil": 69103000, "link": "https://www.sec.gov/Archives/edgar/data/108312/000095012309064808/0000950123-09-064808-index.htm", "finalLink": "https://www.sec.gov/Archives/edgar/data/108312/000095012309064808/d70147e10vk.htm", "calculatedOtherExpenses": 57372000, "calculatedOperatingExpenses": 264590000, "calculatedNetInterest": -32498000, "calculatedOtherIncome": 18470000, "calculatedIncomeNonControlling": 0, "calculatedEbitda": 162560000}, {"date": "2008-09-30", "symbol": "WWD", "reportedCurrency": "USD", "cik": "0000108312", "fillingDate": "2008-11-20", "acceptedDate": "2008-11-20 06:01:03", "calendarYear": "2008", "period": "FY", "revenue": 1258204000, "costOfRevenue": 882996000, "grossProfit": 375208000, "grossProfitRatio": 0.2982091934, "researchAndDevelopmentExpenses": 73414000, "generalAndAdministrativeExpenses": 115399000, "sellingAndMarketingExpenses": 0, "sellingGeneralAndAdministrativeExpenses": 115399000, "otherExpenses": 6830000, "operatingExpenses": 195643000, "costAndExpenses": 1078639000, "interestIncome": -2120000, "interestExpense": 3834000, "depreciationAndAmortization": 35450000, "ebitda": 210956000, "ebitdaratio": 0.1676643851, "operatingIncome": 179565000, "operatingIncomeRatio": 0.1427153307, "totalOtherIncomeExpensesNet": 4059000, "incomeBeforeTax": 181910000, "incomeBeforeTaxRatio": 0.1445790985, "incomeTaxExpense": 60030000, "netIncome": 121880000, "netIncomeRatio": 0.0968682344, "eps": 1.8, "epsdiluted": 1.75, "weightedAverageShsOut": 67564000, "weightedAverageShsOutDil": 69560000, "link": "https://www.sec.gov/Archives/edgar/data/108312/000095013408020942/0000950134-08-020942-index.htm", "finalLink": "https://www.sec.gov/Archives/edgar/data/108312/000095013408020942/d65171e10vk.htm", "calculatedOtherExpenses": 6830000, "calculatedOperatingExpenses": 195643000, "calculatedNetInterest": -5954000, "calculatedOtherIncome": 8299000, "calculatedIncomeNonControlling": 0, "calculatedEbitda": 215015000}, {"date": "2007-09-30", "symbol": "WWD", "reportedCurrency": "USD", "cik": "0000108312", "fillingDate": "2007-11-29", "acceptedDate": "2007-11-29 17:31:14", "calendarYear": "2007", "period": "FY", "revenue": 1042337000, "costOfRevenue": 728820000, "grossProfit": 313517000, "grossProfitRatio": 0.3007827603, "researchAndDevelopmentExpenses": 65294000, "generalAndAdministrativeExpenses": 111297000, "sellingAndMarketingExpenses": 0, "sellingGeneralAndAdministrativeExpenses": 111297000, "otherExpenses": 7496000, "operatingExpenses": 184087000, "costAndExpenses": 912907000, "interestIncome": -3604000, "interestExpense": 4527000, "depreciationAndAmortization": 32924000, "ebitda": 158873000, "ebitdaratio": 0.1524199947, "operatingIncome": 129430000, "operatingIncomeRatio": 0.1241728923, "totalOtherIncomeExpensesNet": 3481000, "incomeBeforeTax": 131988000, "incomeBeforeTaxRatio": 0.126626993, "incomeTaxExpense": 33831000, "netIncome": 98157000, "netIncomeRatio": 0.0941701196, "eps": 0.72, "epsdiluted": 0.7, "weightedAverageShsOut": 136978000, "weightedAverageShsOutDil": 140974000, "link": "https://www.sec.gov/Archives/edgar/data/108312/000095013407024676/0000950134-07-024676-index.htm", "finalLink": "https://www.sec.gov/Archives/edgar/data/108312/000095013407024676/d49433e10vk.htm", "calculatedOtherExpenses": 7496000, "calculatedOperatingExpenses": 184087000, "calculatedNetInterest": -8131000, "calculatedOtherIncome": 10689000, "calculatedIncomeNonControlling": 0, "calculatedEbitda": 162354000}, {"date": "2006-09-30", "symbol": "WWD", "reportedCurrency": "USD", "cik": "0000108312", "fillingDate": "2006-11-30", "acceptedDate": "2006-11-30 16:45:35", "calendarYear": "2006", "period": "FY", "revenue": 854515000, "costOfRevenue": 612263000, "grossProfit": 242252000, "grossProfitRatio": 0.2834964863, "researchAndDevelopmentExpenses": 59861000, "generalAndAdministrativeExpenses": 92013000, "sellingAndMarketingExpenses": 0, "sellingGeneralAndAdministrativeExpenses": 92013000, "otherExpenses": 6953000, "operatingExpenses": 158827000, "costAndExpenses": 771090000, "interestIncome": -2750000, "interestExpense": 5089000, "depreciationAndAmortization": 29017000, "ebitda": 109031000, "ebitdaratio": 0.1275940153, "operatingIncome": 83425000, "operatingIncomeRatio": 0.0976284793, "totalOtherIncomeExpensesNet": 3411000, "incomeBeforeTax": 84497000, "incomeBeforeTaxRatio": 0.0988829921, "incomeTaxExpense": 14597000, "netIncome": 69900000, "netIncomeRatio": 0.0818007876, "eps": 1.01, "epsdiluted": 1, "weightedAverageShsOut": 68702000, "weightedAverageShsOutDil": 70382000, "link": "https://www.sec.gov/Archives/edgar/data/108312/000095013706013055/0000950137-06-013055-index.htm", "finalLink": "https://www.sec.gov/Archives/edgar/data/108312/000095013706013055/c10357e10vk.htm", "calculatedOtherExpenses": 6953000, "calculatedOperatingExpenses": 158827000, "calculatedNetInterest": -7839000, "calculatedOtherIncome": 8911000, "calculatedIncomeNonControlling": 0, "calculatedEbitda": 112442000}, {"date": "2005-09-30", "symbol": "WWD", "reportedCurrency": "USD", "cik": "0000108312", "fillingDate": "2005-11-30", "acceptedDate": "2005-11-30 17:24:43", "calendarYear": "2005", "period": "FY", "revenue": 827726000, "costOfRevenue": 623680000, "grossProfit": 204046000, "grossProfitRatio": 0.246513943, "researchAndDevelopmentExpenses": 49996000, "generalAndAdministrativeExpenses": 79858000, "sellingAndMarketingExpenses": 0, "sellingGeneralAndAdministrativeExpenses": 79858000, "otherExpenses": 7087000, "operatingExpenses": 136941000, "costAndExpenses": 760621000, "interestIncome": -2159000, "interestExpense": 5814000, "depreciationAndAmortization": 31538000, "ebitda": 82985000, "ebitdaratio": 0.1002566067, "operatingIncome": 67105000, "operatingIncomeRatio": 0.081071514, "totalOtherIncomeExpensesNet": 15658000, "incomeBeforeTax": 79108000, "incomeBeforeTaxRatio": 0.0955726895, "incomeTaxExpense": 23137000, "netIncome": 55971000, "netIncomeRatio": 0.0676202028, "eps": 0.27, "epsdiluted": 0.27, "weightedAverageShsOut": 205200000, "weightedAverageShsOutDil": 210762000, "link": "https://www.sec.gov/Archives/edgar/data/108312/000095013705014381/0000950137-05-014381-index.htm", "finalLink": "https://www.sec.gov/Archives/edgar/data/108312/000095013705014381/c00299e10vk.htm", "calculatedOtherExpenses": 7087000, "calculatedOperatingExpenses": 136941000, "calculatedNetInterest": -7973000, "calculatedOtherIncome": 19976000, "calculatedIncomeNonControlling": 0, "calculatedEbitda": 98643000}, {"date": "2004-09-30", "symbol": "WWD", "reportedCurrency": "USD", "cik": "0000108312", "fillingDate": "2004-12-09", "acceptedDate": "2004-12-09 17:25:59", "calendarYear": "2004", "period": "FY", "revenue": 709805000, "costOfRevenue": 542240000, "grossProfit": 167565000, "grossProfitRatio": 0.2360718789, "researchAndDevelopmentExpenses": 40057000, "generalAndAdministrativeExpenses": 70949000, "sellingAndMarketingExpenses": 0, "sellingGeneralAndAdministrativeExpenses": 70949000, "otherExpenses": 6905000, "operatingExpenses": 117911000, "costAndExpenses": 660151000, "interestIncome": 0, "interestExpense": 0, "depreciationAndAmortization": 32761000, "ebitda": 78540000, "ebitdaratio": 0.1106501081, "operatingIncome": 49654000, "operatingIncomeRatio": 0.0699544241, "totalOtherIncomeExpensesNet": 3875000, "incomeBeforeTax": 49292000, "incomeBeforeTaxRatio": 0.0694444249, "incomeTaxExpense": 17910000, "netIncome": 31382000, "netIncomeRatio": 0.0442121428, "eps": 0.46, "epsdiluted": 0.45, "weightedAverageShsOut": 67716000, "weightedAverageShsOutDil": 69390000, "link": "https://www.sec.gov/Archives/edgar/data/108312/000095013704010922/0000950137-04-010922-index.htm", "finalLink": "https://www.sec.gov/Archives/edgar/data/108312/000095013704010922/c90312e10vk.htm", "calculatedOtherExpenses": 6905000, "calculatedOperatingExpenses": 117911000, "calculatedNetInterest": 0, "calculatedOtherIncome": -362000, "calculatedIncomeNonControlling": 0, "calculatedEbitda": 82415000}, {"date": "2003-09-30", "symbol": "WWD", "reportedCurrency": "USD", "cik": "0000108312", "fillingDate": "2003-12-10", "acceptedDate": "2003-12-10 08:59:39", "calendarYear": "2003", "period": "FY", "revenue": 586682000, "costOfRevenue": 492241000, "grossProfit": 94441000, "grossProfitRatio": 0.16097477, "researchAndDevelopmentExpenses": 0, "generalAndAdministrativeExpenses": 65038000, "sellingAndMarketingExpenses": 0, "sellingGeneralAndAdministrativeExpenses": 65038000, "otherExpenses": 4870000, "operatingExpenses": 69908000, "costAndExpenses": 562149000, "interestIncome": 0, "interestExpense": 0, "depreciationAndAmortization": 32418000, "ebitda": 57780000, "ebitdaratio": 0.0984860623, "operatingIncome": 24533000, "operatingIncomeRatio": 0.0418165207, "totalOtherIncomeExpensesNet": -829000, "incomeBeforeTax": 19939000, "incomeBeforeTaxRatio": 0.0339860435, "incomeTaxExpense": 7593000, "netIncome": 12346000, "netIncomeRatio": 0.0210437682, "eps": 0.18, "epsdiluted": 0.18, "weightedAverageShsOut": 67476000, "weightedAverageShsOutDil": 68334000, "link": "https://www.sec.gov/Archives/edgar/data/108312/000095013703006269/0000950137-03-006269-index.htm", "finalLink": "https://www.sec.gov/Archives/edgar/data/108312/000095013703006269/c81272e10vk.htm", "calculatedOtherExpenses": 4870000, "calculatedOperatingExpenses": 69908000, "calculatedNetInterest": 0, "calculatedOtherIncome": -4594000, "calculatedIncomeNonControlling": 0, "calculatedEbitda": 56951000}, {"date": "2002-09-30", "symbol": "WWD", "reportedCurrency": "USD", "cik": "0000108312", "fillingDate": "2002-12-09", "acceptedDate": "2002-12-09 13:12:38", "calendarYear": "2002", "period": "FY", "revenue": 679991000, "costOfRevenue": 539130000, "grossProfit": 140861000, "grossProfitRatio": 0.2071512711, "researchAndDevelopmentExpenses": 0, "generalAndAdministrativeExpenses": 58765000, "sellingAndMarketingExpenses": 0, "sellingGeneralAndAdministrativeExpenses": 58765000, "otherExpenses": 3748000, "operatingExpenses": 62513000, "costAndExpenses": 601643000, "interestIncome": 0, "interestExpense": 0, "depreciationAndAmortization": 32088000, "ebitda": 113630000, "ebitdaratio": 0.1671051529, "operatingIncome": 78348000, "operatingIncomeRatio": 0.115219172, "totalOtherIncomeExpensesNet": -3194000, "incomeBeforeTax": 70680000, "incomeBeforeTaxRatio": 0.1039425522, "incomeTaxExpense": 25510000, "netIncome": 42681000, "netIncomeRatio": 0.0627670072, "eps": 0.63, "epsdiluted": 0.62, "weightedAverageShsOut": 67950000, "weightedAverageShsOutDil": 69462000, "link": "https://www.sec.gov/Archives/edgar/data/108312/000104746902006185/0001047469-02-006185-index.htm", "finalLink": "https://www.sec.gov/Archives/edgar/data/108312/000104746902006185/a2095170z10-k.htm", "calculatedOtherExpenses": 3748000, "calculatedOperatingExpenses": 62513000, "calculatedNetInterest": 0, "calculatedOtherIncome": -7668000, "calculatedIncomeNonControlling": 2489000, "calculatedEbitda": 110436000}, {"date": "2001-09-30", "symbol": "WWD", "reportedCurrency": "USD", "cik": "0000108312", "fillingDate": "2001-12-12", "acceptedDate": "2001-12-12 00:00:00", "calendarYear": "2001", "period": "FY", "revenue": 678791000, "costOfRevenue": 511027000, "grossProfit": 167764000, "grossProfitRatio": 0.247151185, "researchAndDevelopmentExpenses": 0, "generalAndAdministrativeExpenses": 67437000, "sellingAndMarketingExpenses": 0, "sellingGeneralAndAdministrativeExpenses": 67437000, "otherExpenses": 7055000, "operatingExpenses": 74492000, "costAndExpenses": 585519000, "interestIncome": 0, "interestExpense": 0, "depreciationAndAmortization": 32732000, "ebitda": 126734000, "ebitdaratio": 0.1867054808, "operatingIncome": 93272000, "operatingIncomeRatio": 0.137409011, "totalOtherIncomeExpensesNet": -730000, "incomeBeforeTax": 85955000, "incomeBeforeTaxRatio": 0.1266295517, "incomeTaxExpense": 32887000, "netIncome": 53068000, "netIncomeRatio": 0.0781801762, "eps": 0.78, "epsdiluted": 0.77, "weightedAverageShsOut": 67908000, "weightedAverageShsOutDil": 69366000, "link": "https://www.sec.gov/Archives/edgar/data/108312/000091205701542908/0000912057-01-542908-index.htm", "finalLink": "https://www.sec.gov/Archives/edgar/data/108312/000091205701542908/a2065688z10-k405.htm", "calculatedOtherExpenses": 7055000, "calculatedOperatingExpenses": 74492000, "calculatedNetInterest": 0, "calculatedOtherIncome": -7317000, "calculatedIncomeNonControlling": 0, "calculatedEbitda": 126004000}, {"date": "2000-09-30", "symbol": "WWD", "reportedCurrency": "USD", "cik": "0000108312", "fillingDate": "2000-12-22", "acceptedDate": "2000-12-22 00:00:00", "calendarYear": "2000", "period": "FY", "revenue": 597385000, "costOfRevenue": 429537000, "grossProfit": 167848000, "grossProfitRatio": 0.280971233, "researchAndDevelopmentExpenses": 0, "generalAndAdministrativeExpenses": 77463000, "sellingAndMarketingExpenses": 0, "sellingGeneralAndAdministrativeExpenses": 77463000, "otherExpenses": 30419000, "operatingExpenses": 107882000, "costAndExpenses": 537419000, "interestIncome": 0, "interestExpense": 0, "depreciationAndAmortization": 30419000, "ebitda": 66033000, "ebitdaratio": 0.110536756, "operatingIncome": 59966000, "operatingIncomeRatio": 0.1003808264, "totalOtherIncomeExpensesNet": 24352000, "incomeBeforeTax": 74191000, "incomeBeforeTaxRatio": 0.1241929409, "incomeTaxExpense": 27215000, "netIncome": 46976000, "netIncomeRatio": 0.0786360555, "eps": 0.7, "epsdiluted": 0.69, "weightedAverageShsOut": 67578000, "weightedAverageShsOutDil": 67908000, "link": "https://www.sec.gov/Archives/edgar/data/108312/000010831200500038/0000108312-00-500038-index.htm", "finalLink": "https://www.sec.gov/Archives/edgar/data/108312/000010831200500038/form10k.txt", "calculatedOtherExpenses": 30419000, "calculatedOperatingExpenses": 107882000, "calculatedNetInterest": 0, "calculatedOtherIncome": 14225000, "calculatedIncomeNonControlling": 0, "calculatedEbitda": 90385000}, {"date": "1999-09-30", "symbol": "WWD", "reportedCurrency": "USD", "cik": "0000108312", "fillingDate": "1999-12-23", "acceptedDate": "1999-12-23 00:00:00", "calendarYear": "1999", "period": "FY", "revenue": 596900000, "costOfRevenue": 411900000, "grossProfit": 185000000, "grossProfitRatio": 0.3099346624, "researchAndDevelopmentExpenses": 0, "generalAndAdministrativeExpenses": 79000000, "sellingAndMarketingExpenses": 0, "sellingGeneralAndAdministrativeExpenses": 79000000, "otherExpenses": 32000000, "operatingExpenses": 111000000, "costAndExpenses": 522900000, "interestIncome": 0, "interestExpense": 0, "depreciationAndAmortization": 32000000, "ebitda": 116000000, "ebitdaratio": 0.19433741, "operatingIncome": 74000000, "operatingIncomeRatio": 0.123973865, "totalOtherIncomeExpensesNet": -10000000, "incomeBeforeTax": 52000000, "incomeBeforeTaxRatio": 0.08711677, "incomeTaxExpense": 21200000, "netIncome": 30800000, "netIncomeRatio": 0.051599933, "eps": 0.46, "epsdiluted": 0.46, "weightedAverageShsOut": 67632000, "weightedAverageShsOutDil": 67752000, "link": "https://www.sec.gov/Archives/edgar/data/108312/000010831299000015/0000108312-99-000015-index.html", "finalLink": "https://www.sec.gov/Archives/edgar/data/108312/000010831299000015/", "calculatedOtherExpenses": 32000000, "calculatedOperatingExpenses": 111000000, "calculatedNetInterest": 0, "calculatedOtherIncome": -22000000, "calculatedIncomeNonControlling": 0, "calculatedEbitda": 106000000}, {"date": "1998-09-30", "symbol": "WWD", "reportedCurrency": "USD", "cik": "0000108312", "fillingDate": "1998-12-23", "acceptedDate": "1998-12-23 00:00:00", "calendarYear": "1998", "period": "FY", "revenue": 490500000, "costOfRevenue": 333100000, "grossProfit": 157400000, "grossProfitRatio": 0.3208970438, "researchAndDevelopmentExpenses": 0, "generalAndAdministrativeExpenses": 79300000, "sellingAndMarketingExpenses": 0, "sellingGeneralAndAdministrativeExpenses": 79300000, "otherExpenses": 26600000, "operatingExpenses": 105900000, "costAndExpenses": 439000000, "interestIncome": 0, "interestExpense": 0, "depreciationAndAmortization": 26600000, "ebitda": 86000000, "ebitdaratio": 0.1753312946, "operatingIncome": 51500000, "operatingIncomeRatio": 0.1049949032, "totalOtherIncomeExpensesNet": -7900000, "incomeBeforeTax": 38300000, "incomeBeforeTaxRatio": 0.0780835882, "incomeTaxExpense": 16700000, "netIncome": 21600000, "netIncomeRatio": 0.0440366972, "eps": 0.32, "epsdiluted": 0.32, "weightedAverageShsOut": 68040000, "weightedAverageShsOutDil": 68274000, "link": "https://www.sec.gov/Archives/edgar/data/108312/000010831298000029/0000108312-98-000029-index.html", "finalLink": "https://www.sec.gov/Archives/edgar/data/108312/", "calculatedOtherExpenses": 26600000, "calculatedOperatingExpenses": 105900000, "calculatedNetInterest": 0, "calculatedOtherIncome": -13200000, "calculatedIncomeNonControlling": 0, "calculatedEbitda": 78100000}, {"date": "1997-09-30", "symbol": "WWD", "reportedCurrency": "USD", "cik": "0000108312", "fillingDate": "1997-12-24", "acceptedDate": "1997-12-24 00:00:00", "calendarYear": "1997", "period": "FY", "revenue": 442200000, "costOfRevenue": 303000000, "grossProfit": 139200000, "grossProfitRatio": 0.3147896879, "researchAndDevelopmentExpenses": 0, "generalAndAdministrativeExpenses": 72300000, "sellingAndMarketingExpenses": 0, "sellingGeneralAndAdministrativeExpenses": 72300000, "otherExpenses": 22800000, "operatingExpenses": 95100000, "costAndExpenses": 398100000, "interestIncome": 0, "interestExpense": 0, "depreciationAndAmortization": 22800000, "ebitda": 75100000, "ebitdaratio": 0.1698326549, "operatingIncome": 44100000, "operatingIncomeRatio": 0.0997286296, "totalOtherIncomeExpensesNet": -8200000, "incomeBeforeTax": 33400000, "incomeBeforeTaxRatio": 0.0755314337, "incomeTaxExpense": 15300000, "netIncome": 11900000, "netIncomeRatio": 0.0269109, "eps": 0.0438, "epsdiluted": 0.0436, "weightedAverageShsOut": 68750748, "weightedAverageShsOutDil": 68750748, "link": "https://www.sec.gov/Archives/edgar/data/108312/000010831297000015/0000108312-97-000015-index.html", "finalLink": "https://www.sec.gov/Archives/edgar/data/108312/", "calculatedOtherExpenses": 22800000, "calculatedOperatingExpenses": 95100000, "calculatedNetInterest": 0, "calculatedOtherIncome": -10700000, "calculatedIncomeNonControlling": 6200000, "calculatedEbitda": 66900000}, {"date": "1996-09-30", "symbol": "WWD", "reportedCurrency": "USD", "cik": "0000108312", "fillingDate": "1996-12-23", "acceptedDate": "1996-12-23 00:00:00", "calendarYear": "1996", "period": "FY", "revenue": 417300000, "costOfRevenue": 281500000, "grossProfit": 135800000, "grossProfitRatio": 0.3254253535, "researchAndDevelopmentExpenses": 0, "generalAndAdministrativeExpenses": 69900000, "sellingAndMarketingExpenses": 0, "sellingGeneralAndAdministrativeExpenses": 69900000, "otherExpenses": 23400000, "operatingExpenses": 93300000, "costAndExpenses": 374800000, "interestIncome": 0, "interestExpense": 0, "depreciationAndAmortization": 23400000, "ebitda": 69900000, "ebitdaratio": 0.1675053918, "operatingIncome": 42500000, "operatingIncomeRatio": 0.1018451953, "totalOtherIncomeExpensesNet": -4000000, "incomeBeforeTax": 35100000, "incomeBeforeTaxRatio": 0.0841121495, "incomeTaxExpense": 13000000, "netIncome": 22100000, "netIncomeRatio": 0.0529595016, "eps": 0.32, "epsdiluted": 0.32, "weightedAverageShsOut": 69422904, "weightedAverageShsOutDil": 69422904, "link": "https://www.sec.gov/Archives/edgar/data/108312/000010831296000026/0000108312-96-000026-index.html", "finalLink": "https://www.sec.gov/Archives/edgar/data/108312/", "calculatedOtherExpenses": 23400000, "calculatedOperatingExpenses": 93300000, "calculatedNetInterest": 0, "calculatedOtherIncome": -7400000, "calculatedIncomeNonControlling": 0, "calculatedEbitda": 65900000}, {"date": "1995-09-30", "symbol": "WWD", "reportedCurrency": "USD", "cik": "0000108312", "fillingDate": "1995-12-22", "acceptedDate": "1995-12-22 00:00:00", "calendarYear": "1995", "period": "FY", "revenue": 379736000, "costOfRevenue": 274676000, "grossProfit": 105060000, "grossProfitRatio": 0.2766658942, "researchAndDevelopmentExpenses": 0, "generalAndAdministrativeExpenses": 69961000, "sellingAndMarketingExpenses": 0, "sellingGeneralAndAdministrativeExpenses": 69961000, "otherExpenses": 5164000, "operatingExpenses": 75125000, "costAndExpenses": 349801000, "interestIncome": 0, "interestExpense": 0, "depreciationAndAmortization": 23786000, "ebitda": 59648000, "ebitdaratio": 0.1570775486, "operatingIncome": 29935000, "operatingIncomeRatio": 0.0788310826, "totalOtherIncomeExpensesNet": -5927000, "incomeBeforeTax": 20183000, "incomeBeforeTaxRatio": 0.0531500832, "incomeTaxExpense": 8247000, "netIncome": 11936000, "netIncomeRatio": 0.0314323635, "eps": 0.17, "epsdiluted": 0.17, "weightedAverageShsOut": 69738000, "weightedAverageShsOutDil": 69738000, "link": "https://www.sec.gov/Archives/edgar/data/108312/000010831295000017/0000108312-95-000017-index.html", "finalLink": "https://www.sec.gov/Archives/edgar/data/108312/", "calculatedOtherExpenses": 5164000, "calculatedOperatingExpenses": 75125000, "calculatedNetInterest": 0, "calculatedOtherIncome": -9752000, "calculatedIncomeNonControlling": 0, "calculatedEbitda": 53721000}, {"date": "1994-09-30", "symbol": "WWD", "reportedCurrency": "USD", "cik": "0000108312", "fillingDate": "1994-12-29", "acceptedDate": "1994-12-29 00:00:00", "calendarYear": "1994", "period": "FY", "revenue": 333207000, "costOfRevenue": 248839000, "grossProfit": 84368000, "grossProfitRatio": 0.2531999628, "researchAndDevelopmentExpenses": 0, "generalAndAdministrativeExpenses": 58557000, "sellingAndMarketingExpenses": 0, "sellingGeneralAndAdministrativeExpenses": 58557000, "otherExpenses": 3365000, "operatingExpenses": 61922000, "costAndExpenses": 310761000, "interestIncome": 0, "interestExpense": 0, "depreciationAndAmortization": 26114000, "ebitda": 72260000, "ebitdaratio": 0.2168621908, "operatingIncome": 22446000, "operatingIncomeRatio": 0.0673635308, "totalOtherIncomeExpensesNet": -23700000, "incomeBeforeTax": -5195000, "incomeBeforeTaxRatio": -0.015590909, "incomeTaxExpense": -1922000, "netIncome": -3273000, "netIncomeRatio": -0.0098227228, "eps": -0.0464, "epsdiluted": -0.0464, "weightedAverageShsOut": 70588248, "weightedAverageShsOutDil": 70588248, "link": "https://www.sec.gov/Archives/edgar/data/108312/000010831294000019/0000108312-94-000019-index.html", "finalLink": "https://www.sec.gov/Archives/edgar/data/108312/", "calculatedOtherExpenses": 3365000, "calculatedOperatingExpenses": 61922000, "calculatedNetInterest": 0, "calculatedOtherIncome": -27641000, "calculatedIncomeNonControlling": 0, "calculatedEbitda": 48560000}]}