{"originalCurrency": "USD", "convertedCurrency": "USD", "report": [{"date": "2023-12-31", "symbol": "WY", "reportedCurrency": "USD", "cik": "0000106535", "fillingDate": "2024-02-16", "acceptedDate": "2024-02-16 16:31:55", "calendarYear": "2023", "period": "FY", "revenue": 7674000000, "costOfRevenue": 5492000000, "grossProfit": 2182000000, "grossProfitRatio": 0.2843367214, "researchAndDevelopmentExpenses": 7000000, "generalAndAdministrativeExpenses": 431000000, "sellingAndMarketingExpenses": 87000000, "sellingGeneralAndAdministrativeExpenses": 518000000, "otherExpenses": -571000000, "operatingExpenses": 571000000, "costAndExpenses": 6563000000, "interestIncome": 76000000, "interestExpense": 280000000, "depreciationAndAmortization": 500000000, "ebitda": 2111000000, "ebitdaratio": 0.2750847016, "operatingIncome": 1611000000, "operatingIncomeRatio": 0.2099296325, "totalOtherIncomeExpensesNet": -674000000, "incomeBeforeTax": 937000000, "incomeBeforeTaxRatio": 0.1221005994, "incomeTaxExpense": 98000000, "netIncome": 839000000, "netIncomeRatio": 0.1093302059, "eps": 1.15, "epsdiluted": 1.15, "weightedAverageShsOut": 731654000, "weightedAverageShsOutDil": 732222000, "link": "https://www.sec.gov/Archives/edgar/data/106535/000095017024016434/0000950170-24-016434-index.htm", "finalLink": "https://www.sec.gov/Archives/edgar/data/106535/000095017024016434/wy-20231231.htm", "calculatedOtherExpenses": 46000000, "calculatedOperatingExpenses": 571000000, "calculatedNetInterest": -204000000, "calculatedOtherIncome": -470000000, "calculatedIncomeNonControlling": 0, "calculatedEbitda": 2111000000}, {"date": "2022-12-31", "symbol": "WY", "reportedCurrency": "USD", "cik": "0000106535", "fillingDate": "2023-02-17", "acceptedDate": "2023-02-17 16:19:38", "calendarYear": "2022", "period": "FY", "revenue": 10184000000, "costOfRevenue": 6564000000, "grossProfit": 3620000000, "grossProfitRatio": 0.3554595444, "researchAndDevelopmentExpenses": 6000000, "generalAndAdministrativeExpenses": 398000000, "sellingAndMarketingExpenses": 93000000, "sellingGeneralAndAdministrativeExpenses": 491000000, "otherExpenses": 43000000, "operatingExpenses": 540000000, "costAndExpenses": 7104000000, "interestIncome": 25000000, "interestExpense": 270000000, "depreciationAndAmortization": 251000000, "ebitda": 3331000000, "ebitdaratio": 0.3270816968, "operatingIncome": 3080000000, "operatingIncomeRatio": 0.3024351925, "totalOtherIncomeExpensesNet": -775000000, "incomeBeforeTax": 2305000000, "incomeBeforeTaxRatio": 0.2263354281, "incomeTaxExpense": 425000000, "netIncome": 1880000000, "netIncomeRatio": 0.1846032993, "eps": 2.53, "epsdiluted": 2.53, "weightedAverageShsOut": 741904000, "weightedAverageShsOutDil": 742953000, "link": "https://www.sec.gov/Archives/edgar/data/106535/000095017023003217/0000950170-23-003217-index.htm", "finalLink": "https://www.sec.gov/Archives/edgar/data/106535/000095017023003217/wy-20221231.htm", "calculatedOtherExpenses": 43000000, "calculatedOperatingExpenses": 540000000, "calculatedNetInterest": -245000000, "calculatedOtherIncome": -530000000, "calculatedIncomeNonControlling": 0, "calculatedEbitda": 3331000000}, {"date": "2021-12-31", "symbol": "WY", "reportedCurrency": "USD", "cik": "0000106535", "fillingDate": "2022-02-18", "acceptedDate": "2022-02-18 16:21:43", "calendarYear": "2021", "period": "FY", "revenue": 10201000000, "costOfRevenue": 6103000000, "grossProfit": 4098000000, "grossProfitRatio": 0.401725321, "researchAndDevelopmentExpenses": 5000000, "generalAndAdministrativeExpenses": 396000000, "sellingAndMarketingExpenses": 95000000, "sellingGeneralAndAdministrativeExpenses": 491000000, "otherExpenses": -9000000, "operatingExpenses": 487000000, "costAndExpenses": 6590000000, "interestIncome": 5000000, "interestExpense": 313000000, "depreciationAndAmortization": 431000000, "ebitda": 4074000000, "ebitdaratio": 0.3993726105, "operatingIncome": 3643000000, "operatingIncomeRatio": 0.3571218508, "totalOtherIncomeExpensesNet": -327000000, "incomeBeforeTax": 3316000000, "incomeBeforeTaxRatio": 0.32506617, "incomeTaxExpense": 709000000, "netIncome": 2607000000, "netIncomeRatio": 0.2555631801, "eps": 3.48, "epsdiluted": 3.47, "weightedAverageShsOut": 749496000, "weightedAverageShsOutDil": 750983000, "link": "https://www.sec.gov/Archives/edgar/data/106535/000156459022005707/0001564590-22-005707-index.htm", "finalLink": "https://www.sec.gov/Archives/edgar/data/106535/000156459022005707/wy-10k_20211231.htm", "calculatedOtherExpenses": -41000000, "calculatedOperatingExpenses": 455000000, "calculatedNetInterest": -308000000, "calculatedOtherIncome": -19000000, "calculatedIncomeNonControlling": 0, "calculatedEbitda": 4074000000}, {"date": "2020-12-31", "symbol": "WY", "reportedCurrency": "USD", "cik": "0000106535", "fillingDate": "2021-02-19", "acceptedDate": "2021-02-19 16:39:33", "calendarYear": "2020", "period": "FY", "revenue": 7532000000, "costOfRevenue": 5447000000, "grossProfit": 2085000000, "grossProfitRatio": 0.276818906, "researchAndDevelopmentExpenses": 5000000, "generalAndAdministrativeExpenses": 347000000, "sellingAndMarketingExpenses": 83000000, "sellingGeneralAndAdministrativeExpenses": 430000000, "otherExpenses": 129000000, "operatingExpenses": 564000000, "costAndExpenses": 6011000000, "interestIncome": 5000000, "interestExpense": 443000000, "depreciationAndAmortization": 472000000, "ebitda": 1716000000, "ebitdaratio": 0.2278279341, "operatingIncome": 1244000000, "operatingIncomeRatio": 0.1651619756, "totalOtherIncomeExpensesNet": -262000000, "incomeBeforeTax": 982000000, "incomeBeforeTaxRatio": 0.1303770579, "incomeTaxExpense": 185000000, "netIncome": 797000000, "netIncomeRatio": 0.1058151885, "eps": 1.07, "epsdiluted": 1.07, "weightedAverageShsOut": 746931000, "weightedAverageShsOutDil": 747899000, "link": "https://www.sec.gov/Archives/edgar/data/106535/000156459021006960/0001564590-21-006960-index.htm", "finalLink": "https://www.sec.gov/Archives/edgar/data/106535/000156459021006960/wy-10k_20201231.htm", "calculatedOtherExpenses": 406000000, "calculatedOperatingExpenses": 841000000, "calculatedNetInterest": -438000000, "calculatedOtherIncome": 176000000, "calculatedIncomeNonControlling": 0, "calculatedEbitda": 1716000000}, {"date": "2019-12-31", "symbol": "WY", "reportedCurrency": "USD", "cik": "0000106535", "fillingDate": "2020-02-14", "acceptedDate": "2020-02-14 16:52:22", "calendarYear": "2019", "period": "FY", "revenue": 6554000000, "costOfRevenue": 5412000000, "grossProfit": 1142000000, "grossProfitRatio": 0.174244736, "researchAndDevelopmentExpenses": 6000000, "generalAndAdministrativeExpenses": 348000000, "sellingAndMarketingExpenses": 84000000, "sellingGeneralAndAdministrativeExpenses": 432000000, "otherExpenses": 41000000, "operatingExpenses": 479000000, "costAndExpenses": 5891000000, "interestIncome": 30000000, "interestExpense": 378000000, "depreciationAndAmortization": 510000000, "ebitda": 755000000, "ebitdaratio": 0.1151968264, "operatingIncome": 245000000, "operatingIncomeRatio": 0.0373817516, "totalOtherIncomeExpensesNet": -458000000, "incomeBeforeTax": -213000000, "incomeBeforeTaxRatio": -0.0324992371, "incomeTaxExpense": -137000000, "netIncome": -76000000, "netIncomeRatio": -0.0115959719, "eps": -0.1, "epsdiluted": -0.1, "weightedAverageShsOut": 745897000, "weightedAverageShsOutDil": 745897000, "link": "https://www.sec.gov/Archives/edgar/data/106535/000156459020004822/0001564590-20-004822-index.htm", "finalLink": "https://www.sec.gov/Archives/edgar/data/106535/000156459020004822/wy-10k_20191231.htm", "calculatedOtherExpenses": 459000000, "calculatedOperatingExpenses": 897000000, "calculatedNetInterest": -348000000, "calculatedOtherIncome": -110000000, "calculatedIncomeNonControlling": 0, "calculatedEbitda": 755000000}, {"date": "2018-12-31", "symbol": "WY", "reportedCurrency": "USD", "cik": "0000106535", "fillingDate": "2019-02-15", "acceptedDate": "2019-02-15 16:43:31", "calendarYear": "2018", "period": "FY", "revenue": 7476000000, "costOfRevenue": 5592000000, "grossProfit": 1884000000, "grossProfitRatio": 0.2520064205, "researchAndDevelopmentExpenses": 8000000, "generalAndAdministrativeExpenses": 318000000, "sellingAndMarketingExpenses": 88000000, "sellingGeneralAndAdministrativeExpenses": 406000000, "otherExpenses": -272000000, "operatingExpenses": 488000000, "costAndExpenses": 6080000000, "interestIncome": 60000000, "interestExpense": 375000000, "depreciationAndAmortization": 486000000, "ebitda": 1670000000, "ebitdaratio": 0.2233814874, "operatingIncome": 1394000000, "operatingIncomeRatio": 0.1864633494, "totalOtherIncomeExpensesNet": -274000000, "incomeBeforeTax": 807000000, "incomeBeforeTaxRatio": 0.1079454254, "incomeTaxExpense": 59000000, "netIncome": 748000000, "netIncomeRatio": 0.1000535045, "eps": 0.99, "epsdiluted": 0.99, "weightedAverageShsOut": 754556000, "weightedAverageShsOutDil": 756827000, "link": "https://www.sec.gov/Archives/edgar/data/106535/000010653519000014/0000106535-19-000014-index.htm", "finalLink": "https://www.sec.gov/Archives/edgar/data/106535/000010653519000014/wy-123118x10k.htm", "calculatedOtherExpenses": 76000000, "calculatedOperatingExpenses": 490000000, "calculatedNetInterest": -315000000, "calculatedOtherIncome": -272000000, "calculatedIncomeNonControlling": 0, "calculatedEbitda": 1880000000}, {"date": "2017-12-31", "symbol": "WY", "reportedCurrency": "USD", "cik": "0000106535", "fillingDate": "2018-02-16", "acceptedDate": "2018-02-16 16:45:06", "calendarYear": "2017", "period": "FY", "revenue": 7196000000, "costOfRevenue": 5298000000, "grossProfit": 1898000000, "grossProfitRatio": 0.2637576431, "researchAndDevelopmentExpenses": 14000000, "generalAndAdministrativeExpenses": 310000000, "sellingAndMarketingExpenses": 87000000, "sellingGeneralAndAdministrativeExpenses": 397000000, "otherExpenses": -62000000, "operatingExpenses": 283000000, "costAndExpenses": 5581000000, "interestIncome": 39000000, "interestExpense": 393000000, "depreciationAndAmortization": 521000000, "ebitda": 2114000000, "ebitdaratio": 0.2937743191, "operatingIncome": 1131000000, "operatingIncomeRatio": 0.1571706504, "totalOtherIncomeExpensesNet": -545000000, "incomeBeforeTax": 716000000, "incomeBeforeTaxRatio": 0.0994997221, "incomeTaxExpense": 134000000, "netIncome": 582000000, "netIncomeRatio": 0.0808782657, "eps": 0.77, "epsdiluted": 0.77, "weightedAverageShsOut": 753085000, "weightedAverageShsOutDil": 756666000, "link": "https://www.sec.gov/Archives/edgar/data/106535/000010653518000013/0000106535-18-000013-index.htm", "finalLink": "https://www.sec.gov/Archives/edgar/data/106535/000010653518000013/wy-123117x10k.htm", "calculatedOtherExpenses": 356000000, "calculatedOperatingExpenses": 767000000, "calculatedNetInterest": -354000000, "calculatedOtherIncome": -61000000, "calculatedIncomeNonControlling": 0, "calculatedEbitda": 1652000000}, {"date": "2016-12-31", "symbol": "WY", "reportedCurrency": "USD", "cik": "0000106535", "fillingDate": "2017-02-24", "acceptedDate": "2017-02-24 16:07:27", "calendarYear": "2016", "period": "FY", "revenue": 6365000000, "costOfRevenue": 4926000000, "grossProfit": 1439000000, "grossProfitRatio": 0.2260801257, "researchAndDevelopmentExpenses": 19000000, "generalAndAdministrativeExpenses": 332000000, "sellingAndMarketingExpenses": 89000000, "sellingGeneralAndAdministrativeExpenses": 421000000, "otherExpenses": 1000000, "operatingExpenses": 399000000, "costAndExpenses": 5325000000, "interestIncome": 43000000, "interestExpense": 431000000, "depreciationAndAmortization": 565000000, "ebitda": 1670000000, "ebitdaratio": 0.2623723488, "operatingIncome": 870000000, "operatingIncomeRatio": 0.1366849961, "totalOtherIncomeExpensesNet": -148000000, "incomeBeforeTax": 504000000, "incomeBeforeTaxRatio": 0.0791830322, "incomeTaxExpense": 89000000, "netIncome": 1027000000, "netIncomeRatio": 0.161351139, "eps": 1.4, "epsdiluted": 1.39, "weightedAverageShsOut": 718560000, "weightedAverageShsOutDil": 722401000, "link": "https://www.sec.gov/Archives/edgar/data/106535/000010653517000007/0000106535-17-000007-index.htm", "finalLink": "https://www.sec.gov/Archives/edgar/data/106535/000010653517000007/wy-123116x10k.htm", "calculatedOtherExpenses": 129000000, "calculatedOperatingExpenses": 569000000, "calculatedNetInterest": -388000000, "calculatedOtherIncome": 22000000, "calculatedIncomeNonControlling": -612000000, "calculatedEbitda": 1435000000}, {"date": "2015-12-31", "symbol": "WY", "reportedCurrency": "USD", "cik": "0000106535", "fillingDate": "2016-02-17", "acceptedDate": "2016-02-17 16:03:03", "calendarYear": "2015", "period": "FY", "revenue": 7082000000, "costOfRevenue": 5694000000, "grossProfit": 1388000000, "grossProfitRatio": 0.1959898334, "researchAndDevelopmentExpenses": 24000000, "generalAndAdministrativeExpenses": 289000000, "sellingAndMarketingExpenses": 113000000, "sellingGeneralAndAdministrativeExpenses": 402000000, "otherExpenses": -54000000, "operatingExpenses": 444000000, "costAndExpenses": 6138000000, "interestIncome": 36000000, "interestExpense": 347000000, "depreciationAndAmortization": 479000000, "ebitda": 1354000000, "ebitdaratio": 0.1911889297, "operatingIncome": 919000000, "operatingIncomeRatio": 0.1297656029, "totalOtherIncomeExpensesNet": -130000000, "incomeBeforeTax": 503000000, "incomeBeforeTaxRatio": 0.0710251341, "incomeTaxExpense": -3000000, "netIncome": 506000000, "netIncomeRatio": 0.0714487433, "eps": 0.89, "epsdiluted": 0.89, "weightedAverageShsOut": 516371000, "weightedAverageShsOutDil": 519618000, "link": "https://www.sec.gov/Archives/edgar/data/106535/000010653516000046/0000106535-16-000046-index.htm", "finalLink": "https://www.sec.gov/Archives/edgar/data/106535/000010653516000046/wy-123115x10k.htm", "calculatedOtherExpenses": 43000000, "calculatedOperatingExpenses": 469000000, "calculatedNetInterest": -311000000, "calculatedOtherIncome": -105000000, "calculatedIncomeNonControlling": 0, "calculatedEbitda": 1398000000}, {"date": "2014-12-31", "symbol": "WY", "reportedCurrency": "USD", "cik": "0000106535", "fillingDate": "2015-02-13", "acceptedDate": "2015-02-13 16:36:22", "calendarYear": "2014", "period": "FY", "revenue": 7403000000, "costOfRevenue": 5763000000, "grossProfit": 1640000000, "grossProfitRatio": 0.2215318114, "researchAndDevelopmentExpenses": 27000000, "generalAndAdministrativeExpenses": 338000000, "sellingAndMarketingExpenses": 112000000, "sellingGeneralAndAdministrativeExpenses": 450000000, "otherExpenses": -59000000, "operatingExpenses": 276000000, "costAndExpenses": 6039000000, "interestIncome": 37000000, "interestExpense": 344000000, "depreciationAndAmortization": 500000000, "ebitda": 1901000000, "ebitdaratio": 0.2567877887, "operatingIncome": 1320000000, "operatingIncomeRatio": 0.1783060921, "totalOtherIncomeExpensesNet": -44000000, "incomeBeforeTax": 1013000000, "incomeBeforeTaxRatio": 0.1368364177, "incomeTaxExpense": 185000000, "netIncome": 1826000000, "netIncomeRatio": 0.2466567608, "eps": 3.2, "epsdiluted": 3.18, "weightedAverageShsOut": 556705000, "weightedAverageShsOutDil": 560899000, "link": "https://www.sec.gov/Archives/edgar/data/106535/000010653515000006/0000106535-15-000006-index.htm", "finalLink": "https://www.sec.gov/Archives/edgar/data/106535/000010653515000006/wy-123114x10k.htm", "calculatedOtherExpenses": -157000000, "calculatedOperatingExpenses": 320000000, "calculatedNetInterest": -307000000, "calculatedOtherIncome": 0, "calculatedIncomeNonControlling": -998000000, "calculatedEbitda": 1820000000}, {"date": "2013-12-31", "symbol": "WY", "reportedCurrency": "USD", "cik": "0000106535", "fillingDate": "2014-02-18", "acceptedDate": "2014-02-18 17:29:52", "calendarYear": "2013", "period": "FY", "revenue": 8529000000, "costOfRevenue": 6709000000, "grossProfit": 1820000000, "grossProfitRatio": 0.2133896119, "researchAndDevelopmentExpenses": 33000000, "generalAndAdministrativeExpenses": 455000000, "sellingAndMarketingExpenses": 220000000, "sellingGeneralAndAdministrativeExpenses": 675000000, "otherExpenses": -29000000, "operatingExpenses": 683000000, "costAndExpenses": 7392000000, "interestIncome": 58000000, "interestExpense": 371000000, "depreciationAndAmortization": 472000000, "ebitda": 1667000000, "ebitdaratio": 0.1954508149, "operatingIncome": 747000000, "operatingIncomeRatio": 0.0875835385, "totalOtherIncomeExpensesNet": -390000000, "incomeBeforeTax": 434000000, "incomeBeforeTaxRatio": 0.0508852151, "incomeTaxExpense": -129000000, "netIncome": 563000000, "netIncomeRatio": 0.0660100832, "eps": 0.95, "epsdiluted": 0.95, "weightedAverageShsOut": 566329000, "weightedAverageShsOutDil": 571239000, "link": "https://www.sec.gov/Archives/edgar/data/106535/000010653514000010/0000106535-14-000010-index.htm", "finalLink": "https://www.sec.gov/Archives/edgar/data/106535/000010653514000010/wy-123113x10k.htm", "calculatedOtherExpenses": 365000000, "calculatedOperatingExpenses": 1073000000, "calculatedNetInterest": -313000000, "calculatedOtherIncome": 0, "calculatedIncomeNonControlling": 0, "calculatedEbitda": 1219000000}, {"date": "2012-12-31", "symbol": "WY", "reportedCurrency": "USD", "cik": "0000106535", "fillingDate": "2013-02-19", "acceptedDate": "2013-02-19 15:42:18", "calendarYear": "2012", "period": "FY", "revenue": 7059000000, "costOfRevenue": 5810000000, "grossProfit": 1249000000, "grossProfitRatio": 0.1769372432, "researchAndDevelopmentExpenses": 32000000, "generalAndAdministrativeExpenses": 436000000, "sellingAndMarketingExpenses": 194000000, "sellingGeneralAndAdministrativeExpenses": 630000000, "otherExpenses": -55000000, "operatingExpenses": 482000000, "costAndExpenses": 6292000000, "interestIncome": 52000000, "interestExpense": 348000000, "depreciationAndAmortization": 456000000, "ebitda": 1275000000, "ebitdaratio": 0.1806204845, "operatingIncome": 735000000, "operatingIncomeRatio": 0.1041223969, "totalOtherIncomeExpensesNet": -32000000, "incomeBeforeTax": 439000000, "incomeBeforeTaxRatio": 0.0621901119, "incomeTaxExpense": 55000000, "netIncome": 385000000, "netIncomeRatio": 0.0545403032, "eps": 0.71, "epsdiluted": 0.71, "weightedAverageShsOut": 539140000, "weightedAverageShsOutDil": 542310000, "link": "https://www.sec.gov/Archives/edgar/data/106535/000010653513000011/0000106535-13-000011-index.htm", "finalLink": "https://www.sec.gov/Archives/edgar/data/106535/000010653513000011/wy-123112x10k.htm", "calculatedOtherExpenses": -148000000, "calculatedOperatingExpenses": 514000000, "calculatedNetInterest": -296000000, "calculatedOtherIncome": 0, "calculatedIncomeNonControlling": -1000000, "calculatedEbitda": 1191000000}, {"date": "2011-12-31", "symbol": "WY", "reportedCurrency": "USD", "cik": "0000106535", "fillingDate": "2012-02-22", "acceptedDate": "2012-02-22 17:13:32", "calendarYear": "2011", "period": "FY", "revenue": 6216000000, "costOfRevenue": 5120000000, "grossProfit": 1096000000, "grossProfitRatio": 0.1763191763, "researchAndDevelopmentExpenses": 30000000, "generalAndAdministrativeExpenses": 0, "sellingAndMarketingExpenses": 0, "sellingGeneralAndAdministrativeExpenses": 601000000, "otherExpenses": -129000000, "operatingExpenses": 419000000, "costAndExpenses": 5539000000, "interestIncome": 47000000, "interestExpense": 384000000, "depreciationAndAmortization": 480000000, "ebitda": 1204000000, "ebitdaratio": 0.1936936937, "operatingIncome": 594000000, "operatingIncomeRatio": 0.0955598456, "totalOtherIncomeExpensesNet": -83000000, "incomeBeforeTax": 257000000, "incomeBeforeTaxRatio": 0.0413449163, "incomeTaxExpense": -62000000, "netIncome": 331000000, "netIncomeRatio": 0.0532496782, "eps": 0.62, "epsdiluted": 0.61, "weightedAverageShsOut": 537534000, "weightedAverageShsOutDil": 539879000, "link": "https://www.sec.gov/Archives/edgar/data/106535/000010653512000016/0000106535-12-000016-index.htm", "finalLink": "https://www.sec.gov/Archives/edgar/data/106535/000010653512000016/wy-123111x10k.htm", "calculatedOtherExpenses": -129000000, "calculatedOperatingExpenses": 502000000, "calculatedNetInterest": -337000000, "calculatedOtherIncome": 0, "calculatedIncomeNonControlling": -12000000, "calculatedEbitda": 1074000000}, {"date": "2010-12-31", "symbol": "WY", "reportedCurrency": "USD", "cik": "0000106535", "fillingDate": "2011-02-25", "acceptedDate": "2011-02-25 17:00:06", "calendarYear": "2010", "period": "FY", "revenue": 6552000000, "costOfRevenue": 5392000000, "grossProfit": 1160000000, "grossProfitRatio": 0.177045177, "researchAndDevelopmentExpenses": 34000000, "generalAndAdministrativeExpenses": 0, "sellingAndMarketingExpenses": 0, "sellingGeneralAndAdministrativeExpenses": 677000000, "otherExpenses": -168000000, "operatingExpenses": 543000000, "costAndExpenses": 5935000000, "interestIncome": 83000000, "interestExpense": 452000000, "depreciationAndAmortization": 503000000, "ebitda": 1203000000, "ebitdaratio": 0.1836080586, "operatingIncome": 468000000, "operatingIncomeRatio": 0.0714285714, "totalOtherIncomeExpensesNet": -152000000, "incomeBeforeTax": 96000000, "incomeBeforeTaxRatio": 0.0146520147, "incomeTaxExpense": -1187000000, "netIncome": 1281000000, "netIncomeRatio": 0.1955128205, "eps": 4, "epsdiluted": 3.99, "weightedAverageShsOut": 319976000, "weightedAverageShsOutDil": 321096000, "link": "https://www.sec.gov/Archives/edgar/data/106535/000119312511047563/0001193125-11-047563-index.htm", "finalLink": "https://www.sec.gov/Archives/edgar/data/106535/000119312511047563/d10k.htm", "calculatedOtherExpenses": -19000000, "calculatedOperatingExpenses": 692000000, "calculatedNetInterest": -369000000, "calculatedOtherIncome": -3000000, "calculatedIncomeNonControlling": 2000000, "calculatedEbitda": 971000000}, {"date": "2009-12-31", "symbol": "WY", "reportedCurrency": "USD", "cik": "0000106535", "fillingDate": "2010-02-26", "acceptedDate": "2010-02-25 21:36:17", "calendarYear": "2009", "period": "FY", "revenue": 5528000000, "costOfRevenue": 4349000000, "grossProfit": 1179000000, "grossProfitRatio": 0.2132778582, "researchAndDevelopmentExpenses": 51000000, "generalAndAdministrativeExpenses": 405000000, "sellingAndMarketingExpenses": 230000000, "sellingGeneralAndAdministrativeExpenses": 635000000, "otherExpenses": 269000000, "operatingExpenses": 955000000, "costAndExpenses": 5304000000, "interestIncome": 94000000, "interestExpense": 466000000, "depreciationAndAmortization": 508000000, "ebitda": 838000000, "ebitdaratio": 0.1515918958, "operatingIncome": -447000000, "operatingIncomeRatio": -0.0808610709, "totalOtherIncomeExpensesNet": -694000000, "incomeBeforeTax": -842000000, "incomeBeforeTaxRatio": -0.1523154848, "incomeTaxExpense": -274000000, "netIncome": -545000000, "netIncomeRatio": -0.0985890014, "eps": -1.03, "epsdiluted": -1.03, "weightedAverageShsOut": 528355000, "weightedAverageShsOutDil": 528355000, "link": "https://www.sec.gov/Archives/edgar/data/106535/000119312510041278/0001193125-10-041278-index.htm", "finalLink": "https://www.sec.gov/Archives/edgar/data/106535/000119312510041278/d10k.htm", "calculatedOtherExpenses": 940000000, "calculatedOperatingExpenses": 1626000000, "calculatedNetInterest": -372000000, "calculatedOtherIncome": -23000000, "calculatedIncomeNonControlling": -23000000, "calculatedEbitda": 61000000}, {"date": "2008-12-31", "symbol": "WY", "reportedCurrency": "USD", "cik": "0000106535", "fillingDate": "2009-02-27", "acceptedDate": "2009-02-26 21:35:58", "calendarYear": "2008", "period": "FY", "revenue": 8018000000, "costOfRevenue": 6998000000, "grossProfit": 1020000000, "grossProfitRatio": 0.127213769, "researchAndDevelopmentExpenses": 64000000, "generalAndAdministrativeExpenses": 562000000, "sellingAndMarketingExpenses": 356000000, "sellingGeneralAndAdministrativeExpenses": 918000000, "otherExpenses": 704000000, "operatingExpenses": 1686000000, "costAndExpenses": 8684000000, "interestIncome": 80000000, "interestExpense": 446000000, "depreciationAndAmortization": 659000000, "ebitda": 109000000, "ebitdaratio": 0.0135944126, "operatingIncome": -2531000000, "operatingIncomeRatio": -0.3156647543, "totalOtherIncomeExpensesNet": -1675000000, "incomeBeforeTax": -2707000000, "incomeBeforeTaxRatio": -0.3376153654, "incomeTaxExpense": -888000000, "netIncome": -1176000000, "netIncomeRatio": -0.1466699925, "eps": -2.23, "epsdiluted": -2.23, "weightedAverageShsOut": 528145000, "weightedAverageShsOutDil": 528145000, "link": "https://www.sec.gov/Archives/edgar/data/106535/000119312509039546/0001193125-09-039546-index.htm", "finalLink": "https://www.sec.gov/Archives/edgar/data/106535/000119312509039546/d10k.htm", "calculatedOtherExpenses": 2569000000, "calculatedOperatingExpenses": 3551000000, "calculatedNetInterest": -366000000, "calculatedOtherIncome": 190000000, "calculatedIncomeNonControlling": -643000000, "calculatedEbitda": -1872000000}, {"date": "2007-12-30", "symbol": "WY", "reportedCurrency": "USD", "cik": "0000106535", "fillingDate": "2008-02-28", "acceptedDate": "2008-02-28 17:25:03", "calendarYear": "2007", "period": "FY", "revenue": 16308000000, "costOfRevenue": 13127000000, "grossProfit": 3181000000, "grossProfitRatio": 0.1950576404, "researchAndDevelopmentExpenses": 71000000, "generalAndAdministrativeExpenses": 1049000000, "sellingAndMarketingExpenses": 422000000, "sellingGeneralAndAdministrativeExpenses": 1471000000, "otherExpenses": 1233000000, "operatingExpenses": 2614000000, "costAndExpenses": 15741000000, "interestIncome": 0, "interestExpense": 0, "depreciationAndAmortization": 974000000, "ebitda": 1851000000, "ebitdaratio": 0.1135025754, "operatingIncome": 406000000, "operatingIncomeRatio": 0.0248957567, "totalOtherIncomeExpensesNet": -283000000, "incomeBeforeTax": 59000000, "incomeBeforeTaxRatio": 0.0036178563, "incomeTaxExpense": 8000000, "netIncome": 790000000, "netIncomeRatio": 0.0484424822, "eps": 1.44, "epsdiluted": 1.44, "weightedAverageShsOut": 548262500, "weightedAverageShsOutDil": 548262500, "link": "https://www.sec.gov/Archives/edgar/data/106535/000119312508042058/0001193125-08-042058-index.htm", "finalLink": "https://www.sec.gov/Archives/edgar/data/106535/000119312508042058/d10k.htm", "calculatedOtherExpenses": 1233000000, "calculatedOperatingExpenses": 2775000000, "calculatedNetInterest": 0, "calculatedOtherIncome": -347000000, "calculatedIncomeNonControlling": -739000000, "calculatedEbitda": 1380000000}, {"date": "2006-12-31", "symbol": "WY", "reportedCurrency": "USD", "cik": "0000106535", "fillingDate": "2007-03-01", "acceptedDate": "2007-03-01 15:35:12", "calendarYear": "2006", "period": "FY", "revenue": 21896000000, "costOfRevenue": 17138000000, "grossProfit": 4758000000, "grossProfitRatio": 0.2172999635, "researchAndDevelopmentExpenses": 69000000, "generalAndAdministrativeExpenses": 0, "sellingAndMarketingExpenses": 0, "sellingGeneralAndAdministrativeExpenses": 1786000000, "otherExpenses": 1689000000, "operatingExpenses": 3544000000, "costAndExpenses": 20682000000, "interestIncome": 0, "interestExpense": 0, "depreciationAndAmortization": 1283000000, "ebitda": 2936000000, "ebitdaratio": 0.134088418, "operatingIncome": 1192000000, "operatingIncomeRatio": 0.054439167, "totalOtherIncomeExpensesNet": -374000000, "incomeBeforeTax": 826000000, "incomeBeforeTaxRatio": 0.0377237852, "incomeTaxExpense": 471000000, "netIncome": 453000000, "netIncomeRatio": 0.0206887103, "eps": 0.74, "epsdiluted": 0.74, "weightedAverageShsOut": 612162162, "weightedAverageShsOutDil": 615489130, "link": "https://www.sec.gov/Archives/edgar/data/106535/000119312507044292/0001193125-07-044292-index.htm", "finalLink": "https://www.sec.gov/Archives/edgar/data/106535/000119312507044292/d10k.htm", "calculatedOtherExpenses": 1711000000, "calculatedOperatingExpenses": 3566000000, "calculatedNetInterest": 0, "calculatedOtherIncome": -366000000, "calculatedIncomeNonControlling": -98000000, "calculatedEbitda": 2475000000}, {"date": "2005-12-25", "symbol": "WY", "reportedCurrency": "USD", "cik": "0000106535", "fillingDate": "2006-02-22", "acceptedDate": "2006-02-22 16:36:21", "calendarYear": "2005", "period": "FY", "revenue": 22629000000, "costOfRevenue": 17405000000, "grossProfit": 5224000000, "grossProfitRatio": 0.2308542136, "researchAndDevelopmentExpenses": 61000000, "generalAndAdministrativeExpenses": 1336000000, "sellingAndMarketingExpenses": 461000000, "sellingGeneralAndAdministrativeExpenses": 1615000000, "otherExpenses": 2023000000, "operatingExpenses": 3844000000, "costAndExpenses": 21249000000, "interestIncome": 0, "interestExpense": 0, "depreciationAndAmortization": 1337000000, "ebitda": 3401000000, "ebitdaratio": 0.1502938707, "operatingIncome": 1359000000, "operatingIncomeRatio": 0.0600556808, "totalOtherIncomeExpensesNet": -633000000, "incomeBeforeTax": 906000000, "incomeBeforeTaxRatio": 0.0400371205, "incomeTaxExpense": 324000000, "netIncome": 733000000, "netIncomeRatio": 0.0323920633, "eps": 1.2, "epsdiluted": 1.19, "weightedAverageShsOut": 610833333, "weightedAverageShsOutDil": 614932886, "link": "https://www.sec.gov/Archives/edgar/data/106535/000119312506036731/0001193125-06-036731-index.htm", "finalLink": "https://www.sec.gov/Archives/edgar/data/106535/000119312506036731/d10k.htm", "calculatedOtherExpenses": 2189000000, "calculatedOperatingExpenses": 3865000000, "calculatedNetInterest": 0, "calculatedOtherIncome": -453000000, "calculatedIncomeNonControlling": -151000000, "calculatedEbitda": 2696000000}, {"date": "2004-12-26", "symbol": "WY", "reportedCurrency": "USD", "cik": "0000106535", "fillingDate": "2005-03-03", "acceptedDate": "2005-03-03 17:29:16", "calendarYear": "2004", "period": "FY", "revenue": 22665000000, "costOfRevenue": 17012000000, "grossProfit": 5653000000, "grossProfitRatio": 0.2494153982, "researchAndDevelopmentExpenses": 55000000, "generalAndAdministrativeExpenses": 1357000000, "sellingAndMarketingExpenses": 488000000, "sellingGeneralAndAdministrativeExpenses": 1649000000, "otherExpenses": 1100000000, "operatingExpenses": 2947000000, "costAndExpenses": 19959000000, "interestIncome": 0, "interestExpense": 0, "depreciationAndAmortization": 1322000000, "ebitda": 3740000000, "ebitdaratio": 0.1650121332, "operatingIncome": 2653000000, "operatingIncomeRatio": 0.1170527245, "totalOtherIncomeExpensesNet": 354000000, "incomeBeforeTax": 1945000000, "incomeBeforeTaxRatio": 0.0858151335, "incomeTaxExpense": 662000000, "netIncome": 1283000000, "netIncomeRatio": 0.0566071035, "eps": 2.18, "epsdiluted": 2.17, "weightedAverageShsOut": 588532110, "weightedAverageShsOutDil": 590699816, "link": "https://www.sec.gov/Archives/edgar/data/106535/000119312505041798/0001193125-05-041798-index.htm", "finalLink": "https://www.sec.gov/Archives/edgar/data/106535/000119312505041798/d10k.htm", "calculatedOtherExpenses": 1296000000, "calculatedOperatingExpenses": 3000000000, "calculatedNetInterest": 0, "calculatedOtherIncome": -708000000, "calculatedIncomeNonControlling": 0, "calculatedEbitda": 3975000000}, {"date": "2003-12-28", "symbol": "WY", "reportedCurrency": "USD", "cik": "0000106535", "fillingDate": "2004-03-05", "acceptedDate": "2004-03-05 17:25:40", "calendarYear": "2003", "period": "FY", "revenue": 19873000000, "costOfRevenue": 15594000000, "grossProfit": 4279000000, "grossProfitRatio": 0.2153172646, "researchAndDevelopmentExpenses": 51000000, "generalAndAdministrativeExpenses": 1308000000, "sellingAndMarketingExpenses": 457000000, "sellingGeneralAndAdministrativeExpenses": 1577000000, "otherExpenses": 1295000000, "operatingExpenses": 2881000000, "costAndExpenses": 18475000000, "interestIncome": 0, "interestExpense": 0, "depreciationAndAmortization": 1318000000, "ebitda": 2621000000, "ebitdaratio": 0.1318874855, "operatingIncome": 1168000000, "operatingIncomeRatio": 0.0587732099, "totalOtherIncomeExpensesNet": 109000000, "incomeBeforeTax": 436000000, "incomeBeforeTaxRatio": 0.0219393146, "incomeTaxExpense": 148000000, "netIncome": 277000000, "netIncomeRatio": 0.0139385095, "eps": 0.5, "epsdiluted": 0.5, "weightedAverageShsOut": 554000000, "weightedAverageShsOutDil": 554000000, "link": "https://www.sec.gov/Archives/edgar/data/106535/000095012404000703/0000950124-04-000703-index.htm", "finalLink": "https://www.sec.gov/Archives/edgar/data/106535/000095012404000703/v96705e10vk.htm", "calculatedOtherExpenses": 1483000000, "calculatedOperatingExpenses": 3111000000, "calculatedNetInterest": 0, "calculatedOtherIncome": -732000000, "calculatedIncomeNonControlling": 11000000, "calculatedEbitda": 2486000000}, {"date": "2002-12-29", "symbol": "WY", "reportedCurrency": "USD", "cik": "0000106535", "fillingDate": "2003-03-05", "acceptedDate": "2003-03-05 17:13:24", "calendarYear": "2002", "period": "FY", "revenue": 18521000000, "costOfRevenue": 14537000000, "grossProfit": 3984000000, "grossProfitRatio": 0.2151071756, "researchAndDevelopmentExpenses": 52000000, "generalAndAdministrativeExpenses": 1167000000, "sellingAndMarketingExpenses": 450000000, "sellingGeneralAndAdministrativeExpenses": 1435000000, "otherExpenses": 1252000000, "operatingExpenses": 2754000000, "costAndExpenses": 17291000000, "interestIncome": 0, "interestExpense": 0, "depreciationAndAmortization": 1225000000, "ebitda": 2482000000, "ebitdaratio": 0.1340100427, "operatingIncome": 1063000000, "operatingIncomeRatio": 0.0573943092, "totalOtherIncomeExpensesNet": -9000000, "incomeBeforeTax": 371000000, "incomeBeforeTaxRatio": 0.0200313158, "incomeTaxExpense": 130000000, "netIncome": 241000000, "netIncomeRatio": 0.0130122564, "eps": 0.44, "epsdiluted": 0.44, "weightedAverageShsOut": 552752294, "weightedAverageShsOutDil": 552752294, "link": "https://www.sec.gov/Archives/edgar/data/106535/000089102003000649/0000891020-03-000649-index.htm", "finalLink": "https://www.sec.gov/Archives/edgar/data/106535/000089102003000649/v88083e10vk.htm", "calculatedOtherExpenses": 1434000000, "calculatedOperatingExpenses": 2921000000, "calculatedNetInterest": 0, "calculatedOtherIncome": -692000000, "calculatedIncomeNonControlling": 0, "calculatedEbitda": 2288000000}, {"date": "2001-12-30", "symbol": "WY", "reportedCurrency": "USD", "cik": "0000106535", "fillingDate": "2002-02-28", "acceptedDate": "2002-02-28 00:00:00", "calendarYear": "2001", "period": "FY", "revenue": 14545000000, "costOfRevenue": 11431000000, "grossProfit": 3114000000, "grossProfitRatio": 0.2140941904, "researchAndDevelopmentExpenses": 55000000, "generalAndAdministrativeExpenses": 907000000, "sellingAndMarketingExpenses": 380000000, "sellingGeneralAndAdministrativeExpenses": 1134000000, "otherExpenses": 1023000000, "operatingExpenses": 2218000000, "costAndExpenses": 13649000000, "interestIncome": 0, "interestExpense": 0, "depreciationAndAmortization": 876000000, "ebitda": 1851000000, "ebitdaratio": 0.1272602269, "operatingIncome": 896000000, "operatingIncomeRatio": 0.0616019251, "totalOtherIncomeExpensesNet": -79000000, "incomeBeforeTax": 516000000, "incomeBeforeTaxRatio": 0.0354761086, "incomeTaxExpense": 162000000, "netIncome": 354000000, "netIncomeRatio": 0.0243382606, "eps": 0.64, "epsdiluted": 0.64, "weightedAverageShsOut": 549689441, "weightedAverageShsOutDil": 549689441, "link": "https://www.sec.gov/Archives/edgar/data/106535/000089102002000172/0000891020-02-000172-index.htm", "finalLink": "https://www.sec.gov/Archives/edgar/data/106535/000089102002000172/v79391e10-k405.htm", "calculatedOtherExpenses": 1029000000, "calculatedOperatingExpenses": 2218000000, "calculatedNetInterest": 0, "calculatedOtherIncome": -380000000, "calculatedIncomeNonControlling": 0, "calculatedEbitda": 1772000000}, {"date": "2000-12-31", "symbol": "WY", "reportedCurrency": "USD", "cik": "0000106535", "fillingDate": "2001-03-16", "acceptedDate": "2001-03-16 00:00:00", "calendarYear": "2000", "period": "FY", "revenue": 15980000000, "costOfRevenue": 12088000000, "grossProfit": 3892000000, "grossProfitRatio": 0.2435544431, "researchAndDevelopmentExpenses": 56000000, "generalAndAdministrativeExpenses": 1144000000, "sellingAndMarketingExpenses": 0, "sellingGeneralAndAdministrativeExpenses": 1144000000, "otherExpenses": 1015000000, "operatingExpenses": 2215000000, "costAndExpenses": 14303000000, "interestIncome": 0, "interestExpense": 0, "depreciationAndAmortization": 859000000, "ebitda": 2593000000, "ebitdaratio": 0.1622653317, "operatingIncome": 1677000000, "operatingIncomeRatio": 0.1049436796, "totalOtherIncomeExpensesNet": -57000000, "incomeBeforeTax": 1323000000, "incomeBeforeTaxRatio": 0.0827909887, "incomeTaxExpense": 483000000, "netIncome": 840000000, "netIncomeRatio": 0.0525657071, "eps": 1.49, "epsdiluted": 1.49, "weightedAverageShsOut": 564516129, "weightedAverageShsOutDil": 564516129, "link": "https://www.sec.gov/Archives/edgar/data/106535/000010653501500006/0000106535-01-500006-index.htm", "finalLink": "https://www.sec.gov/Archives/edgar/data/106535/000010653501500006/f10k2000.txt", "calculatedOtherExpenses": 1015000000, "calculatedOperatingExpenses": 2215000000, "calculatedNetInterest": 0, "calculatedOtherIncome": -354000000, "calculatedIncomeNonControlling": 0, "calculatedEbitda": 2536000000}, {"date": "1999-12-26", "symbol": "WY", "reportedCurrency": "USD", "cik": "0000106535", "fillingDate": "2000-03-10", "acceptedDate": "2000-03-10 00:00:00", "calendarYear": "1999", "period": "FY", "revenue": 12262000000, "costOfRevenue": 9321000000, "grossProfit": 2941000000, "grossProfitRatio": 0.2398466808, "researchAndDevelopmentExpenses": 55000000, "generalAndAdministrativeExpenses": 984000000, "sellingAndMarketingExpenses": -139000000, "sellingGeneralAndAdministrativeExpenses": 845000000, "otherExpenses": 913000000, "operatingExpenses": 1679000000, "costAndExpenses": 11000000000, "interestIncome": 0, "interestExpense": 0, "depreciationAndAmortization": 640000000, "ebitda": 1917000000, "ebitdaratio": 0.1563366498, "operatingIncome": 1262000000, "operatingIncomeRatio": 0.102919589, "totalOtherIncomeExpensesNet": -15000000, "incomeBeforeTax": 970000000, "incomeBeforeTaxRatio": 0.0791061817, "incomeTaxExpense": 354000000, "netIncome": 527000000, "netIncomeRatio": 0.042978307, "eps": 1.02, "epsdiluted": 1.02, "weightedAverageShsOut": 514648438, "weightedAverageShsOutDil": 516666667, "link": "https://www.sec.gov/Archives/edgar/data/106535/000010653500000007/0000106535-00-000007-index.html", "finalLink": "https://www.sec.gov/Archives/edgar/data/106535/000010653500000007/", "calculatedOtherExpenses": 779000000, "calculatedOperatingExpenses": 1679000000, "calculatedNetInterest": 0, "calculatedOtherIncome": -292000000, "calculatedIncomeNonControlling": 89000000, "calculatedEbitda": 1902000000}, {"date": "1998-12-27", "symbol": "WY", "reportedCurrency": "USD", "cik": "0000106535", "fillingDate": "1999-03-12", "acceptedDate": "1999-03-12 00:00:00", "calendarYear": "1998", "period": "FY", "revenue": 10766000000, "costOfRevenue": 8484000000, "grossProfit": 2282000000, "grossProfitRatio": 0.2119635891, "researchAndDevelopmentExpenses": 57000000, "generalAndAdministrativeExpenses": 840000000, "sellingAndMarketingExpenses": -138000000, "sellingGeneralAndAdministrativeExpenses": 702000000, "otherExpenses": 867000000, "operatingExpenses": 1513000000, "costAndExpenses": 9997000000, "interestIncome": 0, "interestExpense": 0, "depreciationAndAmortization": 616000000, "ebitda": 1418000000, "ebitdaratio": 0.1317109419, "operatingIncome": 769000000, "operatingIncomeRatio": 0.0714285714, "totalOtherIncomeExpensesNet": -33000000, "incomeBeforeTax": 463000000, "incomeBeforeTaxRatio": 0.0430057589, "incomeTaxExpense": 169000000, "netIncome": 294000000, "netIncomeRatio": 0.0273081925, "eps": 0.59, "epsdiluted": 0.59, "weightedAverageShsOut": 496621622, "weightedAverageShsOutDil": 500000000, "link": "https://www.sec.gov/Archives/edgar/data/106535/000010653599000007/0000106535-99-000007-index.html", "finalLink": "https://www.sec.gov/Archives/edgar/data/106535/", "calculatedOtherExpenses": 754000000, "calculatedOperatingExpenses": 1513000000, "calculatedNetInterest": 0, "calculatedOtherIncome": -306000000, "calculatedIncomeNonControlling": 0, "calculatedEbitda": 1385000000}, {"date": "1997-12-28", "symbol": "WY", "reportedCurrency": "USD", "cik": "0000106535", "fillingDate": "1998-03-13", "acceptedDate": "1998-03-13 00:00:00", "calendarYear": "1997", "period": "FY", "revenue": 11210000000, "costOfRevenue": 8775000000, "grossProfit": 2435000000, "grossProfitRatio": 0.2172167707, "researchAndDevelopmentExpenses": 56000000, "generalAndAdministrativeExpenses": 893000000, "sellingAndMarketingExpenses": -150000000, "sellingGeneralAndAdministrativeExpenses": 743000000, "otherExpenses": 867000000, "operatingExpenses": 1577000000, "costAndExpenses": 10352000000, "interestIncome": 0, "interestExpense": 0, "depreciationAndAmortization": 628000000, "ebitda": 1508000000, "ebitdaratio": 0.1345227475, "operatingIncome": 858000000, "operatingIncomeRatio": 0.0765388046, "totalOtherIncomeExpensesNet": -22000000, "incomeBeforeTax": 539000000, "incomeBeforeTaxRatio": 0.0480820696, "incomeTaxExpense": 197000000, "netIncome": 342000000, "netIncomeRatio": 0.0305084746, "eps": 0.69, "epsdiluted": 0.68, "weightedAverageShsOut": 497093023, "weightedAverageShsOutDil": 500000000, "link": "https://www.sec.gov/Archives/edgar/data/106535/000010653598000004/0000106535-98-000004-index.html", "finalLink": "https://www.sec.gov/Archives/edgar/data/106535/", "calculatedOtherExpenses": 778000000, "calculatedOperatingExpenses": 1577000000, "calculatedNetInterest": 0, "calculatedOtherIncome": -319000000, "calculatedIncomeNonControlling": 0, "calculatedEbitda": 1486000000}, {"date": "1996-12-29", "symbol": "WY", "reportedCurrency": "USD", "cik": "0000106535", "fillingDate": "1997-03-14", "acceptedDate": "1997-03-14 00:00:00", "calendarYear": "1996", "period": "FY", "revenue": 11114000000, "costOfRevenue": 8336000000, "grossProfit": 2778000000, "grossProfitRatio": 0.2499550117, "researchAndDevelopmentExpenses": 54000000, "generalAndAdministrativeExpenses": 1037000000, "sellingAndMarketingExpenses": -108000000, "sellingGeneralAndAdministrativeExpenses": 929000000, "otherExpenses": 725000000, "operatingExpenses": 1708000000, "costAndExpenses": 10044000000, "interestIncome": 0, "interestExpense": 0, "depreciationAndAmortization": 617000000, "ebitda": 1718000000, "ebitdaratio": 0.1545798092, "operatingIncome": 1070000000, "operatingIncomeRatio": 0.0962749685, "totalOtherIncomeExpensesNet": -31000000, "incomeBeforeTax": 720000000, "incomeBeforeTaxRatio": 0.0647831564, "incomeTaxExpense": 257000000, "netIncome": 463000000, "netIncomeRatio": 0.0416591686, "eps": 0.94, "epsdiluted": 0.93, "weightedAverageShsOut": 494658120, "weightedAverageShsOutDil": 496781116, "link": "https://www.sec.gov/Archives/edgar/data/106535/000010653597000007/0000106535-97-000007-index.html", "finalLink": "https://www.sec.gov/Archives/edgar/data/106535/", "calculatedOtherExpenses": 725000000, "calculatedOperatingExpenses": 1708000000, "calculatedNetInterest": 0, "calculatedOtherIncome": -350000000, "calculatedIncomeNonControlling": 0, "calculatedEbitda": 1687000000}, {"date": "1995-12-31", "symbol": "WY", "reportedCurrency": "USD", "cik": "0000106535", "fillingDate": "1996-03-15", "acceptedDate": "1996-03-15 00:00:00", "calendarYear": "1995", "period": "FY", "revenue": 11788000000, "costOfRevenue": 8197000000, "grossProfit": 3591000000, "grossProfitRatio": 0.304631829, "researchAndDevelopmentExpenses": 0, "generalAndAdministrativeExpenses": 914000000, "sellingAndMarketingExpenses": 0, "sellingGeneralAndAdministrativeExpenses": 914000000, "otherExpenses": 784000000, "operatingExpenses": 1698000000, "costAndExpenses": 9895000000, "interestIncome": 0, "interestExpense": 0, "depreciationAndAmortization": 621000000, "ebitda": 2848000000, "ebitdaratio": 0.2416016288, "operatingIncome": 1893000000, "operatingIncomeRatio": 0.1605870377, "totalOtherIncomeExpensesNet": -334000000, "incomeBeforeTax": 1244000000, "incomeBeforeTaxRatio": 0.1055310485, "incomeTaxExpense": 445000000, "netIncome": 799000000, "netIncomeRatio": 0.067780794, "eps": 1.57, "epsdiluted": 1.57, "weightedAverageShsOut": 508269720, "weightedAverageShsOutDil": 511287313, "link": "https://www.sec.gov/Archives/edgar/data/106535/000010653596000008/0000106535-96-000008-index.html", "finalLink": "https://www.sec.gov/Archives/edgar/data/106535/", "calculatedOtherExpenses": 784000000, "calculatedOperatingExpenses": 1698000000, "calculatedNetInterest": 0, "calculatedOtherIncome": -649000000, "calculatedIncomeNonControlling": 0, "calculatedEbitda": 2514000000}, {"date": "1994-12-25", "symbol": "WY", "reportedCurrency": "USD", "cik": "0000106535", "fillingDate": "1995-03-10", "acceptedDate": "1995-03-10 00:00:00", "calendarYear": "1994", "period": "FY", "revenue": 10398000000, "costOfRevenue": 7670000000, "grossProfit": 2728000000, "grossProfitRatio": 0.2623581458, "researchAndDevelopmentExpenses": 47000000, "generalAndAdministrativeExpenses": 1461000000, "sellingAndMarketingExpenses": -647000000, "sellingGeneralAndAdministrativeExpenses": 814000000, "otherExpenses": 647000000, "operatingExpenses": 1508000000, "costAndExpenses": 9178000000, "interestIncome": 0, "interestExpense": 0, "depreciationAndAmortization": 534000000, "ebitda": 1777000000, "ebitdaratio": 0.1708982497, "operatingIncome": 1220000000, "operatingIncomeRatio": 0.1173302558, "totalOtherIncomeExpensesNet": -23000000, "incomeBeforeTax": 920000000, "incomeBeforeTaxRatio": 0.0884785536, "incomeTaxExpense": 331000000, "netIncome": 589000000, "netIncomeRatio": 0.0566455088, "eps": 1.14, "epsdiluted": 1.14, "weightedAverageShsOut": 514860140, "weightedAverageShsOutDil": 514860140, "link": "https://www.sec.gov/Archives/edgar/data/106535/000010653595000002/0000106535-95-000002-index.html", "finalLink": "https://www.sec.gov/Archives/edgar/data/106535/", "calculatedOtherExpenses": 647000000, "calculatedOperatingExpenses": 1508000000, "calculatedNetInterest": 0, "calculatedOtherIncome": -300000000, "calculatedIncomeNonControlling": 0, "calculatedEbitda": 1754000000}, {"date": "1993-12-26", "symbol": "WY", "reportedCurrency": "USD", "cik": "0000106535", "fillingDate": "1994-03-11", "acceptedDate": "1994-03-11 00:00:00", "calendarYear": "1993", "period": "FY", "revenue": 9544800000, "costOfRevenue": 7087000000, "grossProfit": 2457800000, "grossProfitRatio": 0.2575014668, "researchAndDevelopmentExpenses": 0, "generalAndAdministrativeExpenses": 0, "sellingAndMarketingExpenses": 0, "sellingGeneralAndAdministrativeExpenses": 843200000, "otherExpenses": 633000000, "operatingExpenses": 1476200000, "costAndExpenses": 8563200000, "interestIncome": 0, "interestExpense": 0, "depreciationAndAmortization": 486900000, "ebitda": 1354600000, "ebitdaratio": 0.1419202079, "operatingIncome": 981600000, "operatingIncomeRatio": 0.1028413377, "totalOtherIncomeExpensesNet": 113900000, "incomeBeforeTax": 808500000, "incomeBeforeTaxRatio": 0.0847058084, "incomeTaxExpense": 281200000, "netIncome": 579400000, "netIncomeRatio": 0.0607032101, "eps": 1.13, "epsdiluted": 1.12, "weightedAverageShsOut": 511837456, "weightedAverageShsOutDil": 515480427, "link": "https://www.sec.gov/Archives/edgar/data/106535/000010653594000003/0000106535-94-000003-index.html", "finalLink": "https://www.sec.gov/Archives/edgar/data/106535/", "calculatedOtherExpenses": 633000000, "calculatedOperatingExpenses": 1476200000, "calculatedNetInterest": 0, "calculatedOtherIncome": -173100000, "calculatedIncomeNonControlling": -52100000, "calculatedEbitda": 1468500000}, {"date": "1992-12-31", "symbol": "WY", "reportedCurrency": "USD", "cik": "0000106535", "fillingDate": "1992-12-31", "acceptedDate": "1992-12-30 19:00:00", "calendarYear": "1992", "period": "FY", "revenue": 9218700000, "costOfRevenue": 6889600000, "grossProfit": 2329100000, "grossProfitRatio": 0.2526495059, "researchAndDevelopmentExpenses": 0, "generalAndAdministrativeExpenses": 0, "sellingAndMarketingExpenses": 0, "sellingGeneralAndAdministrativeExpenses": 887200000, "otherExpenses": 636200000, "operatingExpenses": 1523400000, "costAndExpenses": 8413000000, "interestIncome": 0, "interestExpense": 0, "depreciationAndAmortization": 502700000, "ebitda": 1225800000, "ebitdaratio": 0.1329688568, "operatingIncome": 805700000, "operatingIncomeRatio": 0.0873984401, "totalOtherIncomeExpensesNet": 82600000, "incomeBeforeTax": 563300000, "incomeBeforeTaxRatio": 0.0611040602, "incomeTaxExpense": 191300000, "netIncome": 372000000, "netIncomeRatio": 0.0403527612, "eps": 0.73, "epsdiluted": 0.73, "weightedAverageShsOut": 508196721, "weightedAverageShsOutDil": 510989011, "link": "", "finalLink": "", "calculatedOtherExpenses": 636200000, "calculatedOperatingExpenses": 1523400000, "calculatedNetInterest": 0, "calculatedOtherIncome": -242400000, "calculatedIncomeNonControlling": 0, "calculatedEbitda": 1308400000}, {"date": "1991-12-31", "symbol": "WY", "reportedCurrency": "USD", "cik": "0000106535", "fillingDate": "1991-12-31", "acceptedDate": "1991-12-30 19:00:00", "calendarYear": "1991", "period": "FY", "revenue": 8701600000, "costOfRevenue": 6608800000, "grossProfit": 2092800000, "grossProfitRatio": 0.2405074929, "researchAndDevelopmentExpenses": 0, "generalAndAdministrativeExpenses": 0, "sellingAndMarketingExpenses": 0, "sellingGeneralAndAdministrativeExpenses": 971100000, "otherExpenses": 501300000, "operatingExpenses": 1472400000, "costAndExpenses": 8081200000, "interestIncome": 0, "interestExpense": 0, "depreciationAndAmortization": 501300000, "ebitda": 1528600000, "ebitdaratio": 0.1756688425, "operatingIncome": 620400000, "operatingIncomeRatio": 0.0712972327, "totalOtherIncomeExpensesNet": -406900000, "incomeBeforeTax": -177800000, "incomeBeforeTaxRatio": -0.0204330238, "incomeTaxExpense": -76900000, "netIncome": -100900000, "netIncomeRatio": -0.0115955686, "eps": -0.2, "epsdiluted": -0.2, "weightedAverageShsOut": 504500000, "weightedAverageShsOutDil": 504500000, "link": "", "finalLink": "", "calculatedOtherExpenses": 501300000, "calculatedOperatingExpenses": 1472400000, "calculatedNetInterest": 0, "calculatedOtherIncome": -798200000, "calculatedIncomeNonControlling": 0, "calculatedEbitda": 1121700000}, {"date": "1990-12-31", "symbol": "WY", "reportedCurrency": "USD", "cik": "0000106535", "fillingDate": "1990-12-31", "acceptedDate": "1990-12-30 19:00:00", "calendarYear": "1990", "period": "FY", "revenue": 9024300000, "costOfRevenue": 6582800000, "grossProfit": 2441500000, "grossProfitRatio": 0.2705473001, "researchAndDevelopmentExpenses": 0, "generalAndAdministrativeExpenses": 0, "sellingAndMarketingExpenses": 0, "sellingGeneralAndAdministrativeExpenses": 970300000, "otherExpenses": 468300000, "operatingExpenses": 1438600000, "costAndExpenses": 8021400000, "interestIncome": 0, "interestExpense": 0, "depreciationAndAmortization": 468300000, "ebitda": 1451300000, "ebitdaratio": 0.1608213379, "operatingIncome": 1002900000, "operatingIncomeRatio": 0.1111332735, "totalOtherIncomeExpensesNet": 19900000, "incomeBeforeTax": 599800000, "incomeBeforeTaxRatio": 0.066464989, "incomeTaxExpense": 206100000, "netIncome": 393700000, "netIncomeRatio": 0.0436266525, "eps": 0.75, "epsdiluted": 0.75, "weightedAverageShsOut": 526336898, "weightedAverageShsOutDil": 526336898, "link": "", "finalLink": "", "calculatedOtherExpenses": 468300000, "calculatedOperatingExpenses": 1438600000, "calculatedNetInterest": 0, "calculatedOtherIncome": -403100000, "calculatedIncomeNonControlling": 0, "calculatedEbitda": 1471200000}, {"date": "1989-12-31", "symbol": "WY", "reportedCurrency": "USD", "cik": "0000106535", "fillingDate": "1989-12-31", "acceptedDate": "1989-12-30 19:00:00", "calendarYear": "1989", "period": "FY", "revenue": 10105600000, "costOfRevenue": 7205400000, "grossProfit": 2900200000, "grossProfitRatio": 0.286989392, "researchAndDevelopmentExpenses": 0, "generalAndAdministrativeExpenses": 0, "sellingAndMarketingExpenses": 0, "sellingGeneralAndAdministrativeExpenses": 1567200000, "otherExpenses": 481300000, "operatingExpenses": 2048500000, "costAndExpenses": 9253900000, "interestIncome": 0, "interestExpense": 0, "depreciationAndAmortization": 481300000, "ebitda": 1125900000, "ebitdaratio": 0.1114134737, "operatingIncome": 851700000, "operatingIncomeRatio": 0.0842800032, "totalOtherIncomeExpensesNet": 207100000, "incomeBeforeTax": 514100000, "incomeBeforeTaxRatio": 0.0508727834, "incomeTaxExpense": 173000000, "netIncome": 341100000, "netIncomeRatio": 0.0337535624, "eps": 0.62, "epsdiluted": 0.62, "weightedAverageShsOut": 546634615, "weightedAverageShsOutDil": 546634615, "link": "", "finalLink": "", "calculatedOtherExpenses": 481300000, "calculatedOperatingExpenses": 2048500000, "calculatedNetInterest": 0, "calculatedOtherIncome": -337600000, "calculatedIncomeNonControlling": 0, "calculatedEbitda": 1333000000}, {"date": "1988-12-31", "symbol": "WY", "reportedCurrency": "USD", "cik": "0000106535", "fillingDate": "1988-12-31", "acceptedDate": "1988-12-30 19:00:00", "calendarYear": "1988", "period": "FY", "revenue": 10004200000, "costOfRevenue": 7314400000, "grossProfit": 2689800000, "grossProfitRatio": 0.2688670758, "researchAndDevelopmentExpenses": 0, "generalAndAdministrativeExpenses": 0, "sellingAndMarketingExpenses": 0, "sellingGeneralAndAdministrativeExpenses": 981400000, "otherExpenses": 415300000, "operatingExpenses": 1396700000, "costAndExpenses": 8711100000, "interestIncome": 0, "interestExpense": 0, "depreciationAndAmortization": 415300000, "ebitda": 1698700000, "ebitdaratio": 0.1697986846, "operatingIncome": 1293100000, "operatingIncomeRatio": 0.1292557126, "totalOtherIncomeExpensesNet": 9700000, "incomeBeforeTax": 849000000, "incomeBeforeTaxRatio": 0.084864357, "incomeTaxExpense": 284600000, "netIncome": 564400000, "netIncomeRatio": 0.0564163052, "eps": 1.07, "epsdiluted": 1.07, "weightedAverageShsOut": 526492537, "weightedAverageShsOutDil": 526492537, "link": "", "finalLink": "", "calculatedOtherExpenses": 415300000, "calculatedOperatingExpenses": 1396700000, "calculatedNetInterest": 0, "calculatedOtherIncome": -444100000, "calculatedIncomeNonControlling": 0, "calculatedEbitda": 1708400000}, {"date": "1987-12-31", "symbol": "WY", "reportedCurrency": "USD", "cik": "0000106535", "fillingDate": "1987-12-31", "acceptedDate": "1987-12-30 19:00:00", "calendarYear": "1987", "period": "FY", "revenue": 6989800000, "costOfRevenue": 5273600000, "grossProfit": 1716200000, "grossProfitRatio": 0.2455291997, "researchAndDevelopmentExpenses": 0, "generalAndAdministrativeExpenses": 0, "sellingAndMarketingExpenses": 0, "sellingGeneralAndAdministrativeExpenses": 623500000, "otherExpenses": 370700000, "operatingExpenses": 994200000, "costAndExpenses": 6267800000, "interestIncome": 0, "interestExpense": 0, "depreciationAndAmortization": 370700000, "ebitda": 934100000, "ebitdaratio": 0.1336375862, "operatingIncome": 722000000, "operatingIncomeRatio": 0.1032933703, "totalOtherIncomeExpensesNet": 158600000, "incomeBeforeTax": 713100000, "incomeBeforeTaxRatio": 0.1020200864, "incomeTaxExpense": 266500000, "netIncome": 446600000, "netIncomeRatio": 0.0638931014, "eps": 0.57, "epsdiluted": 0.57, "weightedAverageShsOut": 506105000, "weightedAverageShsOutDil": 506105000, "link": "", "finalLink": "", "calculatedOtherExpenses": 370700000, "calculatedOperatingExpenses": 994200000, "calculatedNetInterest": 0, "calculatedOtherIncome": -8900000, "calculatedIncomeNonControlling": 0, "calculatedEbitda": 1092700000}, {"date": "1986-12-31", "symbol": "WY", "reportedCurrency": "USD", "cik": "0000106535", "fillingDate": "1986-12-31", "acceptedDate": "1986-12-30 19:00:00", "calendarYear": "1986", "period": "FY", "revenue": 5652000000, "costOfRevenue": 4396700000, "grossProfit": 1255300000, "grossProfitRatio": 0.2220983723, "researchAndDevelopmentExpenses": 0, "generalAndAdministrativeExpenses": 0, "sellingAndMarketingExpenses": 0, "sellingGeneralAndAdministrativeExpenses": 508000000, "otherExpenses": 347500000, "operatingExpenses": 855500000, "costAndExpenses": 5252200000, "interestIncome": 0, "interestExpense": 0, "depreciationAndAmortization": 347500000, "ebitda": 597200000, "ebitdaratio": 0.1056617127, "operatingIncome": 399800000, "operatingIncomeRatio": 0.0707360226, "totalOtherIncomeExpensesNet": 150100000, "incomeBeforeTax": 420600000, "incomeBeforeTaxRatio": 0.0744161359, "incomeTaxExpense": 143900000, "netIncome": 276700000, "netIncomeRatio": 0.0489561217, "eps": 0.34, "epsdiluted": 0.34, "weightedAverageShsOut": 489395000, "weightedAverageShsOutDil": 489395000, "link": "", "finalLink": "", "calculatedOtherExpenses": 347500000, "calculatedOperatingExpenses": 855500000, "calculatedNetInterest": 0, "calculatedOtherIncome": 20800000, "calculatedIncomeNonControlling": 0, "calculatedEbitda": 747300000}, {"date": "1985-12-31", "symbol": "WY", "reportedCurrency": "USD", "cik": "0000106535", "fillingDate": "1985-12-31", "acceptedDate": "1985-12-30 19:00:00", "calendarYear": "1985", "period": "FY", "revenue": 5205600000, "costOfRevenue": 4108200000, "grossProfit": 1097400000, "grossProfitRatio": 0.2108114338, "researchAndDevelopmentExpenses": 0, "generalAndAdministrativeExpenses": 0, "sellingAndMarketingExpenses": 0, "sellingGeneralAndAdministrativeExpenses": 475600000, "otherExpenses": 350200000, "operatingExpenses": 825800000, "costAndExpenses": 4934000000, "interestIncome": 0, "interestExpense": 0, "depreciationAndAmortization": 350200000, "ebitda": 479500000, "ebitdaratio": 0.0921123406, "operatingIncome": 271600000, "operatingIncomeRatio": 0.0521745812, "totalOtherIncomeExpensesNet": 142300000, "incomeBeforeTax": 303700000, "incomeBeforeTaxRatio": 0.0583410174, "incomeTaxExpense": 103600000, "netIncome": 200100000, "netIncomeRatio": 0.038439373, "eps": 0.23, "epsdiluted": 0.23, "weightedAverageShsOut": 486930000, "weightedAverageShsOutDil": 486930000, "link": "", "finalLink": "", "calculatedOtherExpenses": 350200000, "calculatedOperatingExpenses": 825800000, "calculatedNetInterest": 0, "calculatedOtherIncome": 32100000, "calculatedIncomeNonControlling": 0, "calculatedEbitda": 621800000}]}