{"originalCurrency": "USD", "convertedCurrency": "USD", "report": [{"date": "2023-12-31", "symbol": "WYNN", "reportedCurrency": "USD", "cik": "0001174922", "fillingDate": "2024-02-23", "acceptedDate": "2024-02-23 17:08:56", "calendarYear": "2023", "period": "FY", "revenue": 6531897000, "costOfRevenue": 4395833000, "grossProfit": 2136064000, "grossProfitRatio": 0.3270204659, "researchAndDevelopmentExpenses": 0, "generalAndAdministrativeExpenses": 1065022000, "sellingAndMarketingExpenses": -3964000, "sellingGeneralAndAdministrativeExpenses": 1061058000, "otherExpenses": -130877000, "operatingExpenses": 1191935000, "costAndExpenses": 5587768000, "interestIncome": 175785000, "interestExpense": 751509000, "depreciationAndAmortization": 687270000, "ebitda": 1631399000, "ebitdaratio": 0.2497588373, "operatingIncome": 944129000, "operatingIncomeRatio": 0.1445413178, "totalOtherIncomeExpensesNet": -658746000, "incomeBeforeTax": 285383000, "incomeBeforeTaxRatio": 0.0436906767, "incomeTaxExpense": -496834000, "netIncome": 729994000, "netIncomeRatio": 0.1117583452, "eps": 6.49, "epsdiluted": 6.32, "weightedAverageShsOut": 112523000, "weightedAverageShsOutDil": 112855000, "link": "https://www.sec.gov/Archives/edgar/data/1174922/000117492224000046/0001174922-24-000046-index.htm", "finalLink": "https://www.sec.gov/Archives/edgar/data/1174922/000117492224000046/wynn-20231231.htm", "calculatedOtherExpenses": 130877000, "calculatedOperatingExpenses": 1191935000, "calculatedNetInterest": -575724000, "calculatedOtherIncome": -83022000, "calculatedIncomeNonControlling": 52223000, "calculatedEbitda": 1631399000}, {"date": "2022-12-31", "symbol": "WYNN", "reportedCurrency": "USD", "cik": "0001174922", "fillingDate": "2023-02-27", "acceptedDate": "2023-02-27 16:55:16", "calendarYear": "2022", "period": "FY", "revenue": 3756825000, "costOfRevenue": 2503374000, "grossProfit": 1253451000, "grossProfitRatio": 0.3336463636, "researchAndDevelopmentExpenses": 0, "generalAndAdministrativeExpenses": 830450000, "sellingAndMarketingExpenses": 0, "sellingGeneralAndAdministrativeExpenses": 830450000, "otherExpenses": 705666000, "operatingExpenses": 1536116000, "costAndExpenses": 4039490000, "interestIncome": 29758000, "interestExpense": 650885000, "depreciationAndAmortization": 692318000, "ebitda": 445222000, "ebitdaratio": 0.1185101781, "operatingIncome": -247096000, "operatingIncomeRatio": -0.0657725606, "totalOtherIncomeExpensesNet": -452940000, "incomeBeforeTax": -700036000, "incomeBeforeTaxRatio": -0.1863371331, "incomeTaxExpense": 9332000, "netIncome": -709368000, "netIncomeRatio": -0.1888211455, "eps": -6.24, "epsdiluted": -6.24, "weightedAverageShsOut": 113623000, "weightedAverageShsOutDil": 113623000, "link": "https://www.sec.gov/Archives/edgar/data/1174922/000117492223000048/0001174922-23-000048-index.htm", "finalLink": "https://www.sec.gov/Archives/edgar/data/1174922/000117492223000048/wynn-20221231.htm", "calculatedOtherExpenses": 670097000, "calculatedOperatingExpenses": 1500547000, "calculatedNetInterest": -621127000, "calculatedOtherIncome": 168187000, "calculatedIncomeNonControlling": 0, "calculatedEbitda": 445222000}, {"date": "2021-12-31", "symbol": "WYNN", "reportedCurrency": "USD", "cik": "0001174922", "fillingDate": "2022-02-28", "acceptedDate": "2022-02-28 16:53:06", "calendarYear": "2021", "period": "FY", "revenue": 3763664000, "costOfRevenue": 2558581000, "grossProfit": 1205083000, "grossProfitRatio": 0.3201887841, "researchAndDevelopmentExpenses": 0, "generalAndAdministrativeExpenses": 796592000, "sellingAndMarketingExpenses": 0, "sellingGeneralAndAdministrativeExpenses": 796592000, "otherExpenses": 752270000, "operatingExpenses": 1548862000, "costAndExpenses": 4107443000, "interestIncome": 3213000, "interestExpense": 605562000, "depreciationAndAmortization": 715962000, "ebitda": 300708000, "ebitdaratio": 0.0798976742, "operatingIncome": -415254000, "operatingIncomeRatio": -0.1103323782, "totalOtherIncomeExpensesNet": -596262000, "incomeBeforeTax": -1011516000, "incomeBeforeTaxRatio": -0.2687583164, "incomeTaxExpense": 474000, "netIncome": -1011990000, "netIncomeRatio": -0.2688842575, "eps": -8.9, "epsdiluted": -8.9, "weightedAverageShsOut": 113760000, "weightedAverageShsOutDil": 113760000, "link": "https://www.sec.gov/Archives/edgar/data/1174922/000117492222000031/0001174922-22-000031-index.htm", "finalLink": "https://www.sec.gov/Archives/edgar/data/1174922/000117492222000031/wynn-20211231.htm", "calculatedOtherExpenses": 823745000, "calculatedOperatingExpenses": 1620337000, "calculatedNetInterest": -602349000, "calculatedOtherIncome": 6087000, "calculatedIncomeNonControlling": 0, "calculatedEbitda": 300708000}, {"date": "2020-12-31", "symbol": "WYNN", "reportedCurrency": "USD", "cik": "0001174922", "fillingDate": "2021-02-26", "acceptedDate": "2021-02-26 17:05:22", "calendarYear": "2020", "period": "FY", "revenue": 2095861000, "costOfRevenue": 1743219000, "grossProfit": 352642000, "grossProfitRatio": 0.1682563872, "researchAndDevelopmentExpenses": 0, "generalAndAdministrativeExpenses": 720849000, "sellingAndMarketingExpenses": 0, "sellingGeneralAndAdministrativeExpenses": 720849000, "otherExpenses": 796383000, "operatingExpenses": 1517232000, "costAndExpenses": 3260451000, "interestIncome": 15384000, "interestExpense": 556474000, "depreciationAndAmortization": 701952000, "ebitda": -462638000, "ebitdaratio": -0.2207388753, "operatingIncome": -1164590000, "operatingIncomeRatio": -0.5556618497, "totalOtherIncomeExpensesNet": -597685000, "incomeBeforeTax": -1762275000, "incomeBeforeTaxRatio": -0.8408358188, "incomeTaxExpense": 564671000, "netIncome": -2326946000, "netIncomeRatio": -1.110257789, "eps": -21.8, "epsdiluted": -21.8, "weightedAverageShsOut": 106745000, "weightedAverageShsOutDil": 106745000, "link": "https://www.sec.gov/Archives/edgar/data/1174922/000117492221000029/0001174922-21-000029-index.htm", "finalLink": "https://www.sec.gov/Archives/edgar/data/1174922/000117492221000029/wynn-20201231.htm", "calculatedOtherExpenses": 796383000, "calculatedOperatingExpenses": 1517232000, "calculatedNetInterest": -541090000, "calculatedOtherIncome": -56595000, "calculatedIncomeNonControlling": 0, "calculatedEbitda": -462638000}, {"date": "2019-12-31", "symbol": "WYNN", "reportedCurrency": "USD", "cik": "0001174922", "fillingDate": "2020-02-28", "acceptedDate": "2020-02-28 16:32:03", "calendarYear": "2019", "period": "FY", "revenue": 6611099000, "costOfRevenue": 4067053000, "grossProfit": 2544046000, "grossProfitRatio": 0.3848143856, "researchAndDevelopmentExpenses": 0, "generalAndAdministrativeExpenses": 896670000, "sellingAndMarketingExpenses": 61300000, "sellingGeneralAndAdministrativeExpenses": 896670000, "otherExpenses": 748785000, "operatingExpenses": 1645455000, "costAndExpenses": 5712508000, "interestIncome": 24449000, "interestExpense": 414030000, "depreciationAndAmortization": 684772000, "ebitda": 1563077000, "ebitdaratio": 0.2364322483, "operatingIncome": 878305000, "operatingIncomeRatio": 0.1328531005, "totalOtherIncomeExpensesNet": -390087000, "incomeBeforeTax": 488218000, "incomeBeforeTaxRatio": 0.0738482361, "incomeTaxExpense": 176840000, "netIncome": 311378000, "netIncomeRatio": 0.0470992796, "eps": 2.92, "epsdiluted": 2.91, "weightedAverageShsOut": 106745000, "weightedAverageShsOutDil": 106985000, "link": "https://www.sec.gov/Archives/edgar/data/1174922/000117492220000024/0001174922-20-000024-index.htm", "finalLink": "https://www.sec.gov/Archives/edgar/data/1174922/000117492220000024/wynn-20191231.htm", "calculatedOtherExpenses": 769071000, "calculatedOperatingExpenses": 1665741000, "calculatedNetInterest": -389581000, "calculatedOtherIncome": -506000, "calculatedIncomeNonControlling": 0, "calculatedEbitda": 1563077000}, {"date": "2018-12-31", "symbol": "WYNN", "reportedCurrency": "USD", "cik": "0001174922", "fillingDate": "2019-02-28", "acceptedDate": "2019-02-28 16:41:29", "calendarYear": "2018", "period": "FY", "revenue": 6717660000, "costOfRevenue": 4086275000, "grossProfit": 2631385000, "grossProfitRatio": 0.3917115484, "researchAndDevelopmentExpenses": 0, "generalAndAdministrativeExpenses": 749665000, "sellingAndMarketingExpenses": 40600000, "sellingGeneralAndAdministrativeExpenses": 749665000, "otherExpenses": -73405000, "operatingExpenses": 1360278000, "costAndExpenses": 5446553000, "interestIncome": 29866000, "interestExpense": 381849000, "depreciationAndAmortization": 550596000, "ebitda": 1778164000, "ebitdaratio": 0.2646999104, "operatingIncome": 747294000, "operatingIncomeRatio": 0.1112432008, "totalOtherIncomeExpensesNet": -601634000, "incomeBeforeTax": 317490000, "incomeBeforeTaxRatio": 0.047261993, "incomeTaxExpense": -497344000, "netIncome": 584180000, "netIncomeRatio": 0.086961829, "eps": 5.48, "epsdiluted": 5.46, "weightedAverageShsOut": 106529000, "weightedAverageShsOutDil": 107032000, "link": "https://www.sec.gov/Archives/edgar/data/1174922/000117492219000021/0001174922-19-000021-index.htm", "finalLink": "https://www.sec.gov/Archives/edgar/data/1174922/000117492219000021/wrl-20181231x10k.htm", "calculatedOtherExpenses": 1134426000, "calculatedOperatingExpenses": 1884091000, "calculatedNetInterest": -351983000, "calculatedOtherIncome": -77821000, "calculatedIncomeNonControlling": 230654000, "calculatedEbitda": 1297890000}, {"date": "2017-12-31", "symbol": "WYNN", "reportedCurrency": "USD", "cik": "0001174922", "fillingDate": "2018-02-28", "acceptedDate": "2018-02-28 17:06:26", "calendarYear": "2017", "period": "FY", "revenue": 6306368000, "costOfRevenue": 3963393000, "grossProfit": 2342975000, "grossProfitRatio": 0.3715252583, "researchAndDevelopmentExpenses": 0, "generalAndAdministrativeExpenses": 685485000, "sellingAndMarketingExpenses": 37800000, "sellingGeneralAndAdministrativeExpenses": 685485000, "otherExpenses": -81409000, "operatingExpenses": 1257834000, "costAndExpenses": 5221227000, "interestIncome": 31193000, "interestExpense": 388664000, "depreciationAndAmortization": 552368000, "ebitda": 1587293000, "ebitdaratio": 0.2516968563, "operatingIncome": 1055565000, "operatingIncomeRatio": 0.1673808125, "totalOtherIncomeExpensesNet": -167401000, "incomeBeforeTax": 560269000, "incomeBeforeTaxRatio": 0.0888417866, "incomeTaxExpense": -328985000, "netIncome": 747181000, "netIncomeRatio": 0.1184803995, "eps": 7.32, "epsdiluted": 7.28, "weightedAverageShsOut": 102071000, "weightedAverageShsOutDil": 102598000, "link": "https://www.sec.gov/Archives/edgar/data/1174922/000117492218000019/0001174922-18-000019-index.htm", "finalLink": "https://www.sec.gov/Archives/edgar/data/1174922/000117492218000019/wrl-20171231x10k.htm", "calculatedOtherExpenses": 601925000, "calculatedOperatingExpenses": 1287410000, "calculatedNetInterest": -357471000, "calculatedOtherIncome": -137825000, "calculatedIncomeNonControlling": 142073000, "calculatedEbitda": 1607933000}, {"date": "2016-12-31", "symbol": "WYNN", "reportedCurrency": "USD", "cik": "0001174922", "fillingDate": "2017-02-24", "acceptedDate": "2017-02-24 09:07:32", "calendarYear": "2016", "period": "FY", "revenue": 4466297000, "costOfRevenue": 2774022000, "grossProfit": 1692275000, "grossProfitRatio": 0.3788988954, "researchAndDevelopmentExpenses": 0, "generalAndAdministrativeExpenses": 548141000, "sellingAndMarketingExpenses": 37000000, "sellingGeneralAndAdministrativeExpenses": 548141000, "otherExpenses": 64315000, "operatingExpenses": 1115791000, "costAndExpenses": 3889813000, "interestIncome": 13536000, "interestExpense": 289365000, "depreciationAndAmortization": 404730000, "ebitda": 1059081000, "ebitdaratio": 0.2371273115, "operatingIncome": 521662000, "operatingIncomeRatio": 0.1167996665, "totalOtherIncomeExpensesNet": 9942000, "incomeBeforeTax": 310597000, "incomeBeforeTaxRatio": 0.0695423972, "incomeTaxExpense": 8128000, "netIncome": 241975000, "netIncomeRatio": 0.0541779913, "eps": 2.39, "epsdiluted": 2.38, "weightedAverageShsOut": 101445000, "weightedAverageShsOutDil": 101855000, "link": "https://www.sec.gov/Archives/edgar/data/1174922/000117492217000027/0001174922-17-000027-index.htm", "finalLink": "https://www.sec.gov/Archives/edgar/data/1174922/000117492217000027/wrl-20161231x10k.htm", "calculatedOtherExpenses": 622472000, "calculatedOperatingExpenses": 1170613000, "calculatedNetInterest": -275829000, "calculatedOtherIncome": 64764000, "calculatedIncomeNonControlling": 60494000, "calculatedEbitda": 926392000}, {"date": "2015-12-31", "symbol": "WYNN", "reportedCurrency": "USD", "cik": "0001174922", "fillingDate": "2016-02-29", "acceptedDate": "2016-02-29 09:35:54", "calendarYear": "2015", "period": "FY", "revenue": 4075883000, "costOfRevenue": 2530374000, "grossProfit": 1545509000, "grossProfitRatio": 0.379183848, "researchAndDevelopmentExpenses": 0, "generalAndAdministrativeExpenses": 464793000, "sellingAndMarketingExpenses": 0, "sellingGeneralAndAdministrativeExpenses": 464793000, "otherExpenses": 53591000, "operatingExpenses": 876160000, "costAndExpenses": 3406534000, "interestIncome": 7229000, "interestExpense": 300906000, "depreciationAndAmortization": 322629000, "ebitda": 1054621000, "ebitdaratio": 0.2587466323, "operatingIncome": 658814000, "operatingIncomeRatio": 0.1616371226, "totalOtherIncomeExpensesNet": -86425000, "incomeBeforeTax": 289247000, "incomeBeforeTaxRatio": 0.0709654816, "incomeTaxExpense": 7723000, "netIncome": 195290000, "netIncomeRatio": 0.0479135441, "eps": 1.93, "epsdiluted": 1.92, "weightedAverageShsOut": 101163000, "weightedAverageShsOutDil": 101671000, "link": "https://www.sec.gov/Archives/edgar/data/1174922/000117492216000144/0001174922-16-000144-index.htm", "finalLink": "https://www.sec.gov/Archives/edgar/data/1174922/000117492216000144/wrl-20151231x10k.htm", "calculatedOtherExpenses": 421902000, "calculatedOperatingExpenses": 886695000, "calculatedNetInterest": -293677000, "calculatedOtherIncome": -75890000, "calculatedIncomeNonControlling": 86234000, "calculatedEbitda": 981443000}, {"date": "2014-12-31", "symbol": "WYNN", "reportedCurrency": "USD", "cik": "0001174922", "fillingDate": "2015-03-02", "acceptedDate": "2015-02-27 17:34:27", "calendarYear": "2014", "period": "FY", "revenue": 5433661000, "costOfRevenue": 3316311000, "grossProfit": 2117350000, "grossProfitRatio": 0.3896728191, "researchAndDevelopmentExpenses": 0, "generalAndAdministrativeExpenses": 492464000, "sellingAndMarketingExpenses": 0, "sellingGeneralAndAdministrativeExpenses": 492464000, "otherExpenses": -182000, "operatingExpenses": 840635000, "costAndExpenses": 4156946000, "interestIncome": 20441000, "interestExpense": 315062000, "depreciationAndAmortization": 314119000, "ebitda": 1612442000, "ebitdaratio": 0.2967505702, "operatingIncome": 1266278000, "operatingIncomeRatio": 0.2330432465, "totalOtherIncomeExpensesNet": -23232000, "incomeBeforeTax": 958862000, "incomeBeforeTaxRatio": 0.1764670266, "incomeTaxExpense": -3782000, "netIncome": 731554000, "netIncomeRatio": 0.1346337212, "eps": 7.25, "epsdiluted": 7.18, "weightedAverageShsOut": 100927000, "weightedAverageShsOutDil": 101931000, "link": "https://www.sec.gov/Archives/edgar/data/1174922/000117492215000021/0001174922-15-000021-index.htm", "finalLink": "https://www.sec.gov/Archives/edgar/data/1174922/000117492215000021/wrl-20141231x10k.htm", "calculatedOtherExpenses": 358608000, "calculatedOperatingExpenses": 851072000, "calculatedNetInterest": -294621000, "calculatedOtherIncome": -12795000, "calculatedIncomeNonControlling": 231090000, "calculatedEbitda": 1580397000}, {"date": "2013-12-31", "symbol": "WYNN", "reportedCurrency": "USD", "cik": "0001174922", "fillingDate": "2014-02-28", "acceptedDate": "2014-02-28 16:54:40", "calendarYear": "2013", "period": "FY", "revenue": 5620936000, "costOfRevenue": 3478822000, "grossProfit": 2142114000, "grossProfitRatio": 0.381095604, "researchAndDevelopmentExpenses": 0, "generalAndAdministrativeExpenses": 448788000, "sellingAndMarketingExpenses": 0, "sellingGeneralAndAdministrativeExpenses": 448788000, "otherExpenses": 4856000, "operatingExpenses": 834885000, "costAndExpenses": 4313707000, "interestIncome": 15713000, "interestExpense": 299022000, "depreciationAndAmortization": 371051000, "ebitda": 1699934000, "ebitdaratio": 0.3024289905, "operatingIncome": 1290091000, "operatingIncomeRatio": 0.2295153334, "totalOtherIncomeExpensesNet": -37397000, "incomeBeforeTax": 986523000, "incomeBeforeTaxRatio": 0.1755086697, "incomeTaxExpense": -17634000, "netIncome": 728652000, "netIncomeRatio": 0.1296317909, "eps": 7.25, "epsdiluted": 7.17, "weightedAverageShsOut": 100540000, "weightedAverageShsOutDil": 101641000, "link": "https://www.sec.gov/Archives/edgar/data/1174922/000119312514077632/0001193125-14-077632-index.htm", "finalLink": "https://www.sec.gov/Archives/edgar/data/1174922/000119312514077632/d644551d10k.htm", "calculatedOtherExpenses": 403235000, "calculatedOperatingExpenses": 852023000, "calculatedNetInterest": -283309000, "calculatedOtherIncome": -20259000, "calculatedIncomeNonControlling": 275505000, "calculatedEbitda": 1661142000}, {"date": "2012-12-31", "symbol": "WYNN", "reportedCurrency": "USD", "cik": "0001174922", "fillingDate": "2013-03-01", "acceptedDate": "2013-03-01 16:09:00", "calendarYear": "2012", "period": "FY", "revenue": 5154284000, "costOfRevenue": 3251575000, "grossProfit": 1902709000, "grossProfitRatio": 0.369150982, "researchAndDevelopmentExpenses": 0, "generalAndAdministrativeExpenses": 441699000, "sellingAndMarketingExpenses": 0, "sellingGeneralAndAdministrativeExpenses": 441699000, "otherExpenses": 3012000, "operatingExpenses": 833455000, "costAndExpenses": 4085030000, "interestIncome": 12543000, "interestExpense": 288759000, "depreciationAndAmortization": 373199000, "ebitda": 1459094000, "ebitdaratio": 0.2830837416, "operatingIncome": 1029276000, "operatingIncomeRatio": 0.1996933037, "totalOtherIncomeExpensesNet": -60040000, "incomeBeforeTax": 732998000, "incomeBeforeTaxRatio": 0.1422114109, "incomeTaxExpense": 4299000, "netIncome": 502036000, "netIncomeRatio": 0.0974016954, "eps": 4.87, "epsdiluted": 4.82, "weightedAverageShsOut": 103092000, "weightedAverageShsOutDil": 104249000, "link": "https://www.sec.gov/Archives/edgar/data/1174922/000119312513087674/0001193125-13-087674-index.htm", "finalLink": "https://www.sec.gov/Archives/edgar/data/1174922/000119312513087674/d459372d10k.htm", "calculatedOtherExpenses": 431734000, "calculatedOperatingExpenses": 873433000, "calculatedNetInterest": -276216000, "calculatedOtherIncome": -20062000, "calculatedIncomeNonControlling": 226663000, "calculatedEbitda": 1402475000}, {"date": "2011-12-31", "symbol": "WYNN", "reportedCurrency": "USD", "cik": "0001174922", "fillingDate": "2012-02-29", "acceptedDate": "2012-02-29 16:47:29", "calendarYear": "2011", "period": "FY", "revenue": 5269792000, "costOfRevenue": 3310033000, "grossProfit": 1959759000, "grossProfitRatio": 0.3718854558, "researchAndDevelopmentExpenses": 0, "generalAndAdministrativeExpenses": 389053000, "sellingAndMarketingExpenses": 130649000, "sellingGeneralAndAdministrativeExpenses": 519702000, "otherExpenses": 431817000, "operatingExpenses": 951519000, "costAndExpenses": 4261552000, "interestIncome": 7654000, "interestExpense": 229918000, "depreciationAndAmortization": 398039000, "ebitda": 1622046000, "ebitdaratio": 0.3078007633, "operatingIncome": 1008240000, "operatingIncomeRatio": 0.1913244394, "totalOtherIncomeExpensesNet": -187050000, "incomeBeforeTax": 805567000, "incomeBeforeTaxRatio": 0.1528650467, "incomeTaxExpense": -19546000, "netIncome": 613371000, "netIncomeRatio": 0.116393778, "eps": 4.94, "epsdiluted": 4.88, "weightedAverageShsOut": 124039000, "weightedAverageShsOutDil": 125667000, "link": "https://www.sec.gov/Archives/edgar/data/1174922/000119312512089377/0001193125-12-089377-index.htm", "finalLink": "https://www.sec.gov/Archives/edgar/data/1174922/000119312512089377/d272879d10k.htm", "calculatedOtherExpenses": 431817000, "calculatedOperatingExpenses": 951519000, "calculatedNetInterest": -222264000, "calculatedOtherIncome": 19591000, "calculatedIncomeNonControlling": 211742000, "calculatedEbitda": 1406279000}, {"date": "2010-12-31", "symbol": "WYNN", "reportedCurrency": "USD", "cik": "0001174922", "fillingDate": "2011-03-01", "acceptedDate": "2011-02-28 20:55:43", "calendarYear": "2010", "period": "FY", "revenue": 4184698000, "costOfRevenue": 2699615000, "grossProfit": 1485083000, "grossProfitRatio": 0.3548841517, "researchAndDevelopmentExpenses": 0, "generalAndAdministrativeExpenses": 391254000, "sellingAndMarketingExpenses": 34715000, "sellingGeneralAndAdministrativeExpenses": 425969000, "otherExpenses": 433862000, "operatingExpenses": 859831000, "costAndExpenses": 3559446000, "interestIncome": 2498000, "interestExpense": 222863000, "depreciationAndAmortization": 405558000, "ebitda": 1034109000, "ebitdaratio": 0.2471167573, "operatingIncome": 625252000, "operatingIncomeRatio": 0.1494138884, "totalOtherIncomeExpensesNet": -67844000, "incomeBeforeTax": 337043000, "incomeBeforeTaxRatio": 0.0805417739, "incomeTaxExpense": 20447000, "netIncome": 160127000, "netIncomeRatio": 0.0382648879, "eps": 1.3, "epsdiluted": 1.29, "weightedAverageShsOut": 122787000, "weightedAverageShsOutDil": 123939000, "link": "https://www.sec.gov/Archives/edgar/data/1174922/000119312511050547/0001193125-11-050547-index.htm", "finalLink": "https://www.sec.gov/Archives/edgar/data/1174922/000119312511050547/d10k.htm", "calculatedOtherExpenses": 433862000, "calculatedOperatingExpenses": 859831000, "calculatedNetInterest": -220365000, "calculatedOtherIncome": -67844000, "calculatedIncomeNonControlling": 156469000, "calculatedEbitda": 1030810000}, {"date": "2009-12-31", "symbol": "WYNN", "reportedCurrency": "USD", "cik": "0001174922", "fillingDate": "2010-03-01", "acceptedDate": "2010-02-26 20:20:18", "calendarYear": "2009", "period": "FY", "revenue": 3045611000, "costOfRevenue": 1989334000, "grossProfit": 1056277000, "grossProfitRatio": 0.3468194067, "researchAndDevelopmentExpenses": 0, "generalAndAdministrativeExpenses": 366785000, "sellingAndMarketingExpenses": 1817000, "sellingGeneralAndAdministrativeExpenses": 368602000, "otherExpenses": 424254000, "operatingExpenses": 792856000, "costAndExpenses": 2782190000, "interestIncome": 1740000, "interestExpense": 211385000, "depreciationAndAmortization": 410547000, "ebitda": 675829000, "ebitdaratio": 0.2219026002, "operatingIncome": 234963000, "operatingIncomeRatio": 0.0771480665, "totalOtherIncomeExpensesNet": -11670000, "incomeBeforeTax": 42106000, "incomeBeforeTaxRatio": 0.0138251405, "incomeTaxExpense": 2999000, "netIncome": 20654000, "netIncomeRatio": 0.0067815621, "eps": 0.17, "epsdiluted": 0.17, "weightedAverageShsOut": 119840000, "weightedAverageShsOutDil": 120185000, "link": "https://www.sec.gov/Archives/edgar/data/1174922/000119312510043336/0001193125-10-043336-index.htm", "finalLink": "https://www.sec.gov/Archives/edgar/data/1174922/000119312510043336/d10k.htm", "calculatedOtherExpenses": 452712000, "calculatedOperatingExpenses": 821314000, "calculatedNetInterest": -209645000, "calculatedOtherIncome": 16788000, "calculatedIncomeNonControlling": 18453000, "calculatedEbitda": 645510000}, {"date": "2008-12-31", "symbol": "WYNN", "reportedCurrency": "USD", "cik": "0001174922", "fillingDate": "2009-03-02", "acceptedDate": "2009-02-27 21:42:03", "calendarYear": "2008", "period": "FY", "revenue": 2987324000, "costOfRevenue": 1938308000, "grossProfit": 1049016000, "grossProfitRatio": 0.3511557501, "researchAndDevelopmentExpenses": 0, "generalAndAdministrativeExpenses": 319303000, "sellingAndMarketingExpenses": 104959000, "sellingGeneralAndAdministrativeExpenses": 424262000, "otherExpenses": 312253000, "operatingExpenses": 736515000, "costAndExpenses": 2674823000, "interestIncome": 21517000, "interestExpense": 172693000, "depreciationAndAmortization": 262848000, "ebitda": 598219000, "ebitdaratio": 0.2002524668, "operatingIncome": 313854000, "operatingIncomeRatio": 0.1050619216, "totalOtherIncomeExpensesNet": -12042000, "incomeBeforeTax": 149283000, "incomeBeforeTaxRatio": 0.049972149, "incomeTaxExpense": -60923000, "netIncome": 210206000, "netIncomeRatio": 0.0703659864, "eps": 1.94, "epsdiluted": 1.92, "weightedAverageShsOut": 108408000, "weightedAverageShsOutDil": 109441000, "link": "https://www.sec.gov/Archives/edgar/data/1174922/000119312509041408/0001193125-09-041408-index.htm", "finalLink": "https://www.sec.gov/Archives/edgar/data/1174922/000119312509041408/d10k.htm", "calculatedOtherExpenses": 310900000, "calculatedOperatingExpenses": 735162000, "calculatedNetInterest": -151176000, "calculatedOtherIncome": -13395000, "calculatedIncomeNonControlling": 0, "calculatedEbitda": 576702000}, {"date": "2007-12-31", "symbol": "WYNN", "reportedCurrency": "USD", "cik": "0001174922", "fillingDate": "2008-02-22", "acceptedDate": "2008-02-22 17:10:43", "calendarYear": "2007", "period": "FY", "revenue": 2687519000, "costOfRevenue": 1625065000, "grossProfit": 1062454000, "grossProfitRatio": 0.395328926, "researchAndDevelopmentExpenses": 0, "generalAndAdministrativeExpenses": 310820000, "sellingAndMarketingExpenses": 43172000, "sellingGeneralAndAdministrativeExpenses": 353992000, "otherExpenses": 279059000, "operatingExpenses": 633051000, "costAndExpenses": 2258116000, "interestIncome": 0, "interestExpense": -143777000, "depreciationAndAmortization": 239241000, "ebitda": 735659000, "ebitdaratio": 0.2737316462, "operatingIncome": 429403000, "operatingIncomeRatio": 0.1597767309, "totalOtherIncomeExpensesNet": -65294000, "incomeBeforeTax": 327233000, "incomeBeforeTaxRatio": 0.1217602555, "incomeTaxExpense": 69085000, "netIncome": 258148000, "netIncomeRatio": 0.0960543907, "eps": 1.85, "epsdiluted": 1.8, "weightedAverageShsOut": 106030000, "weightedAverageShsOutDil": 112685000, "link": "https://www.sec.gov/Archives/edgar/data/1174922/000119312508036412/0001193125-08-036412-index.htm", "finalLink": "https://www.sec.gov/Archives/edgar/data/1174922/000119312508036412/d10k.htm", "calculatedOtherExpenses": 279059000, "calculatedOperatingExpenses": 633051000, "calculatedNetInterest": 143777000, "calculatedOtherIncome": -245947000, "calculatedIncomeNonControlling": 0, "calculatedEbitda": 668644000}, {"date": "2006-12-31", "symbol": "WYNN", "reportedCurrency": "USD", "cik": "0001174922", "fillingDate": "2007-03-01", "acceptedDate": "2007-03-01 16:11:21", "calendarYear": "2006", "period": "FY", "revenue": 1432257000, "costOfRevenue": 842713000, "grossProfit": 589544000, "grossProfitRatio": 0.4116188645, "researchAndDevelopmentExpenses": 0, "generalAndAdministrativeExpenses": 231515000, "sellingAndMarketingExpenses": 113949000, "sellingGeneralAndAdministrativeExpenses": 345464000, "otherExpenses": 1072590000, "operatingExpenses": 1418054000, "costAndExpenses": 2260767000, "interestIncome": 0, "interestExpense": -148017000, "depreciationAndAmortization": 198883000, "ebitda": -1459222000, "ebitdaratio": -1.0188269284, "operatingIncome": 70899000, "operatingIncomeRatio": 0.0495015908, "totalOtherIncomeExpensesNet": 831878000, "incomeBeforeTax": 799229000, "incomeBeforeTaxRatio": 0.5580206625, "incomeTaxExpense": 170501000, "netIncome": 628728000, "netIncomeRatio": 0.438977083, "eps": 6.29, "epsdiluted": 6.24, "weightedAverageShsOut": 99998000, "weightedAverageShsOutDil": 111627000, "link": "https://www.sec.gov/Archives/edgar/data/1174922/000119312507044367/0001193125-07-044367-index.htm", "finalLink": "https://www.sec.gov/Archives/edgar/data/1174922/000119312507044367/d10k.htm", "calculatedOtherExpenses": 173181000, "calculatedOperatingExpenses": 518645000, "calculatedNetInterest": 148017000, "calculatedOtherIncome": 580313000, "calculatedIncomeNonControlling": 0, "calculatedEbitda": 269782000}, {"date": "2005-12-31", "symbol": "WYNN", "reportedCurrency": "USD", "cik": "0001174922", "fillingDate": "2006-03-16", "acceptedDate": "2006-03-16 06:32:16", "calendarYear": "2005", "period": "FY", "revenue": 721981000, "costOfRevenue": 398101000, "grossProfit": 323880000, "grossProfitRatio": 0.4485990629, "researchAndDevelopmentExpenses": 0, "generalAndAdministrativeExpenses": 118980000, "sellingAndMarketingExpenses": 127443000, "sellingGeneralAndAdministrativeExpenses": 246423000, "otherExpenses": 102013000, "operatingExpenses": 348436000, "costAndExpenses": 746537000, "interestIncome": 0, "interestExpense": -102699000, "depreciationAndAmortization": 122065000, "ebitda": 97509000, "ebitdaratio": 0.1350575708, "operatingIncome": -24556000, "operatingIncomeRatio": -0.0340119754, "totalOtherIncomeExpensesNet": 1331000, "incomeBeforeTax": -90836000, "incomeBeforeTaxRatio": -0.1258149453, "incomeTaxExpense": 67611000, "netIncome": -90836000, "netIncomeRatio": -0.1258149453, "eps": -0.92, "epsdiluted": -0.92, "weightedAverageShsOut": 98308000, "weightedAverageShsOutDil": 98308000, "link": "https://www.sec.gov/Archives/edgar/data/1174922/000119312506055625/0001193125-06-055625-index.htm", "finalLink": "https://www.sec.gov/Archives/edgar/data/1174922/000119312506055625/d10k.htm", "calculatedOtherExpenses": 102013000, "calculatedOperatingExpenses": 348436000, "calculatedNetInterest": 102699000, "calculatedOtherIncome": -168979000, "calculatedIncomeNonControlling": -67611000, "calculatedEbitda": 97509000}, {"date": "2004-12-31", "symbol": "WYNN", "reportedCurrency": "USD", "cik": "0001174922", "fillingDate": "2005-03-15", "acceptedDate": "2005-03-15 17:32:52", "calendarYear": "2004", "period": "FY", "revenue": 195000, "costOfRevenue": 82040000, "grossProfit": -81845000, "grossProfitRatio": -419.7179487179, "researchAndDevelopmentExpenses": 0, "generalAndAdministrativeExpenses": 0, "sellingAndMarketingExpenses": 0, "sellingGeneralAndAdministrativeExpenses": 335000, "otherExpenses": 7618000, "operatingExpenses": 7953000, "costAndExpenses": 89993000, "interestIncome": 8633000, "interestExpense": -2687000, "depreciationAndAmortization": 70980000, "ebitda": 104609000, "ebitdaratio": 536.4564102564, "operatingIncome": -89798000, "operatingIncomeRatio": -460.5025641026, "totalOtherIncomeExpensesNet": -123427000, "incomeBeforeTax": -213225000, "incomeBeforeTaxRatio": -1093.4615384615, "incomeTaxExpense": 115788000, "netIncome": -205586000, "netIncomeRatio": -1054.2871794872, "eps": -2.37, "epsdiluted": -2.37, "weightedAverageShsOut": 86778000, "weightedAverageShsOutDil": 86778000, "link": "https://www.sec.gov/Archives/edgar/data/1174922/000119312505051268/0001193125-05-051268-index.htm", "finalLink": "https://www.sec.gov/Archives/edgar/data/1174922/000119312505051268/d10k.htm", "calculatedOtherExpenses": 7618000, "calculatedOperatingExpenses": 7953000, "calculatedNetInterest": 11320000, "calculatedOtherIncome": -134747000, "calculatedIncomeNonControlling": -123427000, "calculatedEbitda": -18818000}, {"date": "2003-12-31", "symbol": "WYNN", "reportedCurrency": "USD", "cik": "0001174922", "fillingDate": "2004-03-15", "acceptedDate": "2004-03-12 21:49:09", "calendarYear": "2003", "period": "FY", "revenue": 1018000, "costOfRevenue": 47119000, "grossProfit": -46101000, "grossProfitRatio": -45.2858546169, "researchAndDevelopmentExpenses": 0, "generalAndAdministrativeExpenses": 0, "sellingAndMarketingExpenses": 0, "sellingGeneralAndAdministrativeExpenses": 1495000, "otherExpenses": 5739000, "operatingExpenses": 7234000, "costAndExpenses": 54353000, "interestIncome": 10345000, "interestExpense": -9031000, "depreciationAndAmortization": 21941000, "ebitda": -31398000, "ebitdaratio": -30.8428290766, "operatingIncome": -53335000, "operatingIncomeRatio": -52.3919449902, "totalOtherIncomeExpensesNet": 4000, "incomeBeforeTax": -53331000, "incomeBeforeTaxRatio": -52.3880157171, "incomeTaxExpense": -4443000, "netIncome": -48892000, "netIncomeRatio": -48.0275049116, "eps": -0.5, "epsdiluted": -0.5, "weightedAverageShsOut": 97784000, "weightedAverageShsOutDil": 97784000, "link": "https://www.sec.gov/Archives/edgar/data/1174922/000119312504040959/0001193125-04-040959-index.htm", "finalLink": "https://www.sec.gov/Archives/edgar/data/1174922/000119312504040959/d10k.htm", "calculatedOtherExpenses": 5739000, "calculatedOperatingExpenses": 7234000, "calculatedNetInterest": 19376000, "calculatedOtherIncome": -19372000, "calculatedIncomeNonControlling": 4000, "calculatedEbitda": -31394000}, {"date": "2002-12-31", "symbol": "WYNN", "reportedCurrency": "USD", "cik": "0001174922", "fillingDate": "2003-03-28", "acceptedDate": "2003-03-28 15:36:28", "calendarYear": "2002", "period": "FY", "revenue": 1159000, "costOfRevenue": 25147000, "grossProfit": -23988000, "grossProfitRatio": -20.6971527179, "researchAndDevelopmentExpenses": 0, "generalAndAdministrativeExpenses": 0, "sellingAndMarketingExpenses": 0, "sellingGeneralAndAdministrativeExpenses": 1499000, "otherExpenses": 8913000, "operatingExpenses": 10412000, "costAndExpenses": 35559000, "interestIncome": 3718000, "interestExpense": -1897000, "depreciationAndAmortization": 9246000, "ebitda": -25175000, "ebitdaratio": -21.7213114754, "operatingIncome": -34400000, "operatingIncomeRatio": -29.6807592752, "totalOtherIncomeExpensesNet": 21000, "incomeBeforeTax": -34379000, "incomeBeforeTaxRatio": -29.6626402071, "incomeTaxExpense": -2687000, "netIncome": -31713000, "netIncomeRatio": -27.3623813632, "eps": -0.8, "epsdiluted": -0.8, "weightedAverageShsOut": 39742000, "weightedAverageShsOutDil": 39742000, "link": "https://www.sec.gov/Archives/edgar/data/1174922/000095016803001027/0000950168-03-001027-index.htm", "finalLink": "https://www.sec.gov/Archives/edgar/data/1174922/000095016803001027/d10k.htm", "calculatedOtherExpenses": 8913000, "calculatedOperatingExpenses": 10412000, "calculatedNetInterest": 5615000, "calculatedOtherIncome": -5594000, "calculatedIncomeNonControlling": 21000, "calculatedEbitda": -25154000}, {"date": "2001-12-31", "symbol": "WYNN", "reportedCurrency": "USD", "cik": "0001174922", "fillingDate": "2001-12-31", "acceptedDate": "2001-12-30 19:00:00", "calendarYear": "2001", "period": "FY", "revenue": 793000, "costOfRevenue": 0, "grossProfit": 793000, "grossProfitRatio": 1, "researchAndDevelopmentExpenses": 0, "generalAndAdministrativeExpenses": 0, "sellingAndMarketingExpenses": 0, "sellingGeneralAndAdministrativeExpenses": 0, "otherExpenses": -20853000, "operatingExpenses": -20853000, "costAndExpenses": -20853000, "interestIncome": 0, "interestExpense": 0, "depreciationAndAmortization": 20853000, "ebitda": 793000, "ebitdaratio": 1, "operatingIncome": -20060000, "operatingIncomeRatio": -25.2963430013, "totalOtherIncomeExpensesNet": 0, "incomeBeforeTax": 0, "incomeBeforeTaxRatio": 0, "incomeTaxExpense": -2334000, "netIncome": -17726000, "netIncomeRatio": -22.3530895334, "eps": -0.45, "epsdiluted": -0.45, "weightedAverageShsOut": 39391111, "weightedAverageShsOutDil": 39391111, "link": "", "finalLink": "", "calculatedOtherExpenses": 20853000, "calculatedOperatingExpenses": 20853000, "calculatedNetInterest": 0, "calculatedOtherIncome": 20060000, "calculatedIncomeNonControlling": 20060000, "calculatedEbitda": 793000}, {"date": "2000-12-31", "symbol": "WYNN", "reportedCurrency": "USD", "cik": "0001174922", "fillingDate": "2000-12-31", "acceptedDate": "2000-12-30 19:00:00", "calendarYear": "2000", "period": "FY", "revenue": 77000, "costOfRevenue": 0, "grossProfit": 77000, "grossProfitRatio": 1, "researchAndDevelopmentExpenses": 0, "generalAndAdministrativeExpenses": 0, "sellingAndMarketingExpenses": 0, "sellingGeneralAndAdministrativeExpenses": 0, "otherExpenses": 12112000, "operatingExpenses": 12112000, "costAndExpenses": 12112000, "interestIncome": 0, "interestExpense": 0, "depreciationAndAmortization": 0, "ebitda": -12035000, "ebitdaratio": -156.2987012987, "operatingIncome": -12035000, "operatingIncomeRatio": -156.2987012987, "totalOtherIncomeExpensesNet": 0, "incomeBeforeTax": 0, "incomeBeforeTaxRatio": 0, "incomeTaxExpense": 10616000, "netIncome": -10616000, "netIncomeRatio": -137.8701298701, "eps": -0.28, "epsdiluted": -0.28, "weightedAverageShsOut": 37914286, "weightedAverageShsOutDil": 37914286, "link": "", "finalLink": "", "calculatedOtherExpenses": 12112000, "calculatedOperatingExpenses": 12112000, "calculatedNetInterest": 0, "calculatedOtherIncome": 12035000, "calculatedIncomeNonControlling": 0, "calculatedEbitda": -12035000}]}