{"originalCurrency": "USD", "convertedCurrency": "USD", "report": [{"date": "2023-12-31", "symbol": "X", "reportedCurrency": "USD", "cik": "0001163302", "fillingDate": "2024-02-02", "acceptedDate": "2024-02-02 13:15:59", "calendarYear": "2023", "period": "FY", "revenue": 16038000000, "costOfRevenue": 15803000000, "grossProfit": 235000000, "grossProfitRatio": 0.0146526998, "researchAndDevelopmentExpenses": 0, "generalAndAdministrativeExpenses": 0, "sellingAndMarketingExpenses": 0, "sellingGeneralAndAdministrativeExpenses": 501000000, "otherExpenses": 154000000, "operatingExpenses": 501000000, "costAndExpenses": 16304000000, "interestIncome": -141000000, "interestExpense": 72000000, "depreciationAndAmortization": 916000000, "ebitda": 2035000000, "ebitdaratio": 0.1268861454, "operatingIncome": -266000000, "operatingIncomeRatio": -0.0165856092, "totalOtherIncomeExpensesNet": 1313000000, "incomeBeforeTax": 1047000000, "incomeBeforeTaxRatio": 0.0652824542, "incomeTaxExpense": 152000000, "netIncome": 895000000, "netIncomeRatio": 0.0558049632, "eps": 3.98, "epsdiluted": 3.56, "weightedAverageShsOut": 224761000, "weightedAverageShsOutDil": 255360000, "link": "https://www.sec.gov/Archives/edgar/data/1163302/000116330224000009/0001163302-24-000009-index.htm", "finalLink": "https://www.sec.gov/Archives/edgar/data/1163302/000116330224000009/x-20231231.htm", "calculatedOtherExpenses": 0, "calculatedOperatingExpenses": 501000000, "calculatedNetInterest": -213000000, "calculatedOtherIncome": 1526000000, "calculatedIncomeNonControlling": 0, "calculatedEbitda": 650000000}, {"date": "2022-12-31", "symbol": "X", "reportedCurrency": "USD", "cik": "0001163302", "fillingDate": "2023-02-03", "acceptedDate": "2023-02-03 11:42:11", "calendarYear": "2022", "period": "FY", "revenue": 21065000000, "costOfRevenue": 16777000000, "grossProfit": 4288000000, "grossProfitRatio": 0.2035604083, "researchAndDevelopmentExpenses": 0, "generalAndAdministrativeExpenses": 0, "sellingAndMarketingExpenses": 0, "sellingGeneralAndAdministrativeExpenses": 422000000, "otherExpenses": 756000000, "operatingExpenses": 1178000000, "costAndExpenses": 17955000000, "interestIncome": 44000000, "interestExpense": 159000000, "depreciationAndAmortization": 791000000, "ebitda": 4100000000, "ebitdaratio": 0.1946356516, "operatingIncome": 3309000000, "operatingIncomeRatio": 0.1570852124, "totalOtherIncomeExpensesNet": -50000000, "incomeBeforeTax": 3259000000, "incomeBeforeTaxRatio": 0.1547116069, "incomeTaxExpense": 735000000, "netIncome": 2524000000, "netIncomeRatio": 0.119819606, "eps": 10.22, "epsdiluted": 9.16, "weightedAverageShsOut": 246986000, "weightedAverageShsOutDil": 276963000, "link": "https://www.sec.gov/Archives/edgar/data/1163302/000116330223000016/0001163302-23-000016-index.htm", "finalLink": "https://www.sec.gov/Archives/edgar/data/1163302/000116330223000016/x-20221231.htm", "calculatedOtherExpenses": 557000000, "calculatedOperatingExpenses": 979000000, "calculatedNetInterest": -115000000, "calculatedOtherIncome": 65000000, "calculatedIncomeNonControlling": 0, "calculatedEbitda": 4100000000}, {"date": "2021-12-31", "symbol": "X", "reportedCurrency": "USD", "cik": "0001163302", "fillingDate": "2022-02-11", "acceptedDate": "2022-02-11 11:58:56", "calendarYear": "2021", "period": "FY", "revenue": 20275000000, "costOfRevenue": 14533000000, "grossProfit": 5742000000, "grossProfitRatio": 0.2832059186, "researchAndDevelopmentExpenses": 0, "generalAndAdministrativeExpenses": 0, "sellingAndMarketingExpenses": 0, "sellingGeneralAndAdministrativeExpenses": 426000000, "otherExpenses": 763000000, "operatingExpenses": 1189000000, "costAndExpenses": 15722000000, "interestIncome": 4000000, "interestExpense": 313000000, "depreciationAndAmortization": 791000000, "ebitda": 5232000000, "ebitdaratio": 0.2580517879, "operatingIncome": 4441000000, "operatingIncomeRatio": 0.2190382244, "totalOtherIncomeExpensesNet": -97000000, "incomeBeforeTax": 4344000000, "incomeBeforeTaxRatio": 0.2142540074, "incomeTaxExpense": 170000000, "netIncome": 4174000000, "netIncomeRatio": 0.2058692972, "eps": 15.77, "epsdiluted": 14.88, "weightedAverageShsOut": 264666999, "weightedAverageShsOutDil": 280444000, "link": "https://www.sec.gov/Archives/edgar/data/1163302/000116330222000021/0001163302-22-000021-index.htm", "finalLink": "https://www.sec.gov/Archives/edgar/data/1163302/000116330222000021/x-20211231.htm", "calculatedOtherExpenses": 875000000, "calculatedOperatingExpenses": 1301000000, "calculatedNetInterest": -309000000, "calculatedOtherIncome": 212000000, "calculatedIncomeNonControlling": 0, "calculatedEbitda": 5232000000}, {"date": "2020-12-31", "symbol": "X", "reportedCurrency": "USD", "cik": "0001163302", "fillingDate": "2021-02-12", "acceptedDate": "2021-02-12 16:46:37", "calendarYear": "2020", "period": "FY", "revenue": 9741000000, "costOfRevenue": 9558000000, "grossProfit": 183000000, "grossProfitRatio": 0.0187865722, "researchAndDevelopmentExpenses": 0, "generalAndAdministrativeExpenses": 0, "sellingAndMarketingExpenses": 0, "sellingGeneralAndAdministrativeExpenses": 274000000, "otherExpenses": 643000000, "operatingExpenses": 917000000, "costAndExpenses": 10475000000, "interestIncome": 7000000, "interestExpense": 232000000, "depreciationAndAmortization": 643000000, "ebitda": -180000000, "ebitdaratio": -0.0184785956, "operatingIncome": -823000000, "operatingIncomeRatio": -0.0844882456, "totalOtherIncomeExpensesNet": -484000000, "incomeBeforeTax": -1307000000, "incomeBeforeTaxRatio": -0.134175136, "incomeTaxExpense": -142000000, "netIncome": -1165000000, "netIncomeRatio": -0.1195975773, "eps": -5.92, "epsdiluted": -5.92, "weightedAverageShsOut": 196721000, "weightedAverageShsOutDil": 196721000, "link": "https://www.sec.gov/Archives/edgar/data/1163302/000116330221000013/0001163302-21-000013-index.htm", "finalLink": "https://www.sec.gov/Archives/edgar/data/1163302/000116330221000013/x-20201231.htm", "calculatedOtherExpenses": 732000000, "calculatedOperatingExpenses": 1006000000, "calculatedNetInterest": -225000000, "calculatedOtherIncome": -259000000, "calculatedIncomeNonControlling": 0, "calculatedEbitda": -180000000}, {"date": "2019-12-31", "symbol": "X", "reportedCurrency": "USD", "cik": "0001163302", "fillingDate": "2020-02-14", "acceptedDate": "2020-02-14 16:48:33", "calendarYear": "2019", "period": "FY", "revenue": 12937000000, "costOfRevenue": 12082000000, "grossProfit": 855000000, "grossProfitRatio": 0.0660895107, "researchAndDevelopmentExpenses": 0, "generalAndAdministrativeExpenses": 0, "sellingAndMarketingExpenses": 0, "sellingGeneralAndAdministrativeExpenses": 289000000, "otherExpenses": 601000000, "operatingExpenses": 890000000, "costAndExpenses": 12972000000, "interestIncome": 17000000, "interestExpense": 142000000, "depreciationAndAmortization": 616000000, "ebitda": 855000000, "ebitdaratio": 0.0660895107, "operatingIncome": 239000000, "operatingIncomeRatio": 0.0184741439, "totalOtherIncomeExpensesNet": -691000000, "incomeBeforeTax": -452000000, "incomeBeforeTaxRatio": -0.0349385483, "incomeTaxExpense": 190000000, "netIncome": -642000000, "netIncomeRatio": -0.0496251063, "eps": -3.75, "epsdiluted": -3.75, "weightedAverageShsOut": 171418000, "weightedAverageShsOutDil": 171418000, "link": "https://www.sec.gov/Archives/edgar/data/1163302/000116330220000012/0001163302-20-000012-index.htm", "finalLink": "https://www.sec.gov/Archives/edgar/data/1163302/000116330220000012/form10k191231.htm", "calculatedOtherExpenses": 327000000, "calculatedOperatingExpenses": 616000000, "calculatedNetInterest": -125000000, "calculatedOtherIncome": -566000000, "calculatedIncomeNonControlling": 0, "calculatedEbitda": 855000000}, {"date": "2018-12-31", "symbol": "X", "reportedCurrency": "USD", "cik": "0001163302", "fillingDate": "2019-02-15", "acceptedDate": "2019-02-15 11:06:06", "calendarYear": "2018", "period": "FY", "revenue": 14178000000, "costOfRevenue": 12305000000, "grossProfit": 1873000000, "grossProfitRatio": 0.1321060798, "researchAndDevelopmentExpenses": 0, "generalAndAdministrativeExpenses": 336000000, "sellingAndMarketingExpenses": 0, "sellingGeneralAndAdministrativeExpenses": 336000000, "otherExpenses": -69000000, "operatingExpenses": 854000000, "costAndExpenses": 13159000000, "interestIncome": 23000000, "interestExpense": 168000000, "depreciationAndAmortization": 521000000, "ebitda": 1534000000, "ebitdaratio": 0.1081957963, "operatingIncome": 1019000000, "operatingIncomeRatio": 0.0718719142, "totalOtherIncomeExpensesNet": 105000000, "incomeBeforeTax": 812000000, "incomeBeforeTaxRatio": 0.0572718296, "incomeTaxExpense": -303000000, "netIncome": 1115000000, "netIncomeRatio": 0.078642968, "eps": 6.31, "epsdiluted": 6.25, "weightedAverageShsOut": 176633000, "weightedAverageShsOutDil": 178461000, "link": "https://www.sec.gov/Archives/edgar/data/1163302/000116330219000014/0001163302-19-000014-index.htm", "finalLink": "https://www.sec.gov/Archives/edgar/data/1163302/000116330219000014/x2018123110k.htm", "calculatedOtherExpenses": 518000000, "calculatedOperatingExpenses": 854000000, "calculatedNetInterest": -145000000, "calculatedOtherIncome": -62000000, "calculatedIncomeNonControlling": 0, "calculatedEbitda": 1540000000}, {"date": "2017-12-31", "symbol": "X", "reportedCurrency": "USD", "cik": "0001163302", "fillingDate": "2018-02-21", "acceptedDate": "2018-02-21 12:22:27", "calendarYear": "2017", "period": "FY", "revenue": 12250000000, "costOfRevenue": 10864000000, "grossProfit": 1386000000, "grossProfitRatio": 0.1131428571, "researchAndDevelopmentExpenses": 0, "generalAndAdministrativeExpenses": 375000000, "sellingAndMarketingExpenses": 0, "sellingGeneralAndAdministrativeExpenses": 375000000, "otherExpenses": 493000000, "operatingExpenses": 870000000, "costAndExpenses": 11734000000, "interestIncome": 17000000, "interestExpense": 226000000, "depreciationAndAmortization": 501000000, "ebitda": 971000000, "ebitdaratio": 0.0792653061, "operatingIncome": 608000000, "operatingIncomeRatio": 0.0496326531, "totalOtherIncomeExpensesNet": 92000000, "incomeBeforeTax": 301000000, "incomeBeforeTaxRatio": 0.0245714286, "incomeTaxExpense": -86000000, "netIncome": 387000000, "netIncomeRatio": 0.0315918367, "eps": 2.21, "epsdiluted": 2.19, "weightedAverageShsOut": 174793000, "weightedAverageShsOutDil": 176520000, "link": "https://www.sec.gov/Archives/edgar/data/1163302/000116330218000011/0001163302-18-000011-index.htm", "finalLink": "https://www.sec.gov/Archives/edgar/data/1163302/000116330218000011/x2017123110k.htm", "calculatedOtherExpenses": 403000000, "calculatedOperatingExpenses": 778000000, "calculatedNetInterest": -209000000, "calculatedOtherIncome": -98000000, "calculatedIncomeNonControlling": 0, "calculatedEbitda": 1109000000}, {"date": "2016-12-31", "symbol": "X", "reportedCurrency": "USD", "cik": "0001163302", "fillingDate": "2017-02-28", "acceptedDate": "2017-02-28 14:56:06", "calendarYear": "2016", "period": "FY", "revenue": 10261000000, "costOfRevenue": 9623000000, "grossProfit": 638000000, "grossProfitRatio": 0.0621771757, "researchAndDevelopmentExpenses": 0, "generalAndAdministrativeExpenses": 255000000, "sellingAndMarketingExpenses": 0, "sellingGeneralAndAdministrativeExpenses": 255000000, "otherExpenses": 505000000, "operatingExpenses": 760000000, "costAndExpenses": 10383000000, "interestIncome": 5000000, "interestExpense": 230000000, "depreciationAndAmortization": 507000000, "ebitda": 526000000, "ebitdaratio": 0.0512620602, "operatingIncome": -165000000, "operatingIncomeRatio": -0.0160803041, "totalOtherIncomeExpensesNet": -43000000, "incomeBeforeTax": -416000000, "incomeBeforeTaxRatio": -0.0405418575, "incomeTaxExpense": 24000000, "netIncome": -440000000, "netIncomeRatio": -0.0428808108, "eps": -2.81, "epsdiluted": -2.81, "weightedAverageShsOut": 156583629, "weightedAverageShsOutDil": 156673000, "link": "https://www.sec.gov/Archives/edgar/data/1163302/000116330217000009/0001163302-17-000009-index.htm", "finalLink": "https://www.sec.gov/Archives/edgar/data/1163302/000116330217000009/x2016123110-k.htm", "calculatedOtherExpenses": 548000000, "calculatedOperatingExpenses": 803000000, "calculatedNetInterest": -225000000, "calculatedOtherIncome": -26000000, "calculatedIncomeNonControlling": 0, "calculatedEbitda": 342000000}, {"date": "2015-12-31", "symbol": "X", "reportedCurrency": "USD", "cik": "0001163302", "fillingDate": "2016-02-29", "acceptedDate": "2016-02-29 14:26:29", "calendarYear": "2015", "period": "FY", "revenue": 11574000000, "costOfRevenue": 11141000000, "grossProfit": 433000000, "grossProfitRatio": 0.0374114394, "researchAndDevelopmentExpenses": 0, "generalAndAdministrativeExpenses": 415000000, "sellingAndMarketingExpenses": -26000000, "sellingGeneralAndAdministrativeExpenses": 389000000, "otherExpenses": 546000000, "operatingExpenses": 935000000, "costAndExpenses": 12076000000, "interestIncome": 3000000, "interestExpense": 214000000, "depreciationAndAmortization": 547000000, "ebitda": 636000000, "ebitdaratio": 0.0549507517, "operatingIncome": -1055000000, "operatingIncomeRatio": -0.0911525834, "totalOtherIncomeExpensesNet": -553000000, "incomeBeforeTax": -1312000000, "incomeBeforeTaxRatio": -0.1133575255, "incomeTaxExpense": 196000000, "netIncome": -1508000000, "netIncomeRatio": -0.1302920339, "eps": -10.32, "epsdiluted": -10.32, "weightedAverageShsOut": 146085409, "weightedAverageShsOutDil": 146094000, "link": "https://www.sec.gov/Archives/edgar/data/1163302/000116330216000083/0001163302-16-000083-index.htm", "finalLink": "https://www.sec.gov/Archives/edgar/data/1163302/000116330216000083/x2015123110-k.htm", "calculatedOtherExpenses": 1099000000, "calculatedOperatingExpenses": 1488000000, "calculatedNetInterest": -211000000, "calculatedOtherIncome": -46000000, "calculatedIncomeNonControlling": 0, "calculatedEbitda": -508000000}, {"date": "2014-12-31", "symbol": "X", "reportedCurrency": "USD", "cik": "0001163302", "fillingDate": "2015-02-24", "acceptedDate": "2015-02-24 16:57:07", "calendarYear": "2014", "period": "FY", "revenue": 17507000000, "costOfRevenue": 15449000000, "grossProfit": 2058000000, "grossProfitRatio": 0.1175529788, "researchAndDevelopmentExpenses": 0, "generalAndAdministrativeExpenses": 523000000, "sellingAndMarketingExpenses": 0, "sellingGeneralAndAdministrativeExpenses": 523000000, "otherExpenses": 615000000, "operatingExpenses": 1138000000, "costAndExpenses": 16587000000, "interestIncome": 12000000, "interestExpense": 234000000, "depreciationAndAmortization": 627000000, "ebitda": 2196000000, "ebitdaratio": 0.1254355401, "operatingIncome": 413000000, "operatingIncomeRatio": 0.0235905638, "totalOtherIncomeExpensesNet": -507000000, "incomeBeforeTax": 170000000, "incomeBeforeTaxRatio": 0.0097104016, "incomeTaxExpense": 68000000, "netIncome": 102000000, "netIncomeRatio": 0.0058262409, "eps": 0.71, "epsdiluted": 0.69, "weightedAverageShsOut": 145164000, "weightedAverageShsOutDil": 152103000, "link": "https://www.sec.gov/Archives/edgar/data/1163302/000116330215000011/0001163302-15-000011-index.htm", "finalLink": "https://www.sec.gov/Archives/edgar/data/1163302/000116330215000011/x2014123110-k.htm", "calculatedOtherExpenses": 1122000000, "calculatedOperatingExpenses": 1645000000, "calculatedNetInterest": -222000000, "calculatedOtherIncome": -21000000, "calculatedIncomeNonControlling": 0, "calculatedEbitda": 1040000000}, {"date": "2013-12-31", "symbol": "X", "reportedCurrency": "USD", "cik": "0001163302", "fillingDate": "2014-02-25", "acceptedDate": "2014-02-25 16:56:50", "calendarYear": "2013", "period": "FY", "revenue": 17424000000, "costOfRevenue": 16016000000, "grossProfit": 1408000000, "grossProfitRatio": 0.0808080808, "researchAndDevelopmentExpenses": 0, "generalAndAdministrativeExpenses": 610000000, "sellingAndMarketingExpenses": 0, "sellingGeneralAndAdministrativeExpenses": 610000000, "otherExpenses": 684000000, "operatingExpenses": 1294000000, "costAndExpenses": 17310000000, "interestIncome": 3000000, "interestExpense": 266000000, "depreciationAndAmortization": 684000000, "ebitda": 2852000000, "ebitdaratio": 0.1636822773, "operatingIncome": -1900000000, "operatingIncomeRatio": -0.1090449954, "totalOtherIncomeExpensesNet": -2014000000, "incomeBeforeTax": -2232000000, "incomeBeforeTaxRatio": -0.1280991736, "incomeTaxExpense": -168000000, "netIncome": -2064000000, "netIncomeRatio": -0.1184573003, "eps": -14.28, "epsdiluted": -14.28, "weightedAverageShsOut": 144578000, "weightedAverageShsOutDil": 144578000, "link": "https://www.sec.gov/Archives/edgar/data/1163302/000116330214000010/0001163302-14-000010-index.htm", "finalLink": "https://www.sec.gov/Archives/edgar/data/1163302/000116330214000010/x2013123110-k.htm", "calculatedOtherExpenses": 2698000000, "calculatedOperatingExpenses": 3308000000, "calculatedNetInterest": -263000000, "calculatedOtherIncome": -69000000, "calculatedIncomeNonControlling": 0, "calculatedEbitda": -1216000000}, {"date": "2012-12-31", "symbol": "X", "reportedCurrency": "USD", "cik": "0001163302", "fillingDate": "2013-02-15", "acceptedDate": "2013-02-15 08:27:47", "calendarYear": "2012", "period": "FY", "revenue": 19328000000, "costOfRevenue": 17630000000, "grossProfit": 1698000000, "grossProfitRatio": 0.0878518212, "researchAndDevelopmentExpenses": 0, "generalAndAdministrativeExpenses": 654000000, "sellingAndMarketingExpenses": 0, "sellingGeneralAndAdministrativeExpenses": 654000000, "otherExpenses": 645000000, "operatingExpenses": 1299000000, "costAndExpenses": 18929000000, "interestIncome": 7000000, "interestExpense": 214000000, "depreciationAndAmortization": 661000000, "ebitda": 1356000000, "ebitdaratio": 0.0701572848, "operatingIncome": 247000000, "operatingIncomeRatio": 0.0127793874, "totalOtherIncomeExpensesNet": -152000000, "incomeBeforeTax": 6000000, "incomeBeforeTaxRatio": 0.0003104305, "incomeTaxExpense": 131000000, "netIncome": -124000000, "netIncomeRatio": -0.0064155629, "eps": -0.86, "epsdiluted": -0.86, "weightedAverageShsOut": 144186046, "weightedAverageShsOutDil": 144237000, "link": "https://www.sec.gov/Archives/edgar/data/1163302/000119312513061613/0001193125-13-061613-index.htm", "finalLink": "https://www.sec.gov/Archives/edgar/data/1163302/000119312513061613/d448577d10k.htm", "calculatedOtherExpenses": 797000000, "calculatedOperatingExpenses": 1451000000, "calculatedNetInterest": -207000000, "calculatedOtherIncome": -34000000, "calculatedIncomeNonControlling": -1000000, "calculatedEbitda": 908000000}, {"date": "2011-12-31", "symbol": "X", "reportedCurrency": "USD", "cik": "0001163302", "fillingDate": "2012-02-28", "acceptedDate": "2012-02-28 13:55:38", "calendarYear": "2011", "period": "FY", "revenue": 19884000000, "costOfRevenue": 18343000000, "grossProfit": 1541000000, "grossProfitRatio": 0.0774994971, "researchAndDevelopmentExpenses": 0, "generalAndAdministrativeExpenses": 733000000, "sellingAndMarketingExpenses": 0, "sellingGeneralAndAdministrativeExpenses": 733000000, "otherExpenses": 670000000, "operatingExpenses": 1403000000, "costAndExpenses": 19746000000, "interestIncome": 6000000, "interestExpense": 190000000, "depreciationAndAmortization": 681000000, "ebitda": 794000000, "ebitdaratio": 0.0399316033, "operatingIncome": 248000000, "operatingIncomeRatio": 0.0124723396, "totalOtherIncomeExpensesNet": 110000000, "incomeBeforeTax": 9000000, "incomeBeforeTaxRatio": 0.0004526252, "incomeTaxExpense": 77000000, "netIncome": -68000000, "netIncomeRatio": -0.003419835, "eps": -0.47, "epsdiluted": -0.47, "weightedAverageShsOut": 143967000, "weightedAverageShsOutDil": 143967000, "link": "https://www.sec.gov/Archives/edgar/data/1163302/000119312512084547/0001193125-12-084547-index.htm", "finalLink": "https://www.sec.gov/Archives/edgar/data/1163302/000119312512084547/d260669d10k.htm", "calculatedOtherExpenses": 560000000, "calculatedOperatingExpenses": 1293000000, "calculatedNetInterest": -184000000, "calculatedOtherIncome": -55000000, "calculatedIncomeNonControlling": 0, "calculatedEbitda": 929000000}, {"date": "2010-12-31", "symbol": "X", "reportedCurrency": "USD", "cik": "0001163302", "fillingDate": "2011-02-22", "acceptedDate": "2011-02-22 16:54:59", "calendarYear": "2010", "period": "FY", "revenue": 17374000000, "costOfRevenue": 16259000000, "grossProfit": 1115000000, "grossProfitRatio": 0.0641763555, "researchAndDevelopmentExpenses": 0, "generalAndAdministrativeExpenses": 610000000, "sellingAndMarketingExpenses": 0, "sellingGeneralAndAdministrativeExpenses": 610000000, "otherExpenses": 643000000, "operatingExpenses": 1253000000, "costAndExpenses": 17512000000, "interestIncome": 7000000, "interestExpense": 274000000, "depreciationAndAmortization": 658000000, "ebitda": 513000000, "ebitdaratio": 0.0295268792, "operatingIncome": -111000000, "operatingIncomeRatio": -0.0063888569, "totalOtherIncomeExpensesNet": 27000000, "incomeBeforeTax": -385000000, "incomeBeforeTaxRatio": -0.0221595488, "incomeTaxExpense": 97000000, "netIncome": -482000000, "netIncomeRatio": -0.0277426039, "eps": -3.36, "epsdiluted": -3.36, "weightedAverageShsOut": 143571000, "weightedAverageShsOutDil": 143571000, "link": "https://www.sec.gov/Archives/edgar/data/1163302/000119312511042228/0001193125-11-042228-index.htm", "finalLink": "https://www.sec.gov/Archives/edgar/data/1163302/000119312511042228/d10k.htm", "calculatedOtherExpenses": 616000000, "calculatedOperatingExpenses": 1226000000, "calculatedNetInterest": -267000000, "calculatedOtherIncome": -7000000, "calculatedIncomeNonControlling": 0, "calculatedEbitda": 547000000}, {"date": "2009-12-31", "symbol": "X", "reportedCurrency": "USD", "cik": "0001163302", "fillingDate": "2010-02-24", "acceptedDate": "2010-02-24 15:54:56", "calendarYear": "2009", "period": "FY", "revenue": 11048000000, "costOfRevenue": 11597000000, "grossProfit": -549000000, "grossProfitRatio": -0.049692252, "researchAndDevelopmentExpenses": 0, "generalAndAdministrativeExpenses": 618000000, "sellingAndMarketingExpenses": 0, "sellingGeneralAndAdministrativeExpenses": 618000000, "otherExpenses": 612000000, "operatingExpenses": 1230000000, "costAndExpenses": 12827000000, "interestIncome": -10000000, "interestExpense": 149000000, "depreciationAndAmortization": 661000000, "ebitda": -1242000000, "ebitdaratio": -0.1124185373, "operatingIncome": -1684000000, "operatingIncomeRatio": -0.1524257784, "totalOtherIncomeExpensesNet": 95000000, "incomeBeforeTax": -1845000000, "incomeBeforeTaxRatio": -0.1669985518, "incomeTaxExpense": -439000000, "netIncome": -1401000000, "netIncomeRatio": -0.1268102824, "eps": -10.42, "epsdiluted": -10.42, "weightedAverageShsOut": 134469000, "weightedAverageShsOutDil": 134469000, "link": "https://www.sec.gov/Archives/edgar/data/1163302/000119312510038824/0001193125-10-038824-index.htm", "finalLink": "https://www.sec.gov/Archives/edgar/data/1163302/000119312510038824/d10k.htm", "calculatedOtherExpenses": 517000000, "calculatedOperatingExpenses": 1135000000, "calculatedNetInterest": -159000000, "calculatedOtherIncome": -2000000, "calculatedIncomeNonControlling": -5000000, "calculatedEbitda": -1023000000}, {"date": "2008-12-31", "symbol": "X", "reportedCurrency": "USD", "cik": "0001163302", "fillingDate": "2009-02-24", "acceptedDate": "2009-02-24 15:50:41", "calendarYear": "2008", "period": "FY", "revenue": 23817000000, "costOfRevenue": 19779000000, "grossProfit": 4038000000, "grossProfitRatio": 0.1695427636, "researchAndDevelopmentExpenses": 0, "generalAndAdministrativeExpenses": 625000000, "sellingAndMarketingExpenses": -6000000, "sellingGeneralAndAdministrativeExpenses": 619000000, "otherExpenses": 447000000, "operatingExpenses": 1066000000, "costAndExpenses": 20845000000, "interestIncome": 14000000, "interestExpense": 169000000, "depreciationAndAmortization": 605000000, "ebitda": 3560000000, "ebitdaratio": 0.1494730655, "operatingIncome": 3096000000, "operatingIncomeRatio": 0.1299911828, "totalOtherIncomeExpensesNet": 124000000, "incomeBeforeTax": 3034000000, "incomeBeforeTaxRatio": 0.1273880002, "incomeTaxExpense": 862000000, "netIncome": 2112000000, "netIncomeRatio": 0.0886761557, "eps": 18.04, "epsdiluted": 17.96, "weightedAverageShsOut": 117102000, "weightedAverageShsOutDil": 117621000, "link": "https://www.sec.gov/Archives/edgar/data/1163302/000119312509036175/0001193125-09-036175-index.htm", "finalLink": "https://www.sec.gov/Archives/edgar/data/1163302/000119312509036175/d10k.htm", "calculatedOtherExpenses": 323000000, "calculatedOperatingExpenses": 942000000, "calculatedNetInterest": -155000000, "calculatedOtherIncome": 93000000, "calculatedIncomeNonControlling": 60000000, "calculatedEbitda": 3701000000}, {"date": "2007-12-31", "symbol": "X", "reportedCurrency": "USD", "cik": "0001163302", "fillingDate": "2008-02-27", "acceptedDate": "2008-02-27 16:08:54", "calendarYear": "2007", "period": "FY", "revenue": 16873000000, "costOfRevenue": 14633000000, "grossProfit": 2240000000, "grossProfitRatio": 0.1327564748, "researchAndDevelopmentExpenses": 0, "generalAndAdministrativeExpenses": 589000000, "sellingAndMarketingExpenses": 0, "sellingGeneralAndAdministrativeExpenses": 589000000, "otherExpenses": 487000000, "operatingExpenses": 1076000000, "costAndExpenses": 15709000000, "interestIncome": 52000000, "interestExpense": 125000000, "depreciationAndAmortization": 506000000, "ebitda": 1712000000, "ebitdaratio": 0.1014638772, "operatingIncome": 1213000000, "operatingIncomeRatio": 0.0718900018, "totalOtherIncomeExpensesNet": 53000000, "incomeBeforeTax": 1108000000, "incomeBeforeTaxRatio": 0.065667042, "incomeTaxExpense": 218000000, "netIncome": 879000000, "netIncomeRatio": 0.0520950631, "eps": 7.44, "epsdiluted": 7.4, "weightedAverageShsOut": 118090000, "weightedAverageShsOutDil": 118815000, "link": "https://www.sec.gov/Archives/edgar/data/1163302/000119312508040079/0001193125-08-040079-index.htm", "finalLink": "https://www.sec.gov/Archives/edgar/data/1163302/000119312508040079/d10k.htm", "calculatedOtherExpenses": 438000000, "calculatedOperatingExpenses": 1027000000, "calculatedNetInterest": -73000000, "calculatedOtherIncome": -32000000, "calculatedIncomeNonControlling": 11000000, "calculatedEbitda": 1719000000}, {"date": "2006-12-31", "symbol": "X", "reportedCurrency": "USD", "cik": "0001163302", "fillingDate": "2007-02-27", "acceptedDate": "2007-02-27 15:36:00", "calendarYear": "2006", "period": "FY", "revenue": 15715000000, "costOfRevenue": 12968000000, "grossProfit": 2747000000, "grossProfitRatio": 0.1748011454, "researchAndDevelopmentExpenses": 0, "generalAndAdministrativeExpenses": 604000000, "sellingAndMarketingExpenses": 0, "sellingGeneralAndAdministrativeExpenses": 604000000, "otherExpenses": 428000000, "operatingExpenses": 1032000000, "costAndExpenses": 14000000000, "interestIncome": 57000000, "interestExpense": 106000000, "depreciationAndAmortization": 441000000, "ebitda": 2230000000, "ebitdaratio": 0.1419026408, "operatingIncome": 1785000000, "operatingIncomeRatio": 0.1135857461, "totalOtherIncomeExpensesNet": 97000000, "incomeBeforeTax": 1723000000, "incomeBeforeTaxRatio": 0.1096404709, "incomeTaxExpense": 324000000, "netIncome": 1374000000, "netIncomeRatio": 0.0874323894, "eps": 11.88, "epsdiluted": 11.18, "weightedAverageShsOut": 114918000, "weightedAverageShsOutDil": 122918000, "link": "https://www.sec.gov/Archives/edgar/data/1163302/000119312507040976/0001193125-07-040976-index.htm", "finalLink": "https://www.sec.gov/Archives/edgar/data/1163302/000119312507040976/d10k.htm", "calculatedOtherExpenses": 358000000, "calculatedOperatingExpenses": 962000000, "calculatedNetInterest": -49000000, "calculatedOtherIncome": -13000000, "calculatedIncomeNonControlling": 25000000, "calculatedEbitda": 2226000000}, {"date": "2005-12-31", "symbol": "X", "reportedCurrency": "USD", "cik": "0001163302", "fillingDate": "2006-02-28", "acceptedDate": "2006-02-28 17:20:22", "calendarYear": "2005", "period": "FY", "revenue": 14039000000, "costOfRevenue": 11601000000, "grossProfit": 2438000000, "grossProfitRatio": 0.1736590925, "researchAndDevelopmentExpenses": 0, "generalAndAdministrativeExpenses": 698000000, "sellingAndMarketingExpenses": 0, "sellingGeneralAndAdministrativeExpenses": 698000000, "otherExpenses": 352000000, "operatingExpenses": 1050000000, "costAndExpenses": 12651000000, "interestIncome": 40000000, "interestExpense": 79000000, "depreciationAndAmortization": 366000000, "ebitda": 1816000000, "ebitdaratio": 0.1293539426, "operatingIncome": 1439000000, "operatingIncomeRatio": 0.1025001781, "totalOtherIncomeExpensesNet": -29000000, "incomeBeforeTax": 1312000000, "incomeBeforeTaxRatio": 0.0934539497, "incomeTaxExpense": 365000000, "netIncome": 910000000, "netIncomeRatio": 0.0648194316, "eps": 7.87, "epsdiluted": 7, "weightedAverageShsOut": 113341804, "weightedAverageShsOutDil": 127428571, "link": "https://www.sec.gov/Archives/edgar/data/1163302/000119312506041454/0001193125-06-041454-index.htm", "finalLink": "https://www.sec.gov/Archives/edgar/data/1163302/000119312506041454/d10k.htm", "calculatedOtherExpenses": 301000000, "calculatedOperatingExpenses": 999000000, "calculatedNetInterest": -39000000, "calculatedOtherIncome": -88000000, "calculatedIncomeNonControlling": 37000000, "calculatedEbitda": 1805000000}, {"date": "2004-12-31", "symbol": "X", "reportedCurrency": "USD", "cik": "0001163302", "fillingDate": "2005-02-25", "acceptedDate": "2005-02-25 15:15:04", "calendarYear": "2004", "period": "FY", "revenue": 13969000000, "costOfRevenue": 11407000000, "grossProfit": 2562000000, "grossProfitRatio": 0.1834061135, "researchAndDevelopmentExpenses": 0, "generalAndAdministrativeExpenses": 739000000, "sellingAndMarketingExpenses": 0, "sellingGeneralAndAdministrativeExpenses": 739000000, "otherExpenses": 357000000, "operatingExpenses": 1096000000, "costAndExpenses": 12503000000, "interestIncome": 14000000, "interestExpense": 120000000, "depreciationAndAmortization": 382000000, "ebitda": 1874000000, "ebitdaratio": 0.1341541986, "operatingIncome": 1580000000, "operatingIncomeRatio": 0.1131075954, "totalOtherIncomeExpensesNet": 146000000, "incomeBeforeTax": 1461000000, "incomeBeforeTaxRatio": 0.1045887322, "incomeTaxExpense": 351000000, "netIncome": 1135000000, "netIncomeRatio": 0.0812513423, "eps": 10, "epsdiluted": 8.83, "weightedAverageShsOut": 111700000, "weightedAverageShsOutDil": 126500566, "link": "https://www.sec.gov/Archives/edgar/data/1163302/000119312505037218/0001193125-05-037218-index.htm", "finalLink": "https://www.sec.gov/Archives/edgar/data/1163302/000119312505037218/d10k.htm", "calculatedOtherExpenses": 243000000, "calculatedOperatingExpenses": 982000000, "calculatedNetInterest": -106000000, "calculatedOtherIncome": -13000000, "calculatedIncomeNonControlling": -25000000, "calculatedEbitda": 1962000000}, {"date": "2003-12-31", "symbol": "X", "reportedCurrency": "USD", "cik": "0001163302", "fillingDate": "2004-02-25", "acceptedDate": "2004-02-25 15:24:15", "calendarYear": "2003", "period": "FY", "revenue": 9328000000, "costOfRevenue": 8469000000, "grossProfit": 859000000, "grossProfitRatio": 0.0920883362, "researchAndDevelopmentExpenses": 0, "generalAndAdministrativeExpenses": 673000000, "sellingAndMarketingExpenses": 0, "sellingGeneralAndAdministrativeExpenses": 673000000, "otherExpenses": 307000000, "operatingExpenses": 980000000, "costAndExpenses": 9449000000, "interestIncome": 6000000, "interestExpense": 146000000, "depreciationAndAmortization": 363000000, "ebitda": 227000000, "ebitdaratio": 0.0243353345, "operatingIncome": -730000000, "operatingIncomeRatio": -0.0782590051, "totalOtherIncomeExpensesNet": -589000000, "incomeBeforeTax": -860000000, "incomeBeforeTaxRatio": -0.0921955403, "incomeTaxExpense": -454000000, "netIncome": -463000000, "netIncomeRatio": -0.049635506, "eps": -4.49, "epsdiluted": -4.49, "weightedAverageShsOut": 103179000, "weightedAverageShsOutDil": 103179000, "link": "https://www.sec.gov/Archives/edgar/data/1163302/000119312504029352/0001193125-04-029352-index.htm", "finalLink": "https://www.sec.gov/Archives/edgar/data/1163302/000119312504029352/d10k.htm", "calculatedOtherExpenses": 916000000, "calculatedOperatingExpenses": 1589000000, "calculatedNetInterest": -140000000, "calculatedOtherIncome": 10000000, "calculatedIncomeNonControlling": 57000000, "calculatedEbitda": -367000000}, {"date": "2002-12-31", "symbol": "X", "reportedCurrency": "USD", "cik": "0001163302", "fillingDate": "2003-03-10", "acceptedDate": "2003-03-10 17:24:31", "calendarYear": "2002", "period": "FY", "revenue": 6949000000, "costOfRevenue": 6158000000, "grossProfit": 791000000, "grossProfitRatio": 0.113829328, "researchAndDevelopmentExpenses": 0, "generalAndAdministrativeExpenses": 418000000, "sellingAndMarketingExpenses": 0, "sellingGeneralAndAdministrativeExpenses": 418000000, "otherExpenses": 307000000, "operatingExpenses": 725000000, "costAndExpenses": 6883000000, "interestIncome": 5000000, "interestExpense": 128000000, "depreciationAndAmortization": 350000000, "ebitda": 446000000, "ebitdaratio": 0.0641818967, "operatingIncome": 128000000, "operatingIncomeRatio": 0.0184199165, "totalOtherIncomeExpensesNet": 78000000, "incomeBeforeTax": 13000000, "incomeBeforeTaxRatio": 0.0018707728, "incomeTaxExpense": -48000000, "netIncome": 61000000, "netIncomeRatio": 0.0087782415, "eps": 0.62, "epsdiluted": 0.62, "weightedAverageShsOut": 97426000, "weightedAverageShsOutDil": 97428000, "link": "https://www.sec.gov/Archives/edgar/data/1163302/000104746903008237/0001047469-03-008237-index.htm", "finalLink": "https://www.sec.gov/Archives/edgar/data/1163302/000104746903008237/a2104954z10-k.htm", "calculatedOtherExpenses": 245000000, "calculatedOperatingExpenses": 663000000, "calculatedNetInterest": -123000000, "calculatedOtherIncome": 8000000, "calculatedIncomeNonControlling": 0, "calculatedEbitda": 478000000}, {"date": "2001-12-31", "symbol": "X", "reportedCurrency": "USD", "cik": "0001163302", "fillingDate": "2002-03-19", "acceptedDate": "2002-03-19 00:00:00", "calendarYear": "2001", "period": "FY", "revenue": 6286000000, "costOfRevenue": 6091000000, "grossProfit": 195000000, "grossProfitRatio": 0.0310213172, "researchAndDevelopmentExpenses": 0, "generalAndAdministrativeExpenses": 0, "sellingAndMarketingExpenses": 0, "sellingGeneralAndAdministrativeExpenses": 92000000, "otherExpenses": 250000000, "operatingExpenses": 686000000, "costAndExpenses": 6777000000, "interestIncome": 12000000, "interestExpense": 127000000, "depreciationAndAmortization": 344000000, "ebitda": -97000000, "ebitdaratio": -0.0154311168, "operatingIncome": -405000000, "operatingIncomeRatio": -0.0644288896, "totalOtherIncomeExpensesNet": 86000000, "incomeBeforeTax": -546000000, "incomeBeforeTaxRatio": -0.0868596882, "incomeTaxExpense": -328000000, "netIncome": -218000000, "netIncomeRatio": -0.0346802418, "eps": -2.44, "epsdiluted": -2.44, "weightedAverageShsOut": 89223000, "weightedAverageShsOutDil": 89223000, "link": "https://www.sec.gov/Archives/edgar/data/1163302/000102140802003808/0001021408-02-003808-index.htm", "finalLink": "https://www.sec.gov/Archives/edgar/data/1163302/000102140802003808/d10k.txt", "calculatedOtherExpenses": 508000000, "calculatedOperatingExpenses": 600000000, "calculatedNetInterest": -115000000, "calculatedOtherIncome": -26000000, "calculatedIncomeNonControlling": 0, "calculatedEbitda": -61000000}, {"date": "2000-12-31", "symbol": "X", "reportedCurrency": "USD", "cik": "0001163302", "fillingDate": "2000-12-31", "acceptedDate": "2000-12-30 19:00:00", "calendarYear": "2000", "period": "FY", "revenue": 6132000000, "costOfRevenue": 5656000000, "grossProfit": 476000000, "grossProfitRatio": 0.0776255708, "researchAndDevelopmentExpenses": 0, "generalAndAdministrativeExpenses": 0, "sellingAndMarketingExpenses": 0, "sellingGeneralAndAdministrativeExpenses": -223000000, "otherExpenses": 595000000, "operatingExpenses": 372000000, "costAndExpenses": 6028000000, "interestIncome": 3000000, "interestExpense": 96000000, "depreciationAndAmortization": 360000000, "ebitda": 569000000, "ebitdaratio": 0.0927919113, "operatingIncome": 104000000, "operatingIncomeRatio": 0.0169602087, "totalOtherIncomeExpensesNet": -105000000, "incomeBeforeTax": -1000000, "incomeBeforeTaxRatio": -0.0001630789, "incomeTaxExpense": 20000000, "netIncome": -21000000, "netIncomeRatio": -0.0034246575, "eps": -0.24, "epsdiluted": -0.24, "weightedAverageShsOut": 89223000, "weightedAverageShsOutDil": 89223000, "link": "", "finalLink": "", "calculatedOtherExpenses": 595000000, "calculatedOperatingExpenses": 372000000, "calculatedNetInterest": -93000000, "calculatedOtherIncome": -12000000, "calculatedIncomeNonControlling": 0, "calculatedEbitda": 464000000}, {"date": "1999-12-31", "symbol": "X", "reportedCurrency": "USD", "cik": "0001163302", "fillingDate": "1999-12-31", "acceptedDate": "1999-12-30 19:00:00", "calendarYear": "1999", "period": "FY", "revenue": 5380000000, "costOfRevenue": 4928000000, "grossProfit": 452000000, "grossProfitRatio": 0.0840148699, "researchAndDevelopmentExpenses": 0, "generalAndAdministrativeExpenses": 0, "sellingAndMarketingExpenses": 0, "sellingGeneralAndAdministrativeExpenses": -283000000, "otherExpenses": 519000000, "operatingExpenses": 236000000, "costAndExpenses": 5164000000, "interestIncome": 1000000, "interestExpense": 54000000, "depreciationAndAmortization": 304000000, "ebitda": 586000000, "ebitdaratio": 0.1089219331, "operatingIncome": 216000000, "operatingIncomeRatio": 0.0401486989, "totalOtherIncomeExpensesNet": -66000000, "incomeBeforeTax": 76000000, "incomeBeforeTaxRatio": 0.0141263941, "incomeTaxExpense": 25000000, "netIncome": 44000000, "netIncomeRatio": 0.0081784387, "eps": 0.4, "epsdiluted": 0.4, "weightedAverageShsOut": 87500000, "weightedAverageShsOutDil": 87500000, "link": "", "finalLink": "", "calculatedOtherExpenses": 519000000, "calculatedOperatingExpenses": 236000000, "calculatedNetInterest": -53000000, "calculatedOtherIncome": -87000000, "calculatedIncomeNonControlling": 7000000, "calculatedEbitda": 520000000}, {"date": "1998-12-31", "symbol": "X", "reportedCurrency": "USD", "cik": "0001163302", "fillingDate": "1998-12-31", "acceptedDate": "1998-12-30 19:00:00", "calendarYear": "1998", "period": "FY", "revenue": 6184000000, "costOfRevenue": 5410000000, "grossProfit": 774000000, "grossProfitRatio": 0.1251617076, "researchAndDevelopmentExpenses": 0, "generalAndAdministrativeExpenses": 0, "sellingAndMarketingExpenses": 0, "sellingGeneralAndAdministrativeExpenses": -201000000, "otherExpenses": 495000000, "operatingExpenses": 294000000, "costAndExpenses": 5704000000, "interestIncome": 0, "interestExpense": 0, "depreciationAndAmortization": 283000000, "ebitda": 664000000, "ebitdaratio": 0.107373868, "operatingIncome": 480000000, "operatingIncomeRatio": 0.0776196636, "totalOtherIncomeExpensesNet": 99000000, "incomeBeforeTax": 537000000, "incomeBeforeTaxRatio": 0.0868369987, "incomeTaxExpense": 173000000, "netIncome": 364000000, "netIncomeRatio": 0.0588615783, "eps": 4.05, "epsdiluted": 3.92, "weightedAverageShsOut": 87654321, "weightedAverageShsOutDil": 90561224, "link": "", "finalLink": "", "calculatedOtherExpenses": 495000000, "calculatedOperatingExpenses": 294000000, "calculatedNetInterest": 0, "calculatedOtherIncome": 57000000, "calculatedIncomeNonControlling": 0, "calculatedEbitda": 763000000}, {"date": "1997-12-31", "symbol": "X", "reportedCurrency": "USD", "cik": "0001163302", "fillingDate": "1997-12-31", "acceptedDate": "1997-12-30 19:00:00", "calendarYear": "1997", "period": "FY", "revenue": 6814000000, "costOfRevenue": 5762000000, "grossProfit": 1052000000, "grossProfitRatio": 0.1543880247, "researchAndDevelopmentExpenses": 0, "generalAndAdministrativeExpenses": 0, "sellingAndMarketingExpenses": 0, "sellingGeneralAndAdministrativeExpenses": -137000000, "otherExpenses": 543000000, "operatingExpenses": 406000000, "costAndExpenses": 6168000000, "interestIncome": 0, "interestExpense": 0, "depreciationAndAmortization": 303000000, "ebitda": 818000000, "ebitdaratio": 0.1200469621, "operatingIncome": 646000000, "operatingIncomeRatio": 0.0948048136, "totalOtherIncomeExpensesNet": 131000000, "incomeBeforeTax": 686000000, "incomeBeforeTaxRatio": 0.1006750807, "incomeTaxExpense": 234000000, "netIncome": 452000000, "netIncomeRatio": 0.0663340182, "eps": 5.24, "epsdiluted": 4.88, "weightedAverageShsOut": 83778626, "weightedAverageShsOutDil": 89959016, "link": "", "finalLink": "", "calculatedOtherExpenses": 543000000, "calculatedOperatingExpenses": 406000000, "calculatedNetInterest": 0, "calculatedOtherIncome": 40000000, "calculatedIncomeNonControlling": 0, "calculatedEbitda": 949000000}, {"date": "1996-12-31", "symbol": "X", "reportedCurrency": "USD", "cik": "0001163302", "fillingDate": "1996-12-31", "acceptedDate": "1996-12-30 19:00:00", "calendarYear": "1996", "period": "FY", "revenue": 6547000000, "costOfRevenue": 5829000000, "grossProfit": 718000000, "grossProfitRatio": 0.1096685505, "researchAndDevelopmentExpenses": 0, "generalAndAdministrativeExpenses": 0, "sellingAndMarketingExpenses": 0, "sellingGeneralAndAdministrativeExpenses": -165000000, "otherExpenses": 523000000, "operatingExpenses": 358000000, "costAndExpenses": 6187000000, "interestIncome": 0, "interestExpense": 0, "depreciationAndAmortization": 292000000, "ebitda": 525000000, "ebitdaratio": 0.0801893997, "operatingIncome": 360000000, "operatingIncomeRatio": 0.054987017, "totalOtherIncomeExpensesNet": 127000000, "incomeBeforeTax": 367000000, "incomeBeforeTaxRatio": 0.056056209, "incomeTaxExpense": 92000000, "netIncome": 273000000, "netIncomeRatio": 0.0416984879, "eps": 2.98, "epsdiluted": 2.95, "weightedAverageShsOut": 84228188, "weightedAverageShsOutDil": 85084746, "link": "", "finalLink": "", "calculatedOtherExpenses": 523000000, "calculatedOperatingExpenses": 358000000, "calculatedNetInterest": 0, "calculatedOtherIncome": 7000000, "calculatedIncomeNonControlling": 2000000, "calculatedEbitda": 652000000}, {"date": "1995-12-31", "symbol": "X", "reportedCurrency": "USD", "cik": "0001163302", "fillingDate": "1995-12-31", "acceptedDate": "1995-12-30 19:00:00", "calendarYear": "1995", "period": "FY", "revenue": 6456000000, "costOfRevenue": 5565000000, "grossProfit": 891000000, "grossProfitRatio": 0.1380111524, "researchAndDevelopmentExpenses": 0, "generalAndAdministrativeExpenses": 0, "sellingAndMarketingExpenses": 0, "sellingGeneralAndAdministrativeExpenses": -134000000, "otherExpenses": 528000000, "operatingExpenses": 394000000, "costAndExpenses": 5959000000, "interestIncome": 0, "interestExpense": 0, "depreciationAndAmortization": 318000000, "ebitda": 722000000, "ebitdaratio": 0.1118339529, "operatingIncome": 497000000, "operatingIncomeRatio": 0.0769826518, "totalOtherIncomeExpensesNet": 93000000, "incomeBeforeTax": 453000000, "incomeBeforeTaxRatio": 0.0701672862, "incomeTaxExpense": 150000000, "netIncome": 301000000, "netIncomeRatio": 0.0466232962, "eps": 3.51, "epsdiluted": 3.41, "weightedAverageShsOut": 78917379, "weightedAverageShsOutDil": 81231672, "link": "", "finalLink": "", "calculatedOtherExpenses": 528000000, "calculatedOperatingExpenses": 394000000, "calculatedNetInterest": 0, "calculatedOtherIncome": -44000000, "calculatedIncomeNonControlling": 2000000, "calculatedEbitda": 815000000}, {"date": "1994-12-31", "symbol": "X", "reportedCurrency": "USD", "cik": "0001163302", "fillingDate": "1994-12-31", "acceptedDate": "1994-12-30 19:00:00", "calendarYear": "1994", "period": "FY", "revenue": 6066000000, "costOfRevenue": 5342000000, "grossProfit": 724000000, "grossProfitRatio": 0.1193537751, "researchAndDevelopmentExpenses": 0, "generalAndAdministrativeExpenses": 0, "sellingAndMarketingExpenses": 0, "sellingGeneralAndAdministrativeExpenses": -121000000, "otherExpenses": 532000000, "operatingExpenses": 411000000, "costAndExpenses": 5753000000, "interestIncome": 0, "interestExpense": 0, "depreciationAndAmortization": 314000000, "ebitda": 540000000, "ebitdaratio": 0.0890207715, "operatingIncome": 313000000, "operatingIncomeRatio": 0.0515990768, "totalOtherIncomeExpensesNet": 87000000, "incomeBeforeTax": 248000000, "incomeBeforeTaxRatio": 0.0408836136, "incomeTaxExpense": 47000000, "netIncome": 201000000, "netIncomeRatio": 0.0331355094, "eps": 2.35, "epsdiluted": 2.33, "weightedAverageShsOut": 74893617, "weightedAverageShsOutDil": 75536481, "link": "", "finalLink": "", "calculatedOtherExpenses": 532000000, "calculatedOperatingExpenses": 411000000, "calculatedNetInterest": 0, "calculatedOtherIncome": -65000000, "calculatedIncomeNonControlling": 0, "calculatedEbitda": 627000000}, {"date": "1993-12-31", "symbol": "X", "reportedCurrency": "USD", "cik": "0001163302", "fillingDate": "1993-12-31", "acceptedDate": "1993-12-30 19:00:00", "calendarYear": "1993", "period": "FY", "revenue": 5612000000, "costOfRevenue": 4962000000, "grossProfit": 650000000, "grossProfitRatio": 0.1158232359, "researchAndDevelopmentExpenses": 0, "generalAndAdministrativeExpenses": 0, "sellingAndMarketingExpenses": 0, "sellingGeneralAndAdministrativeExpenses": -108000000, "otherExpenses": 523000000, "operatingExpenses": 415000000, "costAndExpenses": 5377000000, "interestIncome": 0, "interestExpense": 0, "depreciationAndAmortization": 314000000, "ebitda": 664000000, "ebitdaratio": 0.1183178902, "operatingIncome": 235000000, "operatingIncomeRatio": 0.0418745545, "totalOtherIncomeExpensesNet": -115000000, "incomeBeforeTax": -210000000, "incomeBeforeTaxRatio": -0.0374198147, "incomeTaxExpense": -41000000, "netIncome": -238000000, "netIncomeRatio": -0.0424091233, "eps": -3.71, "epsdiluted": -3.71, "weightedAverageShsOut": 64108911, "weightedAverageShsOutDil": 64108911, "link": "", "finalLink": "", "calculatedOtherExpenses": 523000000, "calculatedOperatingExpenses": 415000000, "calculatedNetInterest": 0, "calculatedOtherIncome": -445000000, "calculatedIncomeNonControlling": 69000000, "calculatedEbitda": 549000000}, {"date": "1992-12-31", "symbol": "X", "reportedCurrency": "USD", "cik": "0001163302", "fillingDate": "1992-12-31", "acceptedDate": "1992-12-30 19:00:00", "calendarYear": "1992", "period": "FY", "revenue": 4947000000, "costOfRevenue": 4776000000, "grossProfit": 171000000, "grossProfitRatio": 0.0345664039, "researchAndDevelopmentExpenses": 0, "generalAndAdministrativeExpenses": 0, "sellingAndMarketingExpenses": 0, "sellingGeneralAndAdministrativeExpenses": -122000000, "otherExpenses": 496000000, "operatingExpenses": 374000000, "costAndExpenses": 5150000000, "interestIncome": 0, "interestExpense": 0, "depreciationAndAmortization": 288000000, "ebitda": 100000000, "ebitdaratio": 0.0202142713, "operatingIncome": -203000000, "operatingIncomeRatio": -0.0410349707, "totalOtherIncomeExpensesNet": -15000000, "incomeBeforeTax": -394000000, "incomeBeforeTaxRatio": -0.0796442288, "incomeTaxExpense": -123000000, "netIncome": -1606000000, "netIncomeRatio": -0.3246411967, "eps": -28.8, "epsdiluted": -28.8, "weightedAverageShsOut": 55771231, "weightedAverageShsOutDil": 55771231, "link": "", "finalLink": "", "calculatedOtherExpenses": 496000000, "calculatedOperatingExpenses": 374000000, "calculatedNetInterest": 0, "calculatedOtherIncome": -191000000, "calculatedIncomeNonControlling": 1335000000, "calculatedEbitda": 85000000}, {"date": "1991-12-31", "symbol": "X", "reportedCurrency": "USD", "cik": "0001163302", "fillingDate": "1991-12-31", "acceptedDate": "1991-12-30 19:00:00", "calendarYear": "1991", "period": "FY", "revenue": 4864000000, "costOfRevenue": 5228000000, "grossProfit": -364000000, "grossProfitRatio": -0.0748355263, "researchAndDevelopmentExpenses": 0, "generalAndAdministrativeExpenses": 0, "sellingAndMarketingExpenses": 0, "sellingGeneralAndAdministrativeExpenses": 0, "otherExpenses": 253000000, "operatingExpenses": 253000000, "costAndExpenses": 5481000000, "interestIncome": 0, "interestExpense": 0, "depreciationAndAmortization": 253000000, "ebitda": -373000000, "ebitdaratio": -0.0766858553, "operatingIncome": -617000000, "operatingIncomeRatio": -0.1268503289, "totalOtherIncomeExpensesNet": 9000000, "incomeBeforeTax": -756000000, "incomeBeforeTaxRatio": -0.1554276316, "incomeTaxExpense": -249000000, "netIncome": -507000000, "netIncomeRatio": -0.1042351974, "eps": -9.96, "epsdiluted": -9.96, "weightedAverageShsOut": 50900000, "weightedAverageShsOutDil": 50900000, "link": "", "finalLink": "", "calculatedOtherExpenses": 253000000, "calculatedOperatingExpenses": 253000000, "calculatedNetInterest": 0, "calculatedOtherIncome": -139000000, "calculatedIncomeNonControlling": 0, "calculatedEbitda": -364000000}, {"date": "1990-12-31", "symbol": "X", "reportedCurrency": "USD", "cik": "0001163302", "fillingDate": "1990-12-31", "acceptedDate": "1990-12-30 19:00:00", "calendarYear": "1990", "period": "FY", "revenue": 6073000000, "costOfRevenue": 5320000000, "grossProfit": 753000000, "grossProfitRatio": 0.1239914375, "researchAndDevelopmentExpenses": 0, "generalAndAdministrativeExpenses": 0, "sellingAndMarketingExpenses": 0, "sellingGeneralAndAdministrativeExpenses": 0, "otherExpenses": 278000000, "operatingExpenses": 278000000, "costAndExpenses": 5598000000, "interestIncome": 0, "interestExpense": 0, "depreciationAndAmortization": 278000000, "ebitda": 695000000, "ebitdaratio": 0.1144409682, "operatingIncome": 475000000, "operatingIncomeRatio": 0.0782150502, "totalOtherIncomeExpensesNet": 58000000, "incomeBeforeTax": 437000000, "incomeBeforeTaxRatio": 0.0719578462, "incomeTaxExpense": 127000000, "netIncome": 310000000, "netIncomeRatio": 0.0510456117, "eps": 6, "epsdiluted": 6, "weightedAverageShsOut": 51000000, "weightedAverageShsOutDil": 51000000, "link": "", "finalLink": "", "calculatedOtherExpenses": 278000000, "calculatedOperatingExpenses": 278000000, "calculatedNetInterest": 0, "calculatedOtherIncome": -38000000, "calculatedIncomeNonControlling": 0, "calculatedEbitda": 753000000}]}