{"originalCurrency": "USD", "convertedCurrency": "USD", "report": [{"date": "2023-12-31", "symbol": "XEL", "reportedCurrency": "USD", "cik": "0000072903", "fillingDate": "2024-02-21", "acceptedDate": "2024-02-21 15:27:48", "calendarYear": "2023", "period": "FY", "revenue": 14206000000, "costOfRevenue": 10961000000, "grossProfit": 3245000000, "grossProfitRatio": 0.2284246093, "researchAndDevelopmentExpenses": 0, "generalAndAdministrativeExpenses": 0, "sellingAndMarketingExpenses": 0, "sellingGeneralAndAdministrativeExpenses": 216000000, "otherExpenses": -657000000, "operatingExpenses": 657000000, "costAndExpenses": 11618000000, "interestIncome": 0, "interestExpense": 1055000000, "depreciationAndAmortization": 2448000000, "ebitda": 5036000000, "ebitdaratio": 0.3544980994, "operatingIncome": 2588000000, "operatingIncomeRatio": 0.1821765451, "totalOtherIncomeExpensesNet": -963000000, "incomeBeforeTax": 1625000000, "incomeBeforeTaxRatio": 0.1143882866, "incomeTaxExpense": -146000000, "netIncome": 1771000000, "netIncomeRatio": 0.1246656342, "eps": 3.21, "epsdiluted": 3.21, "weightedAverageShsOut": 552000000, "weightedAverageShsOutDil": 552000000, "link": "https://www.sec.gov/Archives/edgar/data/72903/000007290324000034/0000072903-24-000034-index.htm", "finalLink": "https://www.sec.gov/Archives/edgar/data/72903/000007290324000034/xel-20231231.htm", "calculatedOtherExpenses": 441000000, "calculatedOperatingExpenses": 657000000, "calculatedNetInterest": -1055000000, "calculatedOtherIncome": 92000000, "calculatedIncomeNonControlling": 0, "calculatedEbitda": 5036000000}, {"date": "2022-12-31", "symbol": "XEL", "reportedCurrency": "USD", "cik": "0000072903", "fillingDate": "2023-02-23", "acceptedDate": "2023-02-23 14:54:01", "calendarYear": "2022", "period": "FY", "revenue": 15310000000, "costOfRevenue": 9450000000, "grossProfit": 5860000000, "grossProfitRatio": 0.3827563684, "researchAndDevelopmentExpenses": 0, "generalAndAdministrativeExpenses": 0, "sellingAndMarketingExpenses": 0, "sellingGeneralAndAdministrativeExpenses": 210000000, "otherExpenses": 3432000000, "operatingExpenses": 3432000000, "costAndExpenses": 12882000000, "interestIncome": 953000000, "interestExpense": 893000000, "depreciationAndAmortization": 2479000000, "ebitda": 4907000000, "ebitdaratio": 0.3205094709, "operatingIncome": 2428000000, "operatingIncomeRatio": 0.1585891574, "totalOtherIncomeExpensesNet": -827000000, "incomeBeforeTax": 1601000000, "incomeBeforeTaxRatio": 0.104572175, "incomeTaxExpense": -135000000, "netIncome": 1736000000, "netIncomeRatio": 0.1133899412, "eps": 3.17, "epsdiluted": 3.17, "weightedAverageShsOut": 547000000, "weightedAverageShsOutDil": 547000000, "link": "https://www.sec.gov/Archives/edgar/data/72903/000007290323000007/0000072903-23-000007-index.htm", "finalLink": "https://www.sec.gov/Archives/edgar/data/72903/000007290323000007/xel-20221231.htm", "calculatedOtherExpenses": 3222000000, "calculatedOperatingExpenses": 3432000000, "calculatedNetInterest": 60000000, "calculatedOtherIncome": -887000000, "calculatedIncomeNonControlling": 0, "calculatedEbitda": 4907000000}, {"date": "2021-12-31", "symbol": "XEL", "reportedCurrency": "USD", "cik": "0000072903", "fillingDate": "2022-02-23", "acceptedDate": "2022-02-23 15:38:07", "calendarYear": "2021", "period": "FY", "revenue": 13431000000, "costOfRevenue": 8173000000, "grossProfit": 5258000000, "grossProfitRatio": 0.3914823915, "researchAndDevelopmentExpenses": 0, "generalAndAdministrativeExpenses": 0, "sellingAndMarketingExpenses": 0, "sellingGeneralAndAdministrativeExpenses": 249000000, "otherExpenses": 3055000000, "operatingExpenses": 3055000000, "costAndExpenses": 11228000000, "interestIncome": 842000000, "interestExpense": 816000000, "depreciationAndAmortization": 2188000000, "ebitda": 4391000000, "ebitdaratio": 0.326930236, "operatingIncome": 2203000000, "operatingIncomeRatio": 0.1640235277, "totalOtherIncomeExpensesNet": -676000000, "incomeBeforeTax": 1527000000, "incomeBeforeTaxRatio": 0.1136922046, "incomeTaxExpense": -70000000, "netIncome": 1597000000, "netIncomeRatio": 0.118904028, "eps": 2.96, "epsdiluted": 2.96, "weightedAverageShsOut": 539000000, "weightedAverageShsOutDil": 540000000, "link": "https://www.sec.gov/Archives/edgar/data/72903/000007290322000010/0000072903-22-000010-index.htm", "finalLink": "https://www.sec.gov/Archives/edgar/data/72903/000007290322000010/xel-20211231.htm", "calculatedOtherExpenses": 2806000000, "calculatedOperatingExpenses": 3055000000, "calculatedNetInterest": 26000000, "calculatedOtherIncome": -702000000, "calculatedIncomeNonControlling": 0, "calculatedEbitda": 4391000000}, {"date": "2020-12-31", "symbol": "XEL", "reportedCurrency": "USD", "cik": "0000072903", "fillingDate": "2021-02-17", "acceptedDate": "2021-02-17 15:16:41", "calendarYear": "2020", "period": "FY", "revenue": 11526000000, "costOfRevenue": 6562000000, "grossProfit": 4964000000, "grossProfitRatio": 0.4306784661, "researchAndDevelopmentExpenses": 0, "generalAndAdministrativeExpenses": 0, "sellingAndMarketingExpenses": 0, "sellingGeneralAndAdministrativeExpenses": 246000000, "otherExpenses": 2848000000, "operatingExpenses": 2848000000, "costAndExpenses": 9410000000, "interestIncome": 840000000, "interestExpense": 798000000, "depreciationAndAmortization": 1982000000, "ebitda": 4098000000, "ebitdaratio": 0.3555439875, "operatingIncome": 2116000000, "operatingIncomeRatio": 0.1835849384, "totalOtherIncomeExpensesNet": -649000000, "incomeBeforeTax": 1467000000, "incomeBeforeTaxRatio": 0.1272774597, "incomeTaxExpense": -6000000, "netIncome": 1473000000, "netIncomeRatio": 0.1277980219, "eps": 2.8, "epsdiluted": 2.79, "weightedAverageShsOut": 527000000, "weightedAverageShsOutDil": 528000000, "link": "https://www.sec.gov/Archives/edgar/data/72903/000007290321000012/0000072903-21-000012-index.htm", "finalLink": "https://www.sec.gov/Archives/edgar/data/72903/000007290321000012/xel-20201231.htm", "calculatedOtherExpenses": 2602000000, "calculatedOperatingExpenses": 2848000000, "calculatedNetInterest": 42000000, "calculatedOtherIncome": -691000000, "calculatedIncomeNonControlling": 0, "calculatedEbitda": 4098000000}, {"date": "2019-12-31", "symbol": "XEL", "reportedCurrency": "USD", "cik": "0000072903", "fillingDate": "2020-02-21", "acceptedDate": "2020-02-21 15:32:33", "calendarYear": "2019", "period": "FY", "revenue": 11529000000, "costOfRevenue": 6806000000, "grossProfit": 4723000000, "grossProfitRatio": 0.40966259, "researchAndDevelopmentExpenses": 0, "generalAndAdministrativeExpenses": 0, "sellingAndMarketingExpenses": 0, "sellingGeneralAndAdministrativeExpenses": 247000000, "otherExpenses": 2619000000, "operatingExpenses": 2619000000, "costAndExpenses": 9425000000, "interestIncome": 773000000, "interestExpense": 710000000, "depreciationAndAmortization": 1794000000, "ebitda": 3898000000, "ebitdaratio": 0.3381039119, "operatingIncome": 2104000000, "operatingIncomeRatio": 0.1824963136, "totalOtherIncomeExpensesNet": -604000000, "incomeBeforeTax": 1500000000, "incomeBeforeTaxRatio": 0.1301066875, "incomeTaxExpense": 128000000, "netIncome": 1372000000, "netIncomeRatio": 0.1190042502, "eps": 2.64, "epsdiluted": 2.64, "weightedAverageShsOut": 519000000, "weightedAverageShsOutDil": 520000000, "link": "https://www.sec.gov/Archives/edgar/data/72903/000007290320000011/0000072903-20-000011-index.htm", "finalLink": "https://www.sec.gov/Archives/edgar/data/72903/000007290320000011/xcel1231201910-k.htm", "calculatedOtherExpenses": 2372000000, "calculatedOperatingExpenses": 2619000000, "calculatedNetInterest": 63000000, "calculatedOtherIncome": -667000000, "calculatedIncomeNonControlling": 0, "calculatedEbitda": 3898000000}, {"date": "2018-12-31", "symbol": "XEL", "reportedCurrency": "USD", "cik": "0000072903", "fillingDate": "2019-02-22", "acceptedDate": "2019-02-22 13:40:24", "calendarYear": "2018", "period": "FY", "revenue": 11537000000, "costOfRevenue": 7084000000, "grossProfit": 4453000000, "grossProfitRatio": 0.3859755569, "researchAndDevelopmentExpenses": 0, "generalAndAdministrativeExpenses": 0, "sellingAndMarketingExpenses": 0, "sellingGeneralAndAdministrativeExpenses": 324000000, "otherExpenses": -14000000, "operatingExpenses": 2488000000, "costAndExpenses": 9572000000, "interestIncome": 0, "interestExpense": 627000000, "depreciationAndAmortization": 1642000000, "ebitda": 3603000000, "ebitdaratio": 0.3122995579, "operatingIncome": 1965000000, "operatingIncomeRatio": 0.1703215741, "totalOtherIncomeExpensesNet": 129000000, "incomeBeforeTax": 1442000000, "incomeBeforeTaxRatio": 0.1249891653, "incomeTaxExpense": 181000000, "netIncome": 1261000000, "netIncomeRatio": 0.1093005114, "eps": 2.47, "epsdiluted": 2.47, "weightedAverageShsOut": 511000000, "weightedAverageShsOutDil": 511000000, "link": "https://www.sec.gov/Archives/edgar/data/72903/000007290319000010/0000072903-19-000010-index.htm", "finalLink": "https://www.sec.gov/Archives/edgar/data/72903/000007290319000010/xcel1231201810-k.htm", "calculatedOtherExpenses": 2164000000, "calculatedOperatingExpenses": 2488000000, "calculatedNetInterest": -627000000, "calculatedOtherIncome": 104000000, "calculatedIncomeNonControlling": 0, "calculatedEbitda": 3607000000}, {"date": "2017-12-31", "symbol": "XEL", "reportedCurrency": "USD", "cik": "0000072903", "fillingDate": "2018-02-23", "acceptedDate": "2018-02-23 16:43:58", "calendarYear": "2017", "period": "FY", "revenue": 11404000000, "costOfRevenue": 6917000000, "grossProfit": 4487000000, "grossProfitRatio": 0.3934584356, "researchAndDevelopmentExpenses": 0, "generalAndAdministrativeExpenses": 3000000, "sellingAndMarketingExpenses": 0, "sellingGeneralAndAdministrativeExpenses": 3000000, "otherExpenses": 23000000, "operatingExpenses": 2297000000, "costAndExpenses": 9214000000, "interestIncome": 19000000, "interestExpense": 604000000, "depreciationAndAmortization": 1479000000, "ebitda": 3698000000, "ebitdaratio": 0.3242721852, "operatingIncome": 2190000000, "operatingIncomeRatio": 0.1920378814, "totalOtherIncomeExpensesNet": 128000000, "incomeBeforeTax": 1690000000, "incomeBeforeTaxRatio": 0.1481936163, "incomeTaxExpense": 542000000, "netIncome": 1148000000, "netIncomeRatio": 0.1006664328, "eps": 2.26, "epsdiluted": 2.25, "weightedAverageShsOut": 509000000, "weightedAverageShsOutDil": 509000000, "link": "https://www.sec.gov/Archives/edgar/data/72903/000007290318000009/0000072903-18-000009-index.htm", "finalLink": "https://www.sec.gov/Archives/edgar/data/72903/000007290318000009/xcel1231201710-k.htm", "calculatedOtherExpenses": 2294000000, "calculatedOperatingExpenses": 2297000000, "calculatedNetInterest": -585000000, "calculatedOtherIncome": 85000000, "calculatedIncomeNonControlling": 0, "calculatedEbitda": 3669000000}, {"date": "2016-12-31", "symbol": "XEL", "reportedCurrency": "USD", "cik": "0000072903", "fillingDate": "2017-02-24", "acceptedDate": "2017-02-24 14:47:24", "calendarYear": "2016", "period": "FY", "revenue": 11106920000, "costOfRevenue": 6813007000, "grossProfit": 4293913000, "grossProfitRatio": 0.3865979948, "researchAndDevelopmentExpenses": 0, "generalAndAdministrativeExpenses": 3373000, "sellingAndMarketingExpenses": 0, "sellingGeneralAndAdministrativeExpenses": 3373000, "otherExpenses": 7950000, "operatingExpenses": 2080058000, "costAndExpenses": 8893065000, "interestIncome": 8342000, "interestExpense": 594709000, "depreciationAndAmortization": 1303203000, "ebitda": 3541961000, "ebitdaratio": 0.3188967779, "operatingIncome": 2213855000, "operatingIncomeRatio": 0.1993221343, "totalOtherIncomeExpensesNet": 110620000, "incomeBeforeTax": 1704596000, "incomeBeforeTaxRatio": 0.1534715295, "incomeTaxExpense": 581217000, "netIncome": 1123379000, "netIncomeRatio": 0.1011422609, "eps": 2.21, "epsdiluted": 2.21, "weightedAverageShsOut": 508794000, "weightedAverageShsOutDil": 509465000, "link": "https://www.sec.gov/Archives/edgar/data/72903/000007290317000008/0000072903-17-000008-index.htm", "finalLink": "https://www.sec.gov/Archives/edgar/data/72903/000007290317000008/xcel1231201610-k.htm", "calculatedOtherExpenses": 2076685000, "calculatedOperatingExpenses": 2080058000, "calculatedNetInterest": -586367000, "calculatedOtherIncome": 77108000, "calculatedIncomeNonControlling": 0, "calculatedEbitda": 3517058000}, {"date": "2015-12-31", "symbol": "XEL", "reportedCurrency": "USD", "cik": "0000072903", "fillingDate": "2016-02-19", "acceptedDate": "2016-02-19 15:17:33", "calendarYear": "2015", "period": "FY", "revenue": 11024486000, "costOfRevenue": 7033633000, "grossProfit": 3990853000, "grossProfitRatio": 0.3619990084, "researchAndDevelopmentExpenses": 0, "generalAndAdministrativeExpenses": 3851000, "sellingAndMarketingExpenses": 0, "sellingGeneralAndAdministrativeExpenses": 3851000, "otherExpenses": 5400000, "operatingExpenses": 1990341000, "costAndExpenses": 9023974000, "interestIncome": 5737000, "interestExpense": 544859000, "depreciationAndAmortization": 1124524000, "ebitda": 3140651000, "ebitdaratio": 0.2848795853, "operatingIncome": 2000512000, "operatingIncomeRatio": 0.1814607955, "totalOtherIncomeExpensesNet": 95726000, "incomeBeforeTax": 1527204000, "incomeBeforeTaxRatio": 0.1385283631, "incomeTaxExpense": 542719000, "netIncome": 984485000, "netIncomeRatio": 0.0892998549, "eps": 1.94, "epsdiluted": 1.94, "weightedAverageShsOut": 507768000, "weightedAverageShsOutDil": 508168000, "link": "https://www.sec.gov/Archives/edgar/data/72903/000007290316000123/0000072903-16-000123-index.htm", "finalLink": "https://www.sec.gov/Archives/edgar/data/72903/000007290316000123/xcel1231201510-k.htm", "calculatedOtherExpenses": 1986490000, "calculatedOperatingExpenses": 1990341000, "calculatedNetInterest": -539122000, "calculatedOtherIncome": 65814000, "calculatedIncomeNonControlling": 0, "calculatedEbitda": 3125036000}, {"date": "2014-12-31", "symbol": "XEL", "reportedCurrency": "USD", "cik": "0000072903", "fillingDate": "2015-02-20", "acceptedDate": "2015-02-20 16:02:27", "calendarYear": "2014", "period": "FY", "revenue": 11686135000, "costOfRevenue": 7951352000, "grossProfit": 3734783000, "grossProfitRatio": 0.3195909512, "researchAndDevelopmentExpenses": 0, "generalAndAdministrativeExpenses": 6923000, "sellingAndMarketingExpenses": 0, "sellingGeneralAndAdministrativeExpenses": 6923000, "otherExpenses": 5296000, "operatingExpenses": 1786653000, "costAndExpenses": 9738005000, "interestIncome": 7353000, "interestExpense": 505220000, "depreciationAndAmortization": 1019045000, "ebitda": 2979636000, "ebitdaratio": 0.2549718962, "operatingIncome": 1948130000, "operatingIncomeRatio": 0.1667043894, "totalOtherIncomeExpensesNet": 125197000, "incomeBeforeTax": 1545121000, "incomeBeforeTaxRatio": 0.1322183083, "incomeTaxExpense": 523815000, "netIncome": 1021306000, "netIncomeRatio": 0.0873946775, "eps": 2.03, "epsdiluted": 2.03, "weightedAverageShsOut": 503847000, "weightedAverageShsOutDil": 504117000, "link": "https://www.sec.gov/Archives/edgar/data/72903/000007290315000011/0000072903-15-000011-index.htm", "finalLink": "https://www.sec.gov/Archives/edgar/data/72903/000007290315000011/xcel1231201410-k.htm", "calculatedOtherExpenses": 1779730000, "calculatedOperatingExpenses": 1786653000, "calculatedNetInterest": -497867000, "calculatedOtherIncome": 94858000, "calculatedIncomeNonControlling": 0, "calculatedEbitda": 2967175000}, {"date": "2013-12-31", "symbol": "XEL", "reportedCurrency": "USD", "cik": "0000072903", "fillingDate": "2014-02-21", "acceptedDate": "2014-02-21 16:07:31", "calendarYear": "2013", "period": "FY", "revenue": 10914922000, "costOfRevenue": 7408278000, "grossProfit": 3506644000, "grossProfitRatio": 0.3212706422, "researchAndDevelopmentExpenses": 0, "generalAndAdministrativeExpenses": 8292000, "sellingAndMarketingExpenses": 0, "sellingGeneralAndAdministrativeExpenses": 8292000, "otherExpenses": 2972000, "operatingExpenses": 1659089000, "costAndExpenses": 9067367000, "interestIncome": 8343000, "interestExpense": 505885000, "depreciationAndAmortization": 977863000, "ebitda": 2828275000, "ebitdaratio": 0.2591200377, "operatingIncome": 1847555000, "operatingIncomeRatio": 0.1692687314, "totalOtherIncomeExpensesNet": 120675000, "incomeBeforeTax": 1432210000, "incomeBeforeTaxRatio": 0.1312157796, "incomeTaxExpense": 483976000, "netIncome": 948234000, "netIncomeRatio": 0.0868750139, "eps": 1.91, "epsdiluted": 1.91, "weightedAverageShsOut": 496073000, "weightedAverageShsOutDil": 496532000, "link": "https://www.sec.gov/Archives/edgar/data/72903/000007290314000009/0000072903-14-000009-index.htm", "finalLink": "https://www.sec.gov/Archives/edgar/data/72903/000007290314000009/xcel1231201310-k.htm", "calculatedOtherExpenses": 1650797000, "calculatedOperatingExpenses": 1659089000, "calculatedNetInterest": -497542000, "calculatedOtherIncome": 82197000, "calculatedIncomeNonControlling": 0, "calculatedEbitda": 2825418000}, {"date": "2012-12-31", "symbol": "XEL", "reportedCurrency": "USD", "cik": "0000072903", "fillingDate": "2013-02-22", "acceptedDate": "2013-02-22 16:14:24", "calendarYear": "2012", "period": "FY", "revenue": 10128223000, "costOfRevenue": 6710036000, "grossProfit": 3418187000, "grossProfitRatio": 0.3374912855, "researchAndDevelopmentExpenses": 0, "generalAndAdministrativeExpenses": 7365000, "sellingAndMarketingExpenses": 0, "sellingGeneralAndAdministrativeExpenses": 7365000, "otherExpenses": 6175000, "operatingExpenses": 1595504000, "costAndExpenses": 8305540000, "interestIncome": 10327000, "interestExpense": 542180000, "depreciationAndAmortization": 926053000, "ebitda": 2760795000, "ebitdaratio": 0.2725843418, "operatingIncome": 1822683000, "operatingIncomeRatio": 0.1799607888, "totalOtherIncomeExpensesNet": 98986000, "incomeBeforeTax": 1355402000, "incomeBeforeTaxRatio": 0.1338242651, "incomeTaxExpense": 450203000, "netIncome": 905229000, "netIncomeRatio": 0.0893768828, "eps": 1.86, "epsdiluted": 1.85, "weightedAverageShsOut": 487899000, "weightedAverageShsOutDil": 488434000, "link": "https://www.sec.gov/Archives/edgar/data/72903/000114036113008903/0001140361-13-008903-index.htm", "finalLink": "https://www.sec.gov/Archives/edgar/data/72903/000114036113008903/form10k.htm", "calculatedOtherExpenses": 1588139000, "calculatedOperatingExpenses": 1595504000, "calculatedNetInterest": -531853000, "calculatedOtherIncome": 64572000, "calculatedIncomeNonControlling": -30000, "calculatedEbitda": 2748736000}, {"date": "2011-12-31", "symbol": "XEL", "reportedCurrency": "USD", "cik": "0000072903", "fillingDate": "2012-02-24", "acceptedDate": "2012-02-24 16:42:36", "calendarYear": "2011", "period": "FY", "revenue": 10654770000, "costOfRevenue": 5186067000, "grossProfit": 5468703000, "grossProfitRatio": 0.5132633553, "researchAndDevelopmentExpenses": 0, "generalAndAdministrativeExpenses": 0, "sellingAndMarketingExpenses": 0, "sellingGeneralAndAdministrativeExpenses": 281378000, "otherExpenses": 3405723000, "operatingExpenses": 3687101000, "costAndExpenses": 8873168000, "interestIncome": 10639000, "interestExpense": 562917000, "depreciationAndAmortization": 890619000, "ebitda": 2702748000, "ebitdaratio": 0.2536655413, "operatingIncome": 1781602000, "operatingIncomeRatio": 0.1672116808, "totalOtherIncomeExpensesNet": 91005000, "incomeBeforeTax": 1309690000, "incomeBeforeTaxRatio": 0.1229205323, "incomeTaxExpense": 468316000, "netIncome": 841172000, "netIncomeRatio": 0.0789479266, "eps": 1.72, "epsdiluted": 1.72, "weightedAverageShsOut": 485039000, "weightedAverageShsOutDil": 485615000, "link": "https://www.sec.gov/Archives/edgar/data/72903/000114036112010717/0001140361-12-010717-index.htm", "finalLink": "https://www.sec.gov/Archives/edgar/data/72903/000114036112010717/form10k.htm", "calculatedOtherExpenses": 3405723000, "calculatedOperatingExpenses": 3687101000, "calculatedNetInterest": -552278000, "calculatedOtherIncome": 80366000, "calculatedIncomeNonControlling": 202000, "calculatedEbitda": 2672221000}, {"date": "2010-12-31", "symbol": "XEL", "reportedCurrency": "USD", "cik": "0000072903", "fillingDate": "2011-02-28", "acceptedDate": "2011-02-28 07:53:49", "calendarYear": "2010", "period": "FY", "revenue": 10310947000, "costOfRevenue": 5203126000, "grossProfit": 5107821000, "grossProfitRatio": 0.4953784555, "researchAndDevelopmentExpenses": 0, "generalAndAdministrativeExpenses": 0, "sellingAndMarketingExpenses": 0, "sellingGeneralAndAdministrativeExpenses": 239827000, "otherExpenses": 3248025000, "operatingExpenses": 3487852000, "costAndExpenses": 8690978000, "interestIncome": 11023000, "interestExpense": 548621000, "depreciationAndAmortization": 977555000, "ebitda": 2638495000, "ebitdaratio": 0.2558925965, "operatingIncome": 1619969000, "operatingIncomeRatio": 0.1571115631, "totalOtherIncomeExpensesNet": 106220000, "incomeBeforeTax": 1188591000, "incomeBeforeTaxRatio": 0.1152746688, "incomeTaxExpense": 436635000, "netIncome": 755834000, "netIncomeRatio": 0.0733040331, "eps": 1.63, "epsdiluted": 1.62, "weightedAverageShsOut": 462052000, "weightedAverageShsOutDil": 463391000, "link": "https://www.sec.gov/Archives/edgar/data/72903/000114036111012444/0001140361-11-012444-index.htm", "finalLink": "https://www.sec.gov/Archives/edgar/data/72903/000114036111012444/form10-k.htm", "calculatedOtherExpenses": 3248025000, "calculatedOperatingExpenses": 3487852000, "calculatedNetInterest": -537598000, "calculatedOtherIncome": 106220000, "calculatedIncomeNonControlling": -3878000, "calculatedEbitda": 2597524000}, {"date": "2009-12-31", "symbol": "XEL", "reportedCurrency": "USD", "cik": "0000072903", "fillingDate": "2010-02-26", "acceptedDate": "2010-02-26 16:23:37", "calendarYear": "2009", "period": "FY", "revenue": 9642597000, "costOfRevenue": 4959331000, "grossProfit": 4683266000, "grossProfitRatio": 0.4856851323, "researchAndDevelopmentExpenses": 0, "generalAndAdministrativeExpenses": 0, "sellingAndMarketingExpenses": 0, "sellingGeneralAndAdministrativeExpenses": 182112000, "otherExpenses": 3032582000, "operatingExpenses": 3214694000, "costAndExpenses": 8174025000, "interestIncome": 14928000, "interestExpense": 561654000, "depreciationAndAmortization": 818052000, "ebitda": 2311288000, "ebitdaratio": 0.2396955924, "operatingIncome": 1468572000, "operatingIncomeRatio": 0.1523004643, "totalOtherIncomeExpensesNet": 149920000, "incomeBeforeTax": 1056838000, "incomeBeforeTaxRatio": 0.1096009716, "incomeTaxExpense": 371314000, "netIncome": 680887000, "netIncomeRatio": 0.0706124087, "eps": 1.48, "epsdiluted": 1.48, "weightedAverageShsOut": 456433000, "weightedAverageShsOutDil": 457139000, "link": "https://www.sec.gov/Archives/edgar/data/72903/000104746910001536/0001047469-10-001536-index.htm", "finalLink": "https://www.sec.gov/Archives/edgar/data/72903/000104746910001536/a2196778z10-k.htm", "calculatedOtherExpenses": 3032582000, "calculatedOperatingExpenses": 3214694000, "calculatedNetInterest": -546726000, "calculatedOtherIncome": 134992000, "calculatedIncomeNonControlling": 4637000, "calculatedEbitda": 2286624000}, {"date": "2008-12-31", "symbol": "XEL", "reportedCurrency": "USD", "cik": "0000072903", "fillingDate": "2009-02-27", "acceptedDate": "2009-02-27 17:14:34", "calendarYear": "2008", "period": "FY", "revenue": 11203156000, "costOfRevenue": 6780678000, "grossProfit": 4422478000, "grossProfitRatio": 0.3947528714, "researchAndDevelopmentExpenses": 0, "generalAndAdministrativeExpenses": 0, "sellingAndMarketingExpenses": 0, "sellingGeneralAndAdministrativeExpenses": 0, "otherExpenses": 3031687000, "operatingExpenses": 3031687000, "costAndExpenses": 9812365000, "interestIncome": 0, "interestExpense": 552919000, "depreciationAndAmortization": 940397000, "ebitda": 2317559000, "ebitdaratio": 0.2068666187, "operatingIncome": 1390791000, "operatingIncomeRatio": 0.1241427862, "totalOtherIncomeExpensesNet": 13629000, "incomeBeforeTax": 984406000, "incomeBeforeTaxRatio": 0.0878686327, "incomeTaxExpense": 338686000, "netIncome": 645554000, "netIncomeRatio": 0.0576225128, "eps": 1.47, "epsdiluted": 1.46, "weightedAverageShsOut": 437054000, "weightedAverageShsOutDil": 441813000, "link": "https://www.sec.gov/Archives/edgar/data/72903/000104746909002013/0001047469-09-002013-index.htm", "finalLink": "https://www.sec.gov/Archives/edgar/data/72903/000104746909002013/a2190946z10-k.htm", "calculatedOtherExpenses": 3031687000, "calculatedOperatingExpenses": 3031687000, "calculatedNetInterest": -552919000, "calculatedOtherIncome": 146534000, "calculatedIncomeNonControlling": 166000, "calculatedEbitda": 2331188000}, {"date": "2007-12-31", "symbol": "XEL", "reportedCurrency": "USD", "cik": "0000072903", "fillingDate": "2008-02-20", "acceptedDate": "2008-02-20 17:28:42", "calendarYear": "2007", "period": "FY", "revenue": 10034170000, "costOfRevenue": 5684616000, "grossProfit": 4349554000, "grossProfitRatio": 0.4334742186, "researchAndDevelopmentExpenses": 0, "generalAndAdministrativeExpenses": 0, "sellingAndMarketingExpenses": 0, "sellingGeneralAndAdministrativeExpenses": 0, "otherExpenses": 2998481000, "operatingExpenses": 2998481000, "costAndExpenses": 8683097000, "interestIncome": 0, "interestExpense": 520037000, "depreciationAndAmortization": 900670000, "ebitda": 2243939000, "ebitdaratio": 0.2236297571, "operatingIncome": 1351073000, "operatingIncomeRatio": 0.1346472105, "totalOtherIncomeExpensesNet": 7804000, "incomeBeforeTax": 870383000, "incomeBeforeTaxRatio": 0.0867419029, "incomeTaxExpense": 294484000, "netIncome": 577348000, "netIncomeRatio": 0.057538192, "eps": 1.38, "epsdiluted": 1.35, "weightedAverageShsOut": 416139000, "weightedAverageShsOutDil": 433131000, "link": "https://www.sec.gov/Archives/edgar/data/72903/000104746908001516/0001047469-08-001516-index.htm", "finalLink": "https://www.sec.gov/Archives/edgar/data/72903/000104746908001516/a2182843z10-k.htm", "calculatedOtherExpenses": 2998481000, "calculatedOperatingExpenses": 2998481000, "calculatedNetInterest": -520037000, "calculatedOtherIncome": 39347000, "calculatedIncomeNonControlling": -1449000, "calculatedEbitda": 2251743000}, {"date": "2006-12-31", "symbol": "XEL", "reportedCurrency": "USD", "cik": "0000072903", "fillingDate": "2007-02-23", "acceptedDate": "2007-02-23 06:37:35", "calendarYear": "2006", "period": "FY", "revenue": 9840304000, "costOfRevenue": 4103055000, "grossProfit": 5737249000, "grossProfitRatio": 0.5830357477, "researchAndDevelopmentExpenses": 0, "generalAndAdministrativeExpenses": 0, "sellingAndMarketingExpenses": 0, "sellingGeneralAndAdministrativeExpenses": 0, "otherExpenses": 4560255000, "operatingExpenses": 4560255000, "costAndExpenses": 8663310000, "interestIncome": 0, "interestExpense": 486967000000, "depreciationAndAmortization": 894854000, "ebitda": 2062804000, "ebitdaratio": 0.2096280765, "operatingIncome": 1176994000, "operatingIncomeRatio": 0.1196095161, "totalOtherIncomeExpensesNet": 9044000, "incomeBeforeTax": 750092000, "incomeBeforeTaxRatio": 0.0762265068, "incomeTaxExpense": 181411000, "netIncome": 571754000, "netIncomeRatio": 0.0581032862, "eps": 1.4, "epsdiluted": 1.36, "weightedAverageShsOut": 405689000, "weightedAverageShsOutDil": 429605000, "link": "https://www.sec.gov/Archives/edgar/data/72903/000110465907013272/0001104659-07-013272-index.htm", "finalLink": "https://www.sec.gov/Archives/edgar/data/72903/000110465907013272/a07-5000_110k.htm", "calculatedOtherExpenses": 4560255000, "calculatedOperatingExpenses": 4560255000, "calculatedNetInterest": -486967000000, "calculatedOtherIncome": 486540098000, "calculatedIncomeNonControlling": -3073000, "calculatedEbitda": 2071848000}, {"date": "2005-12-31", "symbol": "XEL", "reportedCurrency": "USD", "cik": "0000072903", "fillingDate": "2006-02-27", "acceptedDate": "2006-02-24 21:48:19", "calendarYear": "2005", "period": "FY", "revenue": 9625477000, "costOfRevenue": 3922163000, "grossProfit": 5703314000, "grossProfitRatio": 0.5925227394, "researchAndDevelopmentExpenses": 0, "generalAndAdministrativeExpenses": 0, "sellingAndMarketingExpenses": 0, "sellingGeneralAndAdministrativeExpenses": 0, "otherExpenses": 4610595000, "operatingExpenses": 4610595000, "costAndExpenses": 8532758000, "interestIncome": 0, "interestExpense": 857000, "depreciationAndAmortization": 815784000, "ebitda": 1897532000, "ebitdaratio": 0.197136412, "operatingIncome": 1092719000, "operatingIncomeRatio": 0.1135236207, "totalOtherIncomeExpensesNet": 10971000, "incomeBeforeTax": 672577000, "incomeBeforeTaxRatio": 0.069874667, "incomeTaxExpense": 173539000, "netIncome": 512972000, "netIncomeRatio": 0.0532931511, "eps": 1.26, "epsdiluted": 1.23, "weightedAverageShsOut": 402330000, "weightedAverageShsOutDil": 425671000, "link": "https://www.sec.gov/Archives/edgar/data/72903/000110465906012011/0001104659-06-012011-index.htm", "finalLink": "https://www.sec.gov/Archives/edgar/data/72903/000110465906012011/a06-1891_110k.htm", "calculatedOtherExpenses": 4610595000, "calculatedOperatingExpenses": 4610595000, "calculatedNetInterest": -857000, "calculatedOtherIncome": -419285000, "calculatedIncomeNonControlling": -13934000, "calculatedEbitda": 1908503000}, {"date": "2004-12-31", "symbol": "XEL", "reportedCurrency": "USD", "cik": "0000072903", "fillingDate": "2005-03-04", "acceptedDate": "2005-03-03 20:30:36", "calendarYear": "2004", "period": "FY", "revenue": 8345259000, "costOfRevenue": 3040759000, "grossProfit": 5304500000, "grossProfitRatio": 0.6356303621, "researchAndDevelopmentExpenses": 0, "generalAndAdministrativeExpenses": 0, "sellingAndMarketingExpenses": 0, "sellingGeneralAndAdministrativeExpenses": 0, "otherExpenses": 4231284000, "operatingExpenses": 4231284000, "costAndExpenses": 7272043000, "interestIncome": 0, "interestExpense": 14808000, "depreciationAndAmortization": 772651000, "ebitda": 1829146000, "ebitdaratio": 0.2191838504, "operatingIncome": 1073216000, "operatingIncomeRatio": 0.1286018804, "totalOtherIncomeExpensesNet": 16721000, "incomeBeforeTax": 686515000, "incomeBeforeTaxRatio": 0.0822640735, "incomeTaxExpense": 159586000, "netIncome": 355961000, "netIncomeRatio": 0.0426542783, "eps": 0.88, "epsdiluted": 0.87, "weightedAverageShsOut": 399456000, "weightedAverageShsOutDil": 423334000, "link": "https://www.sec.gov/Archives/edgar/data/72903/000110465905009425/0001104659-05-009425-index.htm", "finalLink": "https://www.sec.gov/Archives/edgar/data/72903/000110465905009425/a05-4263_110k.htm", "calculatedOtherExpenses": 4231284000, "calculatedOperatingExpenses": 4231284000, "calculatedNetInterest": -14808000, "calculatedOtherIncome": -371893000, "calculatedIncomeNonControlling": 170968000, "calculatedEbitda": 1845867000}, {"date": "2003-12-31", "symbol": "XEL", "reportedCurrency": "USD", "cik": "0000072903", "fillingDate": "2004-03-15", "acceptedDate": "2004-03-15 17:27:04", "calendarYear": "2003", "period": "FY", "revenue": 7937516000, "costOfRevenue": 2710455000, "grossProfit": 5227061000, "grossProfitRatio": 0.6585260427, "researchAndDevelopmentExpenses": 0, "generalAndAdministrativeExpenses": 0, "sellingAndMarketingExpenses": 0, "sellingGeneralAndAdministrativeExpenses": 0, "otherExpenses": 4141814000, "operatingExpenses": 4141814000, "costAndExpenses": 6852269000, "interestIncome": 0, "interestExpense": 35717000, "depreciationAndAmortization": 817434000, "ebitda": 1925412000, "ebitdaratio": 0.2425711016, "operatingIncome": 1085247000, "operatingIncomeRatio": 0.1367237559, "totalOtherIncomeExpensesNet": -22731000, "incomeBeforeTax": 668662000, "incomeBeforeTaxRatio": 0.0842407121, "incomeTaxExpense": 158642000, "netIncome": 622392000, "netIncomeRatio": 0.0784114325, "eps": 1.55, "epsdiluted": 1.5, "weightedAverageShsOut": 398765000, "weightedAverageShsOutDil": 418912000, "link": "https://www.sec.gov/Archives/edgar/data/72903/000095013404003528/0000950134-04-003528-index.htm", "finalLink": "https://www.sec.gov/Archives/edgar/data/72903/000095013404003528/c83272e10vk.htm", "calculatedOtherExpenses": 4141814000, "calculatedOperatingExpenses": 4141814000, "calculatedNetInterest": -35717000, "calculatedOtherIncome": -380868000, "calculatedIncomeNonControlling": -112372000, "calculatedEbitda": 1902681000}, {"date": "2002-12-31", "symbol": "XEL", "reportedCurrency": "USD", "cik": "0000072903", "fillingDate": "2003-03-31", "acceptedDate": "2003-03-31 17:10:38", "calendarYear": "2002", "period": "FY", "revenue": 9524372000, "costOfRevenue": 4412552000, "grossProfit": 5111820000, "grossProfitRatio": 0.5367094019, "researchAndDevelopmentExpenses": 0, "generalAndAdministrativeExpenses": 0, "sellingAndMarketingExpenses": 0, "sellingGeneralAndAdministrativeExpenses": 0, "otherExpenses": 6544153000, "operatingExpenses": 6544153000, "costAndExpenses": 10956705000, "interestIncome": 45863000000, "interestExpense": 879736000000, "depreciationAndAmortization": 1063897000, "ebitda": -366560000, "ebitdaratio": -0.038486527, "operatingIncome": -1432333000, "operatingIncomeRatio": -0.1503860832, "totalOtherIncomeExpensesNet": -1876000, "incomeBeforeTax": -2289355000, "incomeBeforeTaxRatio": -0.2403680789, "incomeTaxExpense": -627985000, "netIncome": -2217991000, "netIncomeRatio": -0.2328753014, "eps": -5.81, "epsdiluted": -5.76, "weightedAverageShsOut": 381826804, "weightedAverageShsOutDil": 385135529, "link": "https://www.sec.gov/Archives/edgar/data/72903/000095013403005065/0000950134-03-005065-index.htm", "finalLink": "https://www.sec.gov/Archives/edgar/data/72903/000095013403005065/c75712e10vk.htm", "calculatedOtherExpenses": 6544153000, "calculatedOperatingExpenses": 6544153000, "calculatedNetInterest": -833873000000, "calculatedOtherIncome": 833015978000, "calculatedIncomeNonControlling": 556621000, "calculatedEbitda": -368436000}, {"date": "2001-12-31", "symbol": "XEL", "reportedCurrency": "USD", "cik": "0000072903", "fillingDate": "2002-03-29", "acceptedDate": "2002-03-29 00:00:00", "calendarYear": "2001", "period": "FY", "revenue": 14811134000, "costOfRevenue": 9443340000, "grossProfit": 5367794000, "grossProfitRatio": 0.3624161391, "researchAndDevelopmentExpenses": 0, "generalAndAdministrativeExpenses": 0, "sellingAndMarketingExpenses": 0, "sellingGeneralAndAdministrativeExpenses": 0, "otherExpenses": 3641916000, "operatingExpenses": 3641916000, "costAndExpenses": 13085256000, "interestIncome": 0, "interestExpense": 72161000000, "depreciationAndAmortization": 974616000, "ebitda": 2483424000, "ebitdaratio": 0.1676727791, "operatingIncome": 1725878000, "operatingIncomeRatio": 0.1165257164, "totalOtherIncomeExpensesNet": 217070000, "incomeBeforeTax": 1121402000, "incomeBeforeTaxRatio": 0.0757134464, "incomeTaxExpense": 336723000, "netIncome": 794966000, "netIncomeRatio": 0.0536735405, "eps": 2.31, "epsdiluted": 2.3, "weightedAverageShsOut": 342952000, "weightedAverageShsOutDil": 343742000, "link": "https://www.sec.gov/Archives/edgar/data/72903/000095013702001868/0000950137-02-001868-index.htm", "finalLink": "https://www.sec.gov/Archives/edgar/data/72903/000095013702001868/c68394e10-k.htm", "calculatedOtherExpenses": 3641916000, "calculatedOperatingExpenses": 3641916000, "calculatedNetInterest": -72161000000, "calculatedOtherIncome": 71556524000, "calculatedIncomeNonControlling": -10287000, "calculatedEbitda": 2700494000}, {"date": "2000-12-31", "symbol": "XEL", "reportedCurrency": "USD", "cik": "0000072903", "fillingDate": "2001-03-27", "acceptedDate": "2001-03-27 00:00:00", "calendarYear": "2000", "period": "FY", "revenue": 11409082000, "costOfRevenue": 6580839000, "grossProfit": 4828243000, "grossProfitRatio": 0.423192944, "researchAndDevelopmentExpenses": 0, "generalAndAdministrativeExpenses": 0, "sellingAndMarketingExpenses": 0, "sellingGeneralAndAdministrativeExpenses": 0, "otherExpenses": 3439817000, "operatingExpenses": 3439817000, "costAndExpenses": 10020656000, "interestIncome": 0, "interestExpense": 657305000000, "depreciationAndAmortization": 858076000, "ebitda": 2063788000, "ebitdaratio": 0.1808899261, "operatingIncome": 1388426000, "operatingIncomeRatio": 0.1216948042, "totalOtherIncomeExpensesNet": 182714000, "incomeBeforeTax": 850653000, "incomeBeforeTaxRatio": 0.0745592853, "incomeTaxExpense": 304865000, "netIncome": 526828000, "netIncomeRatio": 0.0461761954, "eps": 1.54, "epsdiluted": 1.54, "weightedAverageShsOut": 337832000, "weightedAverageShsOutDil": 337832000, "link": "https://www.sec.gov/Archives/edgar/data/72903/000091205701008515/0000912057-01-008515-index.htm", "finalLink": "https://www.sec.gov/Archives/edgar/data/72903/000091205701008515/a2042375z10-k.htm", "calculatedOtherExpenses": 3439817000, "calculatedOperatingExpenses": 3439817000, "calculatedNetInterest": -657305000000, "calculatedOtherIncome": 656767227000, "calculatedIncomeNonControlling": 18960000, "calculatedEbitda": 2246502000}, {"date": "1999-12-31", "symbol": "XEL", "reportedCurrency": "USD", "cik": "0000072903", "fillingDate": "2000-03-29", "acceptedDate": "2000-03-29 00:00:00", "calendarYear": "1999", "period": "FY", "revenue": 2869000000, "costOfRevenue": 1051900000, "grossProfit": 1817100000, "grossProfitRatio": 0.6333565702, "researchAndDevelopmentExpenses": 0, "generalAndAdministrativeExpenses": 127400000, "sellingAndMarketingExpenses": 0, "sellingGeneralAndAdministrativeExpenses": 127400000, "otherExpenses": 1232900000, "operatingExpenses": 1360300000, "costAndExpenses": 2412200000, "interestIncome": 0, "interestExpense": 220459000000, "depreciationAndAmortization": 355704000000, "ebitda": 799800000, "ebitdaratio": 0.2787730917, "operatingIncome": 456800000, "operatingIncomeRatio": 0.1592192402, "totalOtherIncomeExpensesNet": 130900000, "incomeBeforeTax": 351600000, "incomeBeforeTaxRatio": 0.1225514116, "incomeTaxExpense": 127300000, "netIncome": 224300000, "netIncomeRatio": 0.0781805507, "eps": 1.7, "epsdiluted": 1.7, "weightedAverageShsOut": 331943000, "weightedAverageShsOutDil": 331943000, "link": "https://www.sec.gov/Archives/edgar/data/72903/000091205700014257/0000912057-00-014257-index.html", "finalLink": "https://www.sec.gov/Archives/edgar/data/72903/000091205700014257/0000912057-00-014257-d1.html", "calculatedOtherExpenses": 1232900000, "calculatedOperatingExpenses": 1360300000, "calculatedNetInterest": -220459000000, "calculatedOtherIncome": 220353800000, "calculatedIncomeNonControlling": 0, "calculatedEbitda": 356160800000}, {"date": "1998-12-31", "symbol": "XEL", "reportedCurrency": "USD", "cik": "0000072903", "fillingDate": "1999-03-29", "acceptedDate": "1999-03-29 00:00:00", "calendarYear": "1998", "period": "FY", "revenue": 2819200000, "costOfRevenue": 956300000, "grossProfit": 1862900000, "grossProfitRatio": 0.6607902951, "researchAndDevelopmentExpenses": 0, "generalAndAdministrativeExpenses": 150100000, "sellingAndMarketingExpenses": 0, "sellingGeneralAndAdministrativeExpenses": 150100000, "otherExpenses": 1203100000, "operatingExpenses": 1353200000, "costAndExpenses": 2309500000, "interestIncome": 0, "interestExpense": 0, "depreciationAndAmortization": 375700000, "ebitda": 885400000, "ebitdaratio": 0.3140607264, "operatingIncome": 509700000, "operatingIncomeRatio": 0.1807959705, "totalOtherIncomeExpensesNet": 47500000, "incomeBeforeTax": 387200000, "incomeBeforeTaxRatio": 0.1373439274, "incomeTaxExpense": 104800000, "netIncome": 282400000, "netIncomeRatio": 0.1001702611, "eps": 1.91, "epsdiluted": 1.91, "weightedAverageShsOut": 323883000, "weightedAverageShsOutDil": 324355000, "link": "https://www.sec.gov/Archives/edgar/data/72903/000104746999011811/0001047469-99-011811-index.html", "finalLink": "https://www.sec.gov/Archives/edgar/data/72903/", "calculatedOtherExpenses": 1203100000, "calculatedOperatingExpenses": 1353200000, "calculatedNetInterest": 0, "calculatedOtherIncome": -122500000, "calculatedIncomeNonControlling": 0, "calculatedEbitda": 885400000}, {"date": "1997-12-31", "symbol": "XEL", "reportedCurrency": "USD", "cik": "0000072903", "fillingDate": "1998-03-30", "acceptedDate": "1998-03-30 00:00:00", "calendarYear": "1997", "period": "FY", "revenue": 2733800000, "costOfRevenue": 927500000, "grossProfit": 1806300000, "grossProfitRatio": 0.6607286561, "researchAndDevelopmentExpenses": 0, "generalAndAdministrativeExpenses": 141800000, "sellingAndMarketingExpenses": 0, "sellingGeneralAndAdministrativeExpenses": 141800000, "otherExpenses": 1186800000, "operatingExpenses": 1328600000, "costAndExpenses": 2256100000, "interestIncome": 0, "interestExpense": 0, "depreciationAndAmortization": 389700000, "ebitda": 867400000, "ebitdaratio": 0.3172872924, "operatingIncome": 477700000, "operatingIncomeRatio": 0.1747384593, "totalOtherIncomeExpensesNet": 9200000, "incomeBeforeTax": 334000000, "incomeBeforeTaxRatio": 0.1221742629, "incomeTaxExpense": 96700000, "netIncome": 237300000, "netIncomeRatio": 0.0868022533, "eps": 1.61, "epsdiluted": 1.61, "weightedAverageShsOut": 140496894, "weightedAverageShsOutDil": 140496894, "link": "https://www.sec.gov/Archives/edgar/data/72903/000089710198000331/0000897101-98-000331-index.html", "finalLink": "https://www.sec.gov/Archives/edgar/data/72903/", "calculatedOtherExpenses": 1186800000, "calculatedOperatingExpenses": 1328600000, "calculatedNetInterest": 0, "calculatedOtherIncome": -143700000, "calculatedIncomeNonControlling": 0, "calculatedEbitda": 867400000}, {"date": "1996-12-31", "symbol": "XEL", "reportedCurrency": "USD", "cik": "0000072903", "fillingDate": "1997-03-27", "acceptedDate": "1997-03-27 00:00:00", "calendarYear": "1996", "period": "FY", "revenue": 2654200000, "costOfRevenue": 876700000, "grossProfit": 1777500000, "grossProfitRatio": 0.6696933163, "researchAndDevelopmentExpenses": 0, "generalAndAdministrativeExpenses": 0, "sellingAndMarketingExpenses": 0, "sellingGeneralAndAdministrativeExpenses": 148700000, "otherExpenses": 1101400000, "operatingExpenses": 1250100000, "costAndExpenses": 2126800000, "interestIncome": 0, "interestExpense": 0, "depreciationAndAmortization": 395400000, "ebitda": 922800000, "ebitdaratio": 0.3476753824, "operatingIncome": 527400000, "operatingIncomeRatio": 0.1987039409, "totalOtherIncomeExpensesNet": -14000000, "incomeBeforeTax": 421300000, "incomeBeforeTaxRatio": 0.1587295607, "incomeTaxExpense": 146800000, "netIncome": 274500000, "netIncomeRatio": 0.1034209931, "eps": 1.91, "epsdiluted": 1.91, "weightedAverageShsOut": 137358000, "weightedAverageShsOutDil": 137358000, "link": "https://www.sec.gov/Archives/edgar/data/72903/000007290397000004/0000072903-97-000004-index.html", "finalLink": "https://www.sec.gov/Archives/edgar/data/72903/", "calculatedOtherExpenses": 1101400000, "calculatedOperatingExpenses": 1250100000, "calculatedNetInterest": 0, "calculatedOtherIncome": -106100000, "calculatedIncomeNonControlling": 0, "calculatedEbitda": 922800000}, {"date": "1995-12-31", "symbol": "XEL", "reportedCurrency": "USD", "cik": "0000072903", "fillingDate": "1996-03-29", "acceptedDate": "1996-03-29 00:00:00", "calendarYear": "1995", "period": "FY", "revenue": 2568600000, "costOfRevenue": 827000000, "grossProfit": 1741600000, "grossProfitRatio": 0.6780347271, "researchAndDevelopmentExpenses": 0, "generalAndAdministrativeExpenses": 0, "sellingAndMarketingExpenses": 0, "sellingGeneralAndAdministrativeExpenses": 186100000, "otherExpenses": 1062400000, "operatingExpenses": 1248500000, "costAndExpenses": 2075500000, "interestIncome": 0, "interestExpense": 0, "depreciationAndAmortization": 380100000, "ebitda": 873200000, "ebitdaratio": 0.3399517247, "operatingIncome": 493100000, "operatingIncomeRatio": 0.1919722806, "totalOtherIncomeExpensesNet": -8000000, "incomeBeforeTax": 428000000, "incomeBeforeTaxRatio": 0.166627735, "incomeTaxExpense": 152200000, "netIncome": 275800000, "netIncomeRatio": 0.1073736666, "eps": 1.96, "epsdiluted": 1.96, "weightedAverageShsOut": 134387755, "weightedAverageShsOutDil": 134387755, "link": "https://www.sec.gov/Archives/edgar/data/72903/000007290396000005/0000072903-96-000005-index.html", "finalLink": "https://www.sec.gov/Archives/edgar/data/72903/", "calculatedOtherExpenses": 1062400000, "calculatedOperatingExpenses": 1248500000, "calculatedNetInterest": 0, "calculatedOtherIncome": -65100000, "calculatedIncomeNonControlling": 0, "calculatedEbitda": 873200000}, {"date": "1994-12-31", "symbol": "XEL", "reportedCurrency": "USD", "cik": "0000072903", "fillingDate": "1995-03-28", "acceptedDate": "1995-03-28 00:00:00", "calendarYear": "1994", "period": "FY", "revenue": 2486500000, "costOfRevenue": 834300000, "grossProfit": 1652200000, "grossProfitRatio": 0.6644681279, "researchAndDevelopmentExpenses": 0, "generalAndAdministrativeExpenses": 0, "sellingAndMarketingExpenses": 0, "sellingGeneralAndAdministrativeExpenses": 193800000, "otherExpenses": 1020900000, "operatingExpenses": 1214700000, "costAndExpenses": 2049000000, "interestIncome": 0, "interestExpense": 0, "depreciationAndAmortization": 348100000, "ebitda": 785600000, "ebitdaratio": 0.315946109, "operatingIncome": 437500000, "operatingIncomeRatio": 0.1759501307, "totalOtherIncomeExpensesNet": 2000000, "incomeBeforeTax": 372700000, "incomeBeforeTaxRatio": 0.1498894028, "incomeTaxExpense": 129200000, "netIncome": 243500000, "netIncomeRatio": 0.0979288156, "eps": 1.73, "epsdiluted": 1.73, "weightedAverageShsOut": 133583815, "weightedAverageShsOutDil": 133583815, "link": "https://www.sec.gov/Archives/edgar/data/72903/000007290395000006/0000072903-95-000006-index.html", "finalLink": "https://www.sec.gov/Archives/edgar/data/72903/", "calculatedOtherExpenses": 1020900000, "calculatedOperatingExpenses": 1214700000, "calculatedNetInterest": 0, "calculatedOtherIncome": -64800000, "calculatedIncomeNonControlling": 0, "calculatedEbitda": 785600000}, {"date": "1993-12-31", "symbol": "XEL", "reportedCurrency": "USD", "cik": "0000072903", "fillingDate": "1994-03-25", "acceptedDate": "1994-03-25 00:00:00", "calendarYear": "1993", "period": "FY", "revenue": 2404000000, "costOfRevenue": 0, "grossProfit": 2404000000, "grossProfitRatio": 1, "researchAndDevelopmentExpenses": 0, "generalAndAdministrativeExpenses": 0, "sellingAndMarketingExpenses": 0, "sellingGeneralAndAdministrativeExpenses": 0, "otherExpenses": 0, "operatingExpenses": 0, "costAndExpenses": 0, "interestIncome": 0, "interestExpense": 0, "depreciationAndAmortization": 0, "ebitda": 2404000000, "ebitdaratio": 1, "operatingIncome": 2404000000, "operatingIncomeRatio": 1, "totalOtherIncomeExpensesNet": 0, "incomeBeforeTax": 0, "incomeBeforeTaxRatio": 0, "incomeTaxExpense": -211700000, "netIncome": 211700000, "netIncomeRatio": 0.0880615641, "eps": 1.52, "epsdiluted": 1.51, "weightedAverageShsOut": 129671053, "weightedAverageShsOutDil": 130529801, "link": "https://www.sec.gov/Archives/edgar/data/72903/000007290394000011/0000072903-94-000011-index.html", "finalLink": "https://www.sec.gov/Archives/edgar/data/72903/", "calculatedOtherExpenses": 0, "calculatedOperatingExpenses": 0, "calculatedNetInterest": 0, "calculatedOtherIncome": -2404000000, "calculatedIncomeNonControlling": 0, "calculatedEbitda": 2404000000}, {"date": "1992-12-31", "symbol": "XEL", "reportedCurrency": "USD", "cik": "0000072903", "fillingDate": "1992-12-31", "acceptedDate": "1992-12-30 19:00:00", "calendarYear": "1992", "period": "FY", "revenue": 2159500000, "costOfRevenue": 0, "grossProfit": 2159500000, "grossProfitRatio": 1, "researchAndDevelopmentExpenses": 0, "generalAndAdministrativeExpenses": 0, "sellingAndMarketingExpenses": 0, "sellingGeneralAndAdministrativeExpenses": 0, "otherExpenses": 0, "operatingExpenses": 0, "costAndExpenses": 0, "interestIncome": 0, "interestExpense": 0, "depreciationAndAmortization": 0, "ebitda": 2159500000, "ebitdaratio": 1, "operatingIncome": 2159500000, "operatingIncomeRatio": 1, "totalOtherIncomeExpensesNet": 0, "incomeBeforeTax": 0, "incomeBeforeTaxRatio": 0, "incomeTaxExpense": -206400000, "netIncome": 206400000, "netIncomeRatio": 0.09557768, "eps": 1.53, "epsdiluted": 1.53, "weightedAverageShsOut": 124313725, "weightedAverageShsOutDil": 124313725, "link": "", "finalLink": "", "calculatedOtherExpenses": 0, "calculatedOperatingExpenses": 0, "calculatedNetInterest": 0, "calculatedOtherIncome": -2159500000, "calculatedIncomeNonControlling": 0, "calculatedEbitda": 2159500000}, {"date": "1991-12-31", "symbol": "XEL", "reportedCurrency": "USD", "cik": "0000072903", "fillingDate": "1991-12-31", "acceptedDate": "1991-12-30 19:00:00", "calendarYear": "1991", "period": "FY", "revenue": 2201200000, "costOfRevenue": 0, "grossProfit": 2201200000, "grossProfitRatio": 1, "researchAndDevelopmentExpenses": 0, "generalAndAdministrativeExpenses": 0, "sellingAndMarketingExpenses": 0, "sellingGeneralAndAdministrativeExpenses": 0, "otherExpenses": 0, "operatingExpenses": 0, "costAndExpenses": 0, "interestIncome": 0, "interestExpense": 0, "depreciationAndAmortization": 0, "ebitda": 2201200000, "ebitdaratio": 1, "operatingIncome": 2201200000, "operatingIncomeRatio": 1, "totalOtherIncomeExpensesNet": 0, "incomeBeforeTax": 0, "incomeBeforeTaxRatio": 0, "incomeTaxExpense": -224000000, "netIncome": 224000000, "netIncomeRatio": 0.1017626749, "eps": 1.65, "epsdiluted": 1.65, "weightedAverageShsOut": 124848485, "weightedAverageShsOutDil": 124848485, "link": "", "finalLink": "", "calculatedOtherExpenses": 0, "calculatedOperatingExpenses": 0, "calculatedNetInterest": 0, "calculatedOtherIncome": -2201200000, "calculatedIncomeNonControlling": 0, "calculatedEbitda": 2201200000}, {"date": "1990-12-31", "symbol": "XEL", "reportedCurrency": "USD", "cik": "0000072903", "fillingDate": "1990-12-31", "acceptedDate": "1990-12-30 19:00:00", "calendarYear": "1990", "period": "FY", "revenue": 2064500000, "costOfRevenue": 0, "grossProfit": 2064500000, "grossProfitRatio": 1, "researchAndDevelopmentExpenses": 0, "generalAndAdministrativeExpenses": 0, "sellingAndMarketingExpenses": 0, "sellingGeneralAndAdministrativeExpenses": 0, "otherExpenses": 0, "operatingExpenses": 0, "costAndExpenses": 0, "interestIncome": 0, "interestExpense": 0, "depreciationAndAmortization": 0, "ebitda": 2064500000, "ebitdaratio": 1, "operatingIncome": 2064500000, "operatingIncomeRatio": 1, "totalOtherIncomeExpensesNet": 0, "incomeBeforeTax": 0, "incomeBeforeTaxRatio": 0, "incomeTaxExpense": -195500000, "netIncome": 195500000, "netIncomeRatio": 0.0946960523, "eps": 1.42, "epsdiluted": 1.42, "weightedAverageShsOut": 124859155, "weightedAverageShsOutDil": 124859155, "link": "", "finalLink": "", "calculatedOtherExpenses": 0, "calculatedOperatingExpenses": 0, "calculatedNetInterest": 0, "calculatedOtherIncome": -2064500000, "calculatedIncomeNonControlling": 0, "calculatedEbitda": 2064500000}, {"date": "1989-12-31", "symbol": "XEL", "reportedCurrency": "USD", "cik": "0000072903", "fillingDate": "1989-12-31", "acceptedDate": "1989-12-30 19:00:00", "calendarYear": "1989", "period": "FY", "revenue": 1989700000, "costOfRevenue": 0, "grossProfit": 1989700000, "grossProfitRatio": 1, "researchAndDevelopmentExpenses": 0, "generalAndAdministrativeExpenses": 0, "sellingAndMarketingExpenses": 0, "sellingGeneralAndAdministrativeExpenses": 0, "otherExpenses": 0, "operatingExpenses": 0, "costAndExpenses": 0, "interestIncome": 0, "interestExpense": 0, "depreciationAndAmortization": 0, "ebitda": 1989700000, "ebitdaratio": 1, "operatingIncome": 1989700000, "operatingIncomeRatio": 1, "totalOtherIncomeExpensesNet": 0, "incomeBeforeTax": 0, "incomeBeforeTaxRatio": 0, "incomeTaxExpense": -222000000, "netIncome": 222000000, "netIncomeRatio": 0.1115746092, "eps": 1.62, "epsdiluted": 1.62, "weightedAverageShsOut": 125123457, "weightedAverageShsOutDil": 125123457, "link": "", "finalLink": "", "calculatedOtherExpenses": 0, "calculatedOperatingExpenses": 0, "calculatedNetInterest": 0, "calculatedOtherIncome": -1989700000, "calculatedIncomeNonControlling": 0, "calculatedEbitda": 1989700000}, {"date": "1988-12-31", "symbol": "XEL", "reportedCurrency": "USD", "cik": "0000072903", "fillingDate": "1988-12-31", "acceptedDate": "1988-12-30 19:00:00", "calendarYear": "1988", "period": "FY", "revenue": 2006500000, "costOfRevenue": 0, "grossProfit": 2006500000, "grossProfitRatio": 1, "researchAndDevelopmentExpenses": 0, "generalAndAdministrativeExpenses": 0, "sellingAndMarketingExpenses": 0, "sellingGeneralAndAdministrativeExpenses": 0, "otherExpenses": 0, "operatingExpenses": 0, "costAndExpenses": 0, "interestIncome": 0, "interestExpense": 0, "depreciationAndAmortization": 0, "ebitda": 2006500000, "ebitdaratio": 1, "operatingIncome": 2006500000, "operatingIncomeRatio": 1, "totalOtherIncomeExpensesNet": 0, "incomeBeforeTax": 0, "incomeBeforeTaxRatio": 0, "incomeTaxExpense": -214800000, "netIncome": 214800000, "netIncomeRatio": 0.1070520807, "eps": 1.56, "epsdiluted": 1.56, "weightedAverageShsOut": 124679487, "weightedAverageShsOutDil": 124679487, "link": "", "finalLink": "", "calculatedOtherExpenses": 0, "calculatedOperatingExpenses": 0, "calculatedNetInterest": 0, "calculatedOtherIncome": -2006500000, "calculatedIncomeNonControlling": 0, "calculatedEbitda": 2006500000}, {"date": "1987-12-31", "symbol": "XEL", "reportedCurrency": "USD", "cik": "0000072903", "fillingDate": "1987-12-31", "acceptedDate": "1987-12-30 19:00:00", "calendarYear": "1987", "period": "FY", "revenue": 1770300000, "costOfRevenue": 0, "grossProfit": 1770300000, "grossProfitRatio": 1, "researchAndDevelopmentExpenses": 0, "generalAndAdministrativeExpenses": 0, "sellingAndMarketingExpenses": 0, "sellingGeneralAndAdministrativeExpenses": 0, "otherExpenses": 0, "operatingExpenses": 0, "costAndExpenses": 0, "interestIncome": 0, "interestExpense": 0, "depreciationAndAmortization": 0, "ebitda": 1770300000, "ebitdaratio": 1, "operatingIncome": 1770300000, "operatingIncomeRatio": 1, "totalOtherIncomeExpensesNet": 0, "incomeBeforeTax": 0, "incomeBeforeTaxRatio": 0, "incomeTaxExpense": -204900000, "netIncome": 204900000, "netIncomeRatio": 0.1157430944, "eps": 1.51, "epsdiluted": 1.51, "weightedAverageShsOut": 124635762, "weightedAverageShsOutDil": 124635762, "link": "", "finalLink": "", "calculatedOtherExpenses": 0, "calculatedOperatingExpenses": 0, "calculatedNetInterest": 0, "calculatedOtherIncome": -1770300000, "calculatedIncomeNonControlling": 0, "calculatedEbitda": 1770300000}, {"date": "1986-12-31", "symbol": "XEL", "reportedCurrency": "USD", "cik": "0000072903", "fillingDate": "1986-12-31", "acceptedDate": "1986-12-30 19:00:00", "calendarYear": "1986", "period": "FY", "revenue": 1781600000, "costOfRevenue": 0, "grossProfit": 1781600000, "grossProfitRatio": 1, "researchAndDevelopmentExpenses": 0, "generalAndAdministrativeExpenses": 0, "sellingAndMarketingExpenses": 0, "sellingGeneralAndAdministrativeExpenses": 0, "otherExpenses": 0, "operatingExpenses": 0, "costAndExpenses": 0, "interestIncome": 0, "interestExpense": 0, "depreciationAndAmortization": 0, "ebitda": 1781600000, "ebitdaratio": 1, "operatingIncome": 1781600000, "operatingIncomeRatio": 1, "totalOtherIncomeExpensesNet": 0, "incomeBeforeTax": 0, "incomeBeforeTaxRatio": 0, "incomeTaxExpense": -206900000, "netIncome": 206900000, "netIncomeRatio": 0.1161315671, "eps": 1.55, "epsdiluted": 1.55, "weightedAverageShsOut": 124774194, "weightedAverageShsOutDil": 124774194, "link": "", "finalLink": "", "calculatedOtherExpenses": 0, "calculatedOperatingExpenses": 0, "calculatedNetInterest": 0, "calculatedOtherIncome": -1781600000, "calculatedIncomeNonControlling": 0, "calculatedEbitda": 1781600000}, {"date": "1985-12-31", "symbol": "XEL", "reportedCurrency": "USD", "cik": "0000072903", "fillingDate": "1985-12-31", "acceptedDate": "1985-12-30 19:00:00", "calendarYear": "1985", "period": "FY", "revenue": 1788700000, "costOfRevenue": 0, "grossProfit": 1788700000, "grossProfitRatio": 1, "researchAndDevelopmentExpenses": 0, "generalAndAdministrativeExpenses": 0, "sellingAndMarketingExpenses": 0, "sellingGeneralAndAdministrativeExpenses": 0, "otherExpenses": 0, "operatingExpenses": 0, "costAndExpenses": 0, "interestIncome": 0, "interestExpense": 0, "depreciationAndAmortization": 0, "ebitda": 1788700000, "ebitdaratio": 1, "operatingIncome": 1788700000, "operatingIncomeRatio": 1, "totalOtherIncomeExpensesNet": 0, "incomeBeforeTax": 0, "incomeBeforeTaxRatio": 0, "incomeTaxExpense": -197700000, "netIncome": 197700000, "netIncomeRatio": 0.1105271985, "eps": 1.49, "epsdiluted": 1.49, "weightedAverageShsOut": 123959732, "weightedAverageShsOutDil": 123959732, "link": "", "finalLink": "", "calculatedOtherExpenses": 0, "calculatedOperatingExpenses": 0, "calculatedNetInterest": 0, "calculatedOtherIncome": -1788700000, "calculatedIncomeNonControlling": 0, "calculatedEbitda": 1788700000}]}