{"originalCurrency": "USD", "convertedCurrency": "USD", "report": [{"date": "2023-12-31", "symbol": "XENE", "reportedCurrency": "USD", "cik": "0001582313", "fillingDate": "2024-02-29", "acceptedDate": "2024-02-29 16:36:01", "calendarYear": "2023", "period": "FY", "revenue": 0, "costOfRevenue": 3541000, "grossProfit": -3541000, "grossProfitRatio": 0, "researchAndDevelopmentExpenses": 167512000, "generalAndAdministrativeExpenses": 46542000, "sellingAndMarketingExpenses": -3541000, "sellingGeneralAndAdministrativeExpenses": 43001000, "otherExpenses": 0, "operatingExpenses": 210513000, "costAndExpenses": 214054000, "interestIncome": 27620000, "interestExpense": 0, "depreciationAndAmortization": 3541000, "ebitda": -210513000, "ebitdaratio": 0, "operatingIncome": -214054000, "operatingIncomeRatio": 0, "totalOtherIncomeExpensesNet": 31368999, "incomeBeforeTax": -182685000, "incomeBeforeTaxRatio": 0, "incomeTaxExpense": -292000, "netIncome": -182393000, "netIncomeRatio": 0, "eps": -2.73, "epsdiluted": -2.73, "weightedAverageShsOut": 66889005, "weightedAverageShsOutDil": 66889005, "link": "https://www.sec.gov/Archives/edgar/data/1582313/000095017024023177/0000950170-24-023177-index.htm", "finalLink": "https://www.sec.gov/Archives/edgar/data/1582313/000095017024023177/xene-20231231.htm", "calculatedOtherExpenses": 0, "calculatedOperatingExpenses": 210513000, "calculatedNetInterest": 27620000, "calculatedOtherIncome": 3749000, "calculatedIncomeNonControlling": 0, "calculatedEbitda": -210513000}, {"date": "2022-12-31", "symbol": "XENE", "reportedCurrency": "USD", "cik": "0001582313", "fillingDate": "2023-03-01", "acceptedDate": "2023-03-01 16:39:42", "calendarYear": "2022", "period": "FY", "revenue": 9434000, "costOfRevenue": 105767000, "grossProfit": -96333000, "grossProfitRatio": -10.211257155, "researchAndDevelopmentExpenses": 105767000, "generalAndAdministrativeExpenses": 32810000, "sellingAndMarketingExpenses": 0, "sellingGeneralAndAdministrativeExpenses": 32810000, "otherExpenses": 3888000, "operatingExpenses": 138577000, "costAndExpenses": 138577000, "interestIncome": 8713000, "interestExpense": -5512000, "depreciationAndAmortization": 1624000, "ebitda": -129143000, "ebitdaratio": -13.6891032436, "operatingIncome": -129143000, "operatingIncomeRatio": -13.6891032436, "totalOtherIncomeExpensesNet": 3888000, "incomeBeforeTax": -125255000, "incomeBeforeTaxRatio": -13.2769768921, "incomeTaxExpense": 118000, "netIncome": -125373000, "netIncomeRatio": -13.2894848421, "eps": -2.07, "epsdiluted": -2.07, "weightedAverageShsOut": 60542142, "weightedAverageShsOutDil": 60542142, "link": "https://www.sec.gov/Archives/edgar/data/1582313/000095017023005582/0000950170-23-005582-index.htm", "finalLink": "https://www.sec.gov/Archives/edgar/data/1582313/000095017023005582/xene-20221231.htm", "calculatedOtherExpenses": -105767000, "calculatedOperatingExpenses": 32810000, "calculatedNetInterest": 14225000, "calculatedOtherIncome": -10337000, "calculatedIncomeNonControlling": 0, "calculatedEbitda": -127519000}, {"date": "2021-12-31", "symbol": "XENE", "reportedCurrency": "USD", "cik": "0001582313", "fillingDate": "2022-03-01", "acceptedDate": "2022-03-01 16:28:32", "calendarYear": "2021", "period": "FY", "revenue": 18437000, "costOfRevenue": 75463000, "grossProfit": -57026000, "grossProfitRatio": -3.0930194717, "researchAndDevelopmentExpenses": 75463000, "generalAndAdministrativeExpenses": 21967000, "sellingAndMarketingExpenses": 0, "sellingGeneralAndAdministrativeExpenses": 21967000, "otherExpenses": 105000, "operatingExpenses": 97430000, "costAndExpenses": 97430000, "interestIncome": 466000, "interestExpense": 0, "depreciationAndAmortization": 906000, "ebitda": -78993000, "ebitdaratio": -4.284482291, "operatingIncome": -78993000, "operatingIncomeRatio": -4.284482291, "totalOtherIncomeExpensesNet": 105000, "incomeBeforeTax": -78888000, "incomeBeforeTaxRatio": -4.2787872213, "incomeTaxExpense": -6000, "netIncome": -78882000, "netIncomeRatio": -4.2784617888, "eps": -1.81, "epsdiluted": -1.81, "weightedAverageShsOut": 43627452, "weightedAverageShsOutDil": 43627452, "link": "https://www.sec.gov/Archives/edgar/data/1582313/000156459022008060/0001564590-22-008060-index.htm", "finalLink": "https://www.sec.gov/Archives/edgar/data/1582313/000156459022008060/xene-10k_20211231.htm", "calculatedOtherExpenses": -75463000, "calculatedOperatingExpenses": 21967000, "calculatedNetInterest": 466000, "calculatedOtherIncome": -361000, "calculatedIncomeNonControlling": 0, "calculatedEbitda": -78087000}, {"date": "2020-12-31", "symbol": "XENE", "reportedCurrency": "USD", "cik": "0001582313", "fillingDate": "2021-03-01", "acceptedDate": "2021-03-01 16:40:50", "calendarYear": "2020", "period": "FY", "revenue": 32166000, "costOfRevenue": 50523000, "grossProfit": -18357000, "grossProfitRatio": -0.5706957657, "researchAndDevelopmentExpenses": 50523000, "generalAndAdministrativeExpenses": 12944000, "sellingAndMarketingExpenses": 0, "sellingGeneralAndAdministrativeExpenses": 12944000, "otherExpenses": 2207000, "operatingExpenses": 63467000, "costAndExpenses": 63467000, "interestIncome": 2283000, "interestExpense": 484000, "depreciationAndAmortization": 644000, "ebitda": -31301000, "ebitdaratio": -0.9731082509, "operatingIncome": -31301000, "operatingIncomeRatio": -0.9731082509, "totalOtherIncomeExpensesNet": 2207000, "incomeBeforeTax": -29094000, "incomeBeforeTaxRatio": -0.90449543, "incomeTaxExpense": -257000, "netIncome": -28837000, "netIncomeRatio": -0.8965056271, "eps": -0.83, "epsdiluted": -0.83, "weightedAverageShsOut": 34542213, "weightedAverageShsOutDil": 34542213, "link": "https://www.sec.gov/Archives/edgar/data/1582313/000156459021009905/0001564590-21-009905-index.htm", "finalLink": "https://www.sec.gov/Archives/edgar/data/1582313/000156459021009905/xene-10k_20201231.htm", "calculatedOtherExpenses": -50523000, "calculatedOperatingExpenses": 12944000, "calculatedNetInterest": 1799000, "calculatedOtherIncome": 408000, "calculatedIncomeNonControlling": 0, "calculatedEbitda": -30657000}, {"date": "2019-12-31", "symbol": "XENE", "reportedCurrency": "USD", "cik": "0001582313", "fillingDate": "2020-03-09", "acceptedDate": "2020-03-09 16:46:09", "calendarYear": "2019", "period": "FY", "revenue": 6829000, "costOfRevenue": 38845000, "grossProfit": -32016000, "grossProfitRatio": -4.6882413238, "researchAndDevelopmentExpenses": 38845000, "generalAndAdministrativeExpenses": 10803000, "sellingAndMarketingExpenses": 0, "sellingGeneralAndAdministrativeExpenses": 10803000, "otherExpenses": 0, "operatingExpenses": 49648000, "costAndExpenses": 49648000, "interestIncome": 2353000, "interestExpense": 1434000, "depreciationAndAmortization": 2782000, "ebitda": -40037000, "ebitdaratio": -5.8627910382, "operatingIncome": -42819000, "operatingIncomeRatio": -6.2701713282, "totalOtherIncomeExpensesNet": 1201000, "incomeBeforeTax": -41618000, "incomeBeforeTaxRatio": -6.0943037048, "incomeTaxExpense": -23000, "netIncome": -41595000, "netIncomeRatio": -6.0909357153, "eps": -1.6, "epsdiluted": -1.6, "weightedAverageShsOut": 25939405, "weightedAverageShsOutDil": 25939405, "link": "https://www.sec.gov/Archives/edgar/data/1582313/000156459020009385/0001564590-20-009385-index.htm", "finalLink": "https://www.sec.gov/Archives/edgar/data/1582313/000156459020009385/xene-10k_20191231.htm", "calculatedOtherExpenses": -38845000, "calculatedOperatingExpenses": 10803000, "calculatedNetInterest": 919000, "calculatedOtherIncome": 282000, "calculatedIncomeNonControlling": 0, "calculatedEbitda": -40037000}, {"date": "2018-12-31", "symbol": "XENE", "reportedCurrency": "USD", "cik": "0001582313", "fillingDate": "2019-03-06", "acceptedDate": "2019-03-06 16:56:46", "calendarYear": "2018", "period": "FY", "revenue": 0, "costOfRevenue": 6000000, "grossProfit": -6000000, "grossProfitRatio": 0, "researchAndDevelopmentExpenses": 23634000, "generalAndAdministrativeExpenses": 8382000, "sellingAndMarketingExpenses": 0, "sellingGeneralAndAdministrativeExpenses": 8382000, "otherExpenses": 4398000, "operatingExpenses": 32016000, "costAndExpenses": 38016000, "interestIncome": 1216000, "interestExpense": 1394000, "depreciationAndAmortization": 586000, "ebitda": -36214000, "ebitdaratio": 0, "operatingIncome": -38016000, "operatingIncomeRatio": 0, "totalOtherIncomeExpensesNet": 3697000, "incomeBeforeTax": -34497000, "incomeBeforeTaxRatio": 0, "incomeTaxExpense": 4913000, "netIncome": -34497000, "netIncomeRatio": 0, "eps": -1.78, "epsdiluted": -1.78, "weightedAverageShsOut": 19425711, "weightedAverageShsOutDil": 19425711, "link": "https://www.sec.gov/Archives/edgar/data/1582313/000156459019006514/0001564590-19-006514-index.htm", "finalLink": "https://www.sec.gov/Archives/edgar/data/1582313/000156459019006514/xene-10k_20181231.htm", "calculatedOtherExpenses": 0, "calculatedOperatingExpenses": 32016000, "calculatedNetInterest": -178000, "calculatedOtherIncome": 3697000, "calculatedIncomeNonControlling": -4913000, "calculatedEbitda": -37430000}, {"date": "2017-12-31", "symbol": "XENE", "reportedCurrency": "USD", "cik": "0001582313", "fillingDate": "2018-03-07", "acceptedDate": "2018-03-07 16:52:58", "calendarYear": "2017", "period": "FY", "revenue": 311000, "costOfRevenue": 25573000, "grossProfit": -25262000, "grossProfitRatio": -81.2282958199, "researchAndDevelopmentExpenses": 25573000, "generalAndAdministrativeExpenses": 7313000, "sellingAndMarketingExpenses": 0, "sellingGeneralAndAdministrativeExpenses": 7313000, "otherExpenses": 0, "operatingExpenses": 32886000, "costAndExpenses": 32886000, "interestIncome": 477000, "interestExpense": 0, "depreciationAndAmortization": 649000, "ebitda": -33320000, "ebitdaratio": -107.1382636656, "operatingIncome": -32575000, "operatingIncomeRatio": -104.7427652733, "totalOtherIncomeExpensesNet": 1394000, "incomeBeforeTax": -30704000, "incomeBeforeTaxRatio": -98.7266881029, "incomeTaxExpense": -1871000, "netIncome": -30704000, "netIncomeRatio": -98.7266881029, "eps": -1.71, "epsdiluted": -1.71, "weightedAverageShsOut": 17985061, "weightedAverageShsOutDil": 18001759, "link": "https://www.sec.gov/Archives/edgar/data/1582313/000156459018004750/0001564590-18-004750-index.htm", "finalLink": "https://www.sec.gov/Archives/edgar/data/1582313/000156459018004750/xene-10k_20171231.htm", "calculatedOtherExpenses": -25573000, "calculatedOperatingExpenses": 7313000, "calculatedNetInterest": 477000, "calculatedOtherIncome": 1394000, "calculatedIncomeNonControlling": 1871000, "calculatedEbitda": -31926000}, {"date": "2016-12-31", "symbol": "XENE", "reportedCurrency": "USD", "cik": "0001582313", "fillingDate": "2017-03-08", "acceptedDate": "2017-03-08 16:52:05", "calendarYear": "2016", "period": "FY", "revenue": 1803000, "costOfRevenue": 1114000, "grossProfit": 689000, "grossProfitRatio": 0.3821408763, "researchAndDevelopmentExpenses": 19828000, "generalAndAdministrativeExpenses": 6792000, "sellingAndMarketingExpenses": 0, "sellingGeneralAndAdministrativeExpenses": 6792000, "otherExpenses": 0, "operatingExpenses": 26620000, "costAndExpenses": 26620000, "interestIncome": 504000, "interestExpense": 0, "depreciationAndAmortization": 864000, "ebitda": -25269000, "ebitdaratio": -14.0149750416, "operatingIncome": -24817000, "operatingIncomeRatio": -13.7642817526, "totalOtherIncomeExpensesNet": 1316000, "incomeBeforeTax": -22997000, "incomeBeforeTaxRatio": -12.7548530227, "incomeTaxExpense": -1820000, "netIncome": -22997000, "netIncomeRatio": -12.7548530227, "eps": -1.48, "epsdiluted": -1.48, "weightedAverageShsOut": 15493474, "weightedAverageShsOutDil": 15493474, "link": "https://www.sec.gov/Archives/edgar/data/1582313/000156459017003716/0001564590-17-003716-index.htm", "finalLink": "https://www.sec.gov/Archives/edgar/data/1582313/000156459017003716/xene-10k_20161231.htm", "calculatedOtherExpenses": -1114000, "calculatedOperatingExpenses": 25506000, "calculatedNetInterest": 504000, "calculatedOtherIncome": 1316000, "calculatedIncomeNonControlling": 1820000, "calculatedEbitda": -23953000}, {"date": "2015-12-31", "symbol": "XENE", "reportedCurrency": "USD", "cik": "0001582313", "fillingDate": "2016-03-08", "acceptedDate": "2016-03-08 17:05:19", "calendarYear": "2015", "period": "FY", "revenue": 15577000, "costOfRevenue": 2762000, "grossProfit": 12815000, "grossProfitRatio": 0.8226872954, "researchAndDevelopmentExpenses": 15152000, "generalAndAdministrativeExpenses": 9786000, "sellingAndMarketingExpenses": 0, "sellingGeneralAndAdministrativeExpenses": 9786000, "otherExpenses": -6391000, "operatingExpenses": 24938000, "costAndExpenses": 24938000, "interestIncome": 542000, "interestExpense": 0, "depreciationAndAmortization": 1038000, "ebitda": -9361000, "ebitdaratio": -0.6009501188, "operatingIncome": -9361000, "operatingIncomeRatio": -0.6009501188, "totalOtherIncomeExpensesNet": -6391000, "incomeBeforeTax": -15752000, "incomeBeforeTaxRatio": -1.0112345124, "incomeTaxExpense": -1038000, "netIncome": -15752000, "netIncomeRatio": -1.0112345124, "eps": -1.1, "epsdiluted": -1.1, "weightedAverageShsOut": 14281837, "weightedAverageShsOutDil": 14281837, "link": "https://www.sec.gov/Archives/edgar/data/1582313/000156459016014222/0001564590-16-014222-index.htm", "finalLink": "https://www.sec.gov/Archives/edgar/data/1582313/000156459016014222/xene-10k_20151231.htm", "calculatedOtherExpenses": -2762000, "calculatedOperatingExpenses": 22176000, "calculatedNetInterest": 542000, "calculatedOtherIncome": -6933000, "calculatedIncomeNonControlling": 1038000, "calculatedEbitda": -8323000}, {"date": "2014-12-31", "symbol": "XENE", "reportedCurrency": "USD", "cik": "0001582313", "fillingDate": "2015-03-12", "acceptedDate": "2015-03-12 17:20:13", "calendarYear": "2014", "period": "FY", "revenue": 28370000, "costOfRevenue": 5903000, "grossProfit": 22467000, "grossProfitRatio": 0.7919280931, "researchAndDevelopmentExpenses": 11768000, "generalAndAdministrativeExpenses": 5496000, "sellingAndMarketingExpenses": 0, "sellingGeneralAndAdministrativeExpenses": 5496000, "otherExpenses": 0, "operatingExpenses": 17264000, "costAndExpenses": 17264000, "interestIncome": 568000, "interestExpense": 0, "depreciationAndAmortization": 738000, "ebitda": 12412000, "ebitdaratio": 0.4375044061, "operatingIncome": 11106000, "operatingIncomeRatio": 0.3914698625, "totalOtherIncomeExpensesNet": 1344000, "incomeBeforeTax": 13018000, "incomeBeforeTaxRatio": 0.4588649982, "incomeTaxExpense": 0, "netIncome": 13018000, "netIncomeRatio": 0.4588649982, "eps": 4.11, "epsdiluted": 3.28, "weightedAverageShsOut": 3165572, "weightedAverageShsOutDil": 3963797, "link": "https://www.sec.gov/Archives/edgar/data/1582313/000156459015001612/0001564590-15-001612-index.htm", "finalLink": "https://www.sec.gov/Archives/edgar/data/1582313/000156459015001612/xene-10k_20141231.htm", "calculatedOtherExpenses": -5903000, "calculatedOperatingExpenses": 11361000, "calculatedNetInterest": 568000, "calculatedOtherIncome": 1344000, "calculatedIncomeNonControlling": 0, "calculatedEbitda": 11844000}, {"date": "2013-12-31", "symbol": "XENE", "reportedCurrency": "USD", "cik": "0001582313", "fillingDate": "2013-12-31", "acceptedDate": "2013-12-30 19:00:00", "calendarYear": "2013", "period": "FY", "revenue": 27356000, "costOfRevenue": 6210000, "grossProfit": 21146000, "grossProfitRatio": 0.7729931277, "researchAndDevelopmentExpenses": 12303000, "generalAndAdministrativeExpenses": 5341000, "sellingAndMarketingExpenses": 0, "sellingGeneralAndAdministrativeExpenses": 5341000, "otherExpenses": 0, "operatingExpenses": 17644000, "costAndExpenses": 17644000, "interestIncome": 338000, "interestExpense": 64000, "depreciationAndAmortization": 705000, "ebitda": 10755000, "ebitdaratio": 0.3931495833, "operatingIncome": 9712000, "operatingIncomeRatio": 0.3550226641, "totalOtherIncomeExpensesNet": 2046000, "incomeBeforeTax": 12032000, "incomeBeforeTaxRatio": 0.4398303846, "incomeTaxExpense": 64000, "netIncome": 12032000, "netIncomeRatio": 0.4398303846, "eps": 0.42, "epsdiluted": 0.39, "weightedAverageShsOut": 9085116, "weightedAverageShsOutDil": 9828092, "link": "", "finalLink": "", "calculatedOtherExpenses": -6210000, "calculatedOperatingExpenses": 11434000, "calculatedNetInterest": 274000, "calculatedOtherIncome": 2046000, "calculatedIncomeNonControlling": -64000, "calculatedEbitda": 10417000}, {"date": "2012-12-31", "symbol": "XENE", "reportedCurrency": "USD", "cik": "0001582313", "fillingDate": "2012-12-31", "acceptedDate": "2012-12-30 19:00:00", "calendarYear": "2012", "period": "FY", "revenue": 14308000, "costOfRevenue": 7320000, "grossProfit": 6988000, "grossProfitRatio": 0.488398099, "researchAndDevelopmentExpenses": 10455000, "generalAndAdministrativeExpenses": 7006000, "sellingAndMarketingExpenses": 0, "sellingGeneralAndAdministrativeExpenses": 7006000, "otherExpenses": 0, "operatingExpenses": 17461000, "costAndExpenses": 17461000, "interestIncome": 144000, "interestExpense": 93000, "depreciationAndAmortization": 786000, "ebitda": -2223000, "ebitdaratio": -0.1553676265, "operatingIncome": -3153000, "operatingIncomeRatio": -0.2203662287, "totalOtherIncomeExpensesNet": -1199000, "incomeBeforeTax": -4301000, "incomeBeforeTaxRatio": -0.3006010623, "incomeTaxExpense": 93000, "netIncome": -4301000, "netIncomeRatio": -0.3006010623, "eps": -0.47, "epsdiluted": -0.44, "weightedAverageShsOut": 9085116, "weightedAverageShsOutDil": 9828092, "link": "", "finalLink": "", "calculatedOtherExpenses": -7320000, "calculatedOperatingExpenses": 10141000, "calculatedNetInterest": 51000, "calculatedOtherIncome": -1199000, "calculatedIncomeNonControlling": -93000, "calculatedEbitda": -2367000}, {"date": "2011-12-31", "symbol": "XENE", "reportedCurrency": "USD", "cik": "0001582313", "fillingDate": "2011-12-31", "acceptedDate": "2011-12-30 19:00:00", "calendarYear": "2011", "period": "FY", "revenue": 6918000, "costOfRevenue": 0, "grossProfit": 6918000, "grossProfitRatio": 1, "researchAndDevelopmentExpenses": 12302000, "generalAndAdministrativeExpenses": 6730000, "sellingAndMarketingExpenses": 0, "sellingGeneralAndAdministrativeExpenses": 6730000, "otherExpenses": 0, "operatingExpenses": 19032000, "costAndExpenses": 19032000, "interestIncome": 153000, "interestExpense": 91000, "depreciationAndAmortization": 1132000, "ebitda": -10829000, "ebitdaratio": -1.5653368025, "operatingIncome": -12114000, "operatingIncomeRatio": -1.7510841284, "totalOtherIncomeExpensesNet": 60000, "incomeBeforeTax": -11992000, "incomeBeforeTaxRatio": -1.7334489737, "incomeTaxExpense": 91000, "netIncome": -11992000, "netIncomeRatio": -1.7334489737, "eps": -1.32, "epsdiluted": -1.23, "weightedAverageShsOut": 9075863, "weightedAverageShsOutDil": 9735030, "link": "", "finalLink": "", "calculatedOtherExpenses": 0, "calculatedOperatingExpenses": 19032000, "calculatedNetInterest": 62000, "calculatedOtherIncome": 60000, "calculatedIncomeNonControlling": -91000, "calculatedEbitda": -10982000}]}