{"originalCurrency": "USD", "convertedCurrency": "USD", "report": [{"date": "2023-12-31", "symbol": "XOM", "reportedCurrency": "USD", "cik": "0000034088", "fillingDate": "2023-12-31", "acceptedDate": "2023-12-29 19:00:00", "calendarYear": "2023", "period": "FY", "revenue": 333711000000, "costOfRevenue": 251385000000, "grossProfit": 82326000000, "grossProfitRatio": 0.2466984906, "researchAndDevelopmentExpenses": 879000000, "generalAndAdministrativeExpenses": 10633000000, "sellingAndMarketingExpenses": -1593000000, "sellingGeneralAndAdministrativeExpenses": 9040000000, "otherExpenses": -29011000000, "operatingExpenses": 38930000000, "costAndExpenses": 290315000000, "interestIncome": 0, "interestExpense": 2001000000, "depreciationAndAmortization": 20641000000, "ebitda": 64037000000, "ebitdaratio": 0.1918935846, "operatingIncome": 43396000000, "operatingIncomeRatio": 0.1300406639, "totalOtherIncomeExpensesNet": 9387000000, "incomeBeforeTax": 52783000000, "incomeBeforeTaxRatio": 0.1581697936, "incomeTaxExpense": 15429000000, "netIncome": 36010000000, "netIncomeRatio": 0.1079077405, "eps": 8.89, "epsdiluted": 8.89, "weightedAverageShsOut": 4052000000, "weightedAverageShsOutDil": 4052000000, "link": null, "finalLink": null, "calculatedOtherExpenses": 29011000000, "calculatedOperatingExpenses": 38930000000, "calculatedNetInterest": -2001000000, "calculatedOtherIncome": 11388000000, "calculatedIncomeNonControlling": 1344000000, "calculatedEbitda": 64037000000}, {"date": "2022-12-31", "symbol": "XOM", "reportedCurrency": "USD", "cik": "0000034088", "fillingDate": "2023-02-22", "acceptedDate": "2023-02-22 16:37:14", "calendarYear": "2022", "period": "FY", "revenue": 402217000000, "costOfRevenue": 268502000000, "grossProfit": 133715000000, "grossProfitRatio": 0.332444924, "researchAndDevelopmentExpenses": 824000000, "generalAndAdministrativeExpenses": 10577000000, "sellingAndMarketingExpenses": 555000000, "sellingGeneralAndAdministrativeExpenses": 11132000000, "otherExpenses": 3542000000, "operatingExpenses": 55164000000, "costAndExpenses": 323666000000, "interestIncome": 798000000, "interestExpense": 798000000, "depreciationAndAmortization": 19540000000, "ebitda": 91128000000, "ebitdaratio": 0.2265642675, "operatingIncome": 71588000000, "operatingIncomeRatio": 0.1779835263, "totalOtherIncomeExpensesNet": 6165000000, "incomeBeforeTax": 77753000000, "incomeBeforeTaxRatio": 0.1933110734, "incomeTaxExpense": 20176000000, "netIncome": 55740000000, "netIncomeRatio": 0.1385819098, "eps": 13.26, "epsdiluted": 13.26, "weightedAverageShsOut": 4205000000, "weightedAverageShsOutDil": 4205000000, "link": "https://www.sec.gov/Archives/edgar/data/34088/000003408823000020/0000034088-23-000020-index.htm", "finalLink": "https://www.sec.gov/Archives/edgar/data/34088/000003408823000020/xom-20221231.htm", "calculatedOtherExpenses": 50171000000, "calculatedOperatingExpenses": 62127000000, "calculatedNetInterest": 0, "calculatedOtherIncome": 6165000000, "calculatedIncomeNonControlling": 1837000000, "calculatedEbitda": 91128000000}, {"date": "2021-12-31", "symbol": "XOM", "reportedCurrency": "USD", "cik": "0000034088", "fillingDate": "2022-02-23", "acceptedDate": "2022-02-23 16:11:16", "calendarYear": "2021", "period": "FY", "revenue": 278981000000, "costOfRevenue": 188936000000, "grossProfit": 90045000000, "grossProfitRatio": 0.3227639158, "researchAndDevelopmentExpenses": 843000000, "generalAndAdministrativeExpenses": 10360000000, "sellingAndMarketingExpenses": 543000000, "sellingGeneralAndAdministrativeExpenses": 10903000000, "otherExpenses": 1505000000, "operatingExpenses": 57864000000, "costAndExpenses": 246800000000, "interestIncome": 947000000, "interestExpense": 947000000, "depreciationAndAmortization": 19407000000, "ebitda": 46187000000, "ebitdaratio": 0.1655560773, "operatingIncome": 26780000000, "operatingIncomeRatio": 0.0959922002, "totalOtherIncomeExpensesNet": 4454000000, "incomeBeforeTax": 31234000000, "incomeBeforeTaxRatio": 0.1119574451, "incomeTaxExpense": 7636000000, "netIncome": 23040000000, "netIncomeRatio": 0.0825862693, "eps": 5.39, "epsdiluted": 5.39, "weightedAverageShsOut": 4275000000, "weightedAverageShsOutDil": 4275000000, "link": "https://www.sec.gov/Archives/edgar/data/34088/000003408822000011/0000034088-22-000011-index.htm", "finalLink": "https://www.sec.gov/Archives/edgar/data/34088/000003408822000011/xom-20211231.htm", "calculatedOtherExpenses": 51519000000, "calculatedOperatingExpenses": 63265000000, "calculatedNetInterest": 0, "calculatedOtherIncome": 4454000000, "calculatedIncomeNonControlling": 558000000, "calculatedEbitda": 46187000000}, {"date": "2020-12-31", "symbol": "XOM", "reportedCurrency": "USD", "cik": "0000034088", "fillingDate": "2021-02-24", "acceptedDate": "2021-02-24 17:01:02", "calendarYear": "2020", "period": "FY", "revenue": 179784000000, "costOfRevenue": 122627000000, "grossProfit": 57157000000, "grossProfitRatio": 0.3179203934, "researchAndDevelopmentExpenses": 1016000000, "generalAndAdministrativeExpenses": 11373000000, "sellingAndMarketingExpenses": 343000000, "sellingGeneralAndAdministrativeExpenses": 11716000000, "otherExpenses": -9000000, "operatingExpenses": 84882000000, "costAndExpenses": 207509000000, "interestIncome": 1158000000, "interestExpense": 1158000000, "depreciationAndAmortization": 20998000000, "ebitda": 17016000000, "ebitdaratio": 0.0946469096, "operatingIncome": -3982000000, "operatingIncomeRatio": -0.0221488008, "totalOtherIncomeExpensesNet": -24901000000, "incomeBeforeTax": -28883000000, "incomeBeforeTaxRatio": -0.1606538958, "incomeTaxExpense": 5632000000, "netIncome": -22440000000, "netIncomeRatio": -0.1248164464, "eps": -5.25, "epsdiluted": -5.25, "weightedAverageShsOut": 4271000000, "weightedAverageShsOutDil": 4271000000, "link": "https://www.sec.gov/Archives/edgar/data/34088/000003408821000012/0000034088-21-000012-index.htm", "finalLink": "https://www.sec.gov/Archives/edgar/data/34088/000003408821000012/xom-20201231.htm", "calculatedOtherExpenses": 48407000000, "calculatedOperatingExpenses": 61139000000, "calculatedNetInterest": 0, "calculatedOtherIncome": -24901000000, "calculatedIncomeNonControlling": -12075000000, "calculatedEbitda": 17016000000}, {"date": "2019-12-31", "symbol": "XOM", "reportedCurrency": "USD", "cik": "0000034088", "fillingDate": "2020-02-26", "acceptedDate": "2020-02-26 16:15:19", "calendarYear": "2019", "period": "FY", "revenue": 259497000000, "costOfRevenue": 178431000000, "grossProfit": 81066000000, "grossProfitRatio": 0.3123966751, "researchAndDevelopmentExpenses": 1214000000, "generalAndAdministrativeExpenses": 12633000000, "sellingAndMarketingExpenses": 804000000, "sellingGeneralAndAdministrativeExpenses": 13437000000, "otherExpenses": 2679000000, "operatingExpenses": 60180000000, "costAndExpenses": 238611000000, "interestIncome": 830000000, "interestExpense": 830000000, "depreciationAndAmortization": 18898000000, "ebitda": 34443000000, "ebitdaratio": 0.1327298581, "operatingIncome": 15545000000, "operatingIncomeRatio": 0.0599043534, "totalOtherIncomeExpensesNet": 4511000000, "incomeBeforeTax": 20056000000, "incomeBeforeTaxRatio": 0.0772879841, "incomeTaxExpense": 5282000000, "netIncome": 14340000000, "netIncomeRatio": 0.0552607545, "eps": 3.36, "epsdiluted": 3.36, "weightedAverageShsOut": 4270000000, "weightedAverageShsOutDil": 4270000000, "link": "https://www.sec.gov/Archives/edgar/data/34088/000003408820000016/0000034088-20-000016-index.htm", "finalLink": "https://www.sec.gov/Archives/edgar/data/34088/000003408820000016/xom10k2019.htm", "calculatedOtherExpenses": 50870000000, "calculatedOperatingExpenses": 65521000000, "calculatedNetInterest": 0, "calculatedOtherIncome": 4511000000, "calculatedIncomeNonControlling": 434000000, "calculatedEbitda": 34443000000}, {"date": "2018-12-31", "symbol": "XOM", "reportedCurrency": "USD", "cik": "0000034088", "fillingDate": "2019-02-27", "acceptedDate": "2019-02-27 16:19:37", "calendarYear": "2018", "period": "FY", "revenue": 281060000000, "costOfRevenue": 190752000000, "grossProfit": 90308000000, "grossProfitRatio": 0.3213121753, "researchAndDevelopmentExpenses": 1116000000, "generalAndAdministrativeExpenses": 12765000000, "sellingAndMarketingExpenses": 1001000000, "sellingGeneralAndAdministrativeExpenses": 13766000000, "otherExpenses": -32663000000, "operatingExpenses": 58589000000, "costAndExpenses": 249341000000, "interestIncome": 0, "interestExpense": 766000000, "depreciationAndAmortization": 18045000000, "ebitda": 41312000000, "ebitdaratio": 0.1469864086, "operatingIncome": 23267000000, "operatingIncomeRatio": 0.0827830357, "totalOtherIncomeExpensesNet": 7686000000, "incomeBeforeTax": 30953000000, "incomeBeforeTaxRatio": 0.1101295097, "incomeTaxExpense": 9532000000, "netIncome": 20840000000, "netIncomeRatio": 0.0741478688, "eps": 4.92, "epsdiluted": 4.92, "weightedAverageShsOut": 4237000000, "weightedAverageShsOutDil": 4237000000, "link": "https://www.sec.gov/Archives/edgar/data/34088/000003408819000010/0000034088-19-000010-index.htm", "finalLink": "https://www.sec.gov/Archives/edgar/data/34088/000003408819000010/xom10k2018.htm", "calculatedOtherExpenses": 52159000000, "calculatedOperatingExpenses": 67041000000, "calculatedNetInterest": -766000000, "calculatedOtherIncome": 8452000000, "calculatedIncomeNonControlling": 581000000, "calculatedEbitda": 41312000000}, {"date": "2017-12-31", "symbol": "XOM", "reportedCurrency": "USD", "cik": "0000034088", "fillingDate": "2018-02-28", "acceptedDate": "2018-02-28 16:39:51", "calendarYear": "2017", "period": "FY", "revenue": 237162000000, "costOfRevenue": 159053000000, "grossProfit": 78109000000, "grossProfitRatio": 0.3293487152, "researchAndDevelopmentExpenses": 1063000000, "generalAndAdministrativeExpenses": 10956000000, "sellingAndMarketingExpenses": 2727000000, "sellingGeneralAndAdministrativeExpenses": 13683000000, "otherExpenses": -30104000000, "operatingExpenses": 58834000000, "costAndExpenses": 217887000000, "interestIncome": 0, "interestExpense": 601000000, "depreciationAndAmortization": 17893000000, "ebitda": 31967000000, "ebitdaratio": 0.1347897218, "operatingIncome": 14074000000, "operatingIncomeRatio": 0.0593434024, "totalOtherIncomeExpensesNet": 4600000000, "incomeBeforeTax": 18674000000, "incomeBeforeTaxRatio": 0.0787394271, "incomeTaxExpense": 1174000000, "netIncome": 19710000000, "netIncomeRatio": 0.0831077491, "eps": 4.63, "epsdiluted": 4.63, "weightedAverageShsOut": 4256000000, "weightedAverageShsOutDil": 4256000000, "link": "https://www.sec.gov/Archives/edgar/data/34088/000003408818000015/0000034088-18-000015-index.htm", "finalLink": "https://www.sec.gov/Archives/edgar/data/34088/000003408818000015/xom10k2017.htm", "calculatedOtherExpenses": 49289000000, "calculatedOperatingExpenses": 64035000000, "calculatedNetInterest": -601000000, "calculatedOtherIncome": 5201000000, "calculatedIncomeNonControlling": -2210000000, "calculatedEbitda": 31967000000}, {"date": "2016-12-31", "symbol": "XOM", "reportedCurrency": "USD", "cik": "0000034088", "fillingDate": "2017-02-22", "acceptedDate": "2017-02-22 16:47:56", "calendarYear": "2016", "period": "FY", "revenue": 200628000000, "costOfRevenue": 132759000000, "grossProfit": 67869000000, "grossProfitRatio": 0.338282792, "researchAndDevelopmentExpenses": 1058000000, "generalAndAdministrativeExpenses": 10799000000, "sellingAndMarketingExpenses": 2451000000, "sellingGeneralAndAdministrativeExpenses": 13250000000, "otherExpenses": -29020000000, "operatingExpenses": 59447000000, "costAndExpenses": 192206000000, "interestIncome": 0, "interestExpense": 453000000, "depreciationAndAmortization": 18708000000, "ebitda": 23244000000, "ebitdaratio": 0.1158562115, "operatingIncome": 4536000000, "operatingIncomeRatio": 0.0226090077, "totalOtherIncomeExpensesNet": 3433000000, "incomeBeforeTax": 7969000000, "incomeBeforeTaxRatio": 0.0397202783, "incomeTaxExpense": 406000000, "netIncome": 7840000000, "netIncomeRatio": 0.0390772973, "eps": 1.88, "epsdiluted": 1.88, "weightedAverageShsOut": 4170212766, "weightedAverageShsOutDil": 4170212766, "link": "https://www.sec.gov/Archives/edgar/data/34088/000003408817000017/0000034088-17-000017-index.htm", "finalLink": "https://www.sec.gov/Archives/edgar/data/34088/000003408817000017/xom10k2016.htm", "calculatedOtherExpenses": 49025000000, "calculatedOperatingExpenses": 63333000000, "calculatedNetInterest": -453000000, "calculatedOtherIncome": 3886000000, "calculatedIncomeNonControlling": -277000000, "calculatedEbitda": 23244000000}, {"date": "2015-12-31", "symbol": "XOM", "reportedCurrency": "USD", "cik": "0000034088", "fillingDate": "2016-02-24", "acceptedDate": "2016-02-24 16:09:22", "calendarYear": "2015", "period": "FY", "revenue": 241406000000, "costOfRevenue": 163605000000, "grossProfit": 77801000000, "grossProfitRatio": 0.3222827933, "researchAndDevelopmentExpenses": 1008000000, "generalAndAdministrativeExpenses": 11501000000, "sellingAndMarketingExpenses": 983000000, "sellingGeneralAndAdministrativeExpenses": 12484000000, "otherExpenses": 1750000000, "operatingExpenses": 55524000000, "costAndExpenses": 219129000000, "interestIncome": 0, "interestExpense": 311000000, "depreciationAndAmortization": 18048000000, "ebitda": 32483000000, "ebitdaratio": 0.1345575504, "operatingIncome": 14435000000, "operatingIncomeRatio": 0.0597955312, "totalOtherIncomeExpensesNet": 7531000000, "incomeBeforeTax": 21966000000, "incomeBeforeTaxRatio": 0.0909919389, "incomeTaxExpense": 5415000000, "netIncome": 16150000000, "netIncomeRatio": 0.0668997457, "eps": 3.85, "epsdiluted": 3.85, "weightedAverageShsOut": 4194805195, "weightedAverageShsOutDil": 4194805195, "link": "https://www.sec.gov/Archives/edgar/data/34088/000003408816000065/0000034088-16-000065-index.htm", "finalLink": "https://www.sec.gov/Archives/edgar/data/34088/000003408816000065/xom10k2015.htm", "calculatedOtherExpenses": 49874000000, "calculatedOperatingExpenses": 63366000000, "calculatedNetInterest": -311000000, "calculatedOtherIncome": 7842000000, "calculatedIncomeNonControlling": 401000000, "calculatedEbitda": 32483000000}, {"date": "2014-12-31", "symbol": "XOM", "reportedCurrency": "USD", "cik": "0000034088", "fillingDate": "2015-02-25", "acceptedDate": "2015-02-25 16:26:23", "calendarYear": "2014", "period": "FY", "revenue": 364763000000, "costOfRevenue": 234856000000, "grossProfit": 129907000000, "grossProfitRatio": 0.3561408367, "researchAndDevelopmentExpenses": 971000000, "generalAndAdministrativeExpenses": 12598000000, "sellingAndMarketingExpenses": 1073000000, "sellingGeneralAndAdministrativeExpenses": 13671000000, "otherExpenses": 4511000000, "operatingExpenses": 77991000000, "costAndExpenses": 312847000000, "interestIncome": 0, "interestExpense": 286000000, "depreciationAndAmortization": 17297000000, "ebitda": 51379000000, "ebitdaratio": 0.1408558434, "operatingIncome": 34082000000, "operatingIncomeRatio": 0.0934360119, "totalOtherIncomeExpensesNet": 17548000000, "incomeBeforeTax": 51630000000, "incomeBeforeTaxRatio": 0.1415439614, "incomeTaxExpense": 18015000000, "netIncome": 32520000000, "netIncomeRatio": 0.0891537793, "eps": 7.59, "epsdiluted": 7.59, "weightedAverageShsOut": 4278947368, "weightedAverageShsOutDil": 4278947368, "link": "https://www.sec.gov/Archives/edgar/data/34088/000003408815000013/0000034088-15-000013-index.htm", "finalLink": "https://www.sec.gov/Archives/edgar/data/34088/000003408815000013/xom10k2014.htm", "calculatedOtherExpenses": 81183000000, "calculatedOperatingExpenses": 95825000000, "calculatedNetInterest": -286000000, "calculatedOtherIncome": 17834000000, "calculatedIncomeNonControlling": 1095000000, "calculatedEbitda": 51379000000}, {"date": "2013-12-31", "symbol": "XOM", "reportedCurrency": "USD", "cik": "0000034088", "fillingDate": "2014-02-26", "acceptedDate": "2014-02-26 16:07:02", "calendarYear": "2013", "period": "FY", "revenue": 390247000000, "costOfRevenue": 251592000000, "grossProfit": 138655000000, "grossProfitRatio": 0.3553006173, "researchAndDevelopmentExpenses": 1044000000, "generalAndAdministrativeExpenses": 12877000000, "sellingAndMarketingExpenses": 1310000000, "sellingGeneralAndAdministrativeExpenses": 14187000000, "otherExpenses": 3492000000, "operatingExpenses": 80935000000, "costAndExpenses": 332527000000, "interestIncome": 0, "interestExpense": 9000000, "depreciationAndAmortization": 17182000000, "ebitda": 57483000000, "ebitdaratio": 0.1472990183, "operatingIncome": 40301000000, "operatingIncomeRatio": 0.1032704928, "totalOtherIncomeExpensesNet": 17410000000, "incomeBeforeTax": 57711000000, "incomeBeforeTaxRatio": 0.1478832637, "incomeTaxExpense": 24263000000, "netIncome": 32580000000, "netIncomeRatio": 0.0834855873, "eps": 7.37, "epsdiluted": 7.37, "weightedAverageShsOut": 4420624151, "weightedAverageShsOutDil": 4420624152, "link": "https://www.sec.gov/Archives/edgar/data/34088/000003408814000012/0000034088-14-000012-index.htm", "finalLink": "https://www.sec.gov/Archives/edgar/data/34088/000003408814000012/xom10k2013.htm", "calculatedOtherExpenses": 83123000000, "calculatedOperatingExpenses": 98354000000, "calculatedNetInterest": -9000000, "calculatedOtherIncome": 17419000000, "calculatedIncomeNonControlling": 868000000, "calculatedEbitda": 57483000000}, {"date": "2012-12-31", "symbol": "XOM", "reportedCurrency": "USD", "cik": "0000034088", "fillingDate": "2013-02-27", "acceptedDate": "2013-02-27 16:05:06", "calendarYear": "2012", "period": "FY", "revenue": 419100000000, "costOfRevenue": 267097000000, "grossProfit": 152003000000, "grossProfitRatio": 0.3626890957, "researchAndDevelopmentExpenses": 1042000000, "generalAndAdministrativeExpenses": 13877000000, "sellingAndMarketingExpenses": 1091000000, "sellingGeneralAndAdministrativeExpenses": 14968000000, "otherExpenses": 14162000000, "operatingExpenses": 72950000000, "costAndExpenses": 340047000000, "interestIncome": 0, "interestExpense": 327000000, "depreciationAndAmortization": 15888000000, "ebitda": 65769000000, "ebitdaratio": 0.1569291339, "operatingIncome": 49881000000, "operatingIncomeRatio": 0.1190193271, "totalOtherIncomeExpensesNet": 28845000000, "incomeBeforeTax": 78726000000, "incomeBeforeTaxRatio": 0.187845383, "incomeTaxExpense": 31045000000, "netIncome": 44880000000, "netIncomeRatio": 0.1070866142, "eps": 9.7, "epsdiluted": 9.7, "weightedAverageShsOut": 4628000000, "weightedAverageShsOutDil": 4628000000, "link": "https://www.sec.gov/Archives/edgar/data/34088/000003408813000011/0000034088-13-000011-index.htm", "finalLink": "https://www.sec.gov/Archives/edgar/data/34088/000003408813000011/xom10k2012.htm", "calculatedOtherExpenses": 86112000000, "calculatedOperatingExpenses": 102122000000, "calculatedNetInterest": -327000000, "calculatedOtherIncome": 29172000000, "calculatedIncomeNonControlling": 2801000000, "calculatedEbitda": 65769000000}, {"date": "2011-12-31", "symbol": "XOM", "reportedCurrency": "USD", "cik": "0000034088", "fillingDate": "2012-02-24", "acceptedDate": "2012-02-24 16:08:32", "calendarYear": "2011", "period": "FY", "revenue": 471140000000, "costOfRevenue": 340305000000, "grossProfit": 130835000000, "grossProfitRatio": 0.2776987732, "researchAndDevelopmentExpenses": 0, "generalAndAdministrativeExpenses": 14983000000, "sellingAndMarketingExpenses": 0, "sellingGeneralAndAdministrativeExpenses": 14983000000, "otherExpenses": 57637000000, "operatingExpenses": 72620000000, "costAndExpenses": 412925000000, "interestIncome": 0, "interestExpense": 247000000, "depreciationAndAmortization": 15583000000, "ebitda": 73551000000, "ebitdaratio": 0.1561128327, "operatingIncome": 57968000000, "operatingIncomeRatio": 0.1230377383, "totalOtherIncomeExpensesNet": 15289000000, "incomeBeforeTax": 73257000000, "incomeBeforeTaxRatio": 0.1554888144, "incomeTaxExpense": 31051000000, "netIncome": 41060000000, "netIncomeRatio": 0.0871503163, "eps": 8.43, "epsdiluted": 8.42, "weightedAverageShsOut": 4870699881, "weightedAverageShsOutDil": 4875000000, "link": "https://www.sec.gov/Archives/edgar/data/34088/000119312512078102/0001193125-12-078102-index.htm", "finalLink": "https://www.sec.gov/Archives/edgar/data/34088/000119312512078102/d257530d10k.htm", "calculatedOtherExpenses": 57884000000, "calculatedOperatingExpenses": 72867000000, "calculatedNetInterest": -247000000, "calculatedOtherIncome": 15536000000, "calculatedIncomeNonControlling": 1146000000, "calculatedEbitda": 73551000000}, {"date": "2010-12-31", "symbol": "XOM", "reportedCurrency": "USD", "cik": "0000034088", "fillingDate": "2011-02-25", "acceptedDate": "2011-02-25 16:07:35", "calendarYear": "2010", "period": "FY", "revenue": 372544000000, "costOfRevenue": 262298000000, "grossProfit": 110246000000, "grossProfitRatio": 0.2959274609, "researchAndDevelopmentExpenses": 0, "generalAndAdministrativeExpenses": 14683000000, "sellingAndMarketingExpenses": 0, "sellingGeneralAndAdministrativeExpenses": 14683000000, "otherExpenses": 53022000000, "operatingExpenses": 67705000000, "costAndExpenses": 330003000000, "interestIncome": 0, "interestExpense": 259000000, "depreciationAndAmortization": 14760000000, "ebitda": 57042000000, "ebitdaratio": 0.1531147999, "operatingIncome": 42282000000, "operatingIncomeRatio": 0.1134953187, "totalOtherIncomeExpensesNet": 10677000000, "incomeBeforeTax": 52959000000, "incomeBeforeTaxRatio": 0.1421550206, "incomeTaxExpense": 21561000000, "netIncome": 30460000000, "netIncomeRatio": 0.0817621543, "eps": 6.24, "epsdiluted": 6.22, "weightedAverageShsOut": 4885000000, "weightedAverageShsOutDil": 4897000000, "link": "https://www.sec.gov/Archives/edgar/data/34088/000119312511047394/0001193125-11-047394-index.htm", "finalLink": "https://www.sec.gov/Archives/edgar/data/34088/000119312511047394/d10k.htm", "calculatedOtherExpenses": 53281000000, "calculatedOperatingExpenses": 67964000000, "calculatedNetInterest": -259000000, "calculatedOtherIncome": 10936000000, "calculatedIncomeNonControlling": 938000000, "calculatedEbitda": 57042000000}, {"date": "2009-12-31", "symbol": "XOM", "reportedCurrency": "USD", "cik": "0000034088", "fillingDate": "2010-02-26", "acceptedDate": "2010-02-26 16:17:17", "calendarYear": "2009", "period": "FY", "revenue": 303443000000, "costOfRevenue": 185833000000, "grossProfit": 117610000000, "grossProfitRatio": 0.3875851478, "researchAndDevelopmentExpenses": 0, "generalAndAdministrativeExpenses": 14735000000, "sellingAndMarketingExpenses": 0, "sellingGeneralAndAdministrativeExpenses": 14735000000, "otherExpenses": 74693000000, "operatingExpenses": 89428000000, "costAndExpenses": 275261000000, "interestIncome": 0, "interestExpense": 548000000, "depreciationAndAmortization": 11917000000, "ebitda": 39551000000, "ebitdaratio": 0.1303407889, "operatingIncome": 27634000000, "operatingIncomeRatio": 0.0910681743, "totalOtherIncomeExpensesNet": 7143000000, "incomeBeforeTax": 34777000000, "incomeBeforeTaxRatio": 0.1146080153, "incomeTaxExpense": 15119000000, "netIncome": 19280000000, "netIncomeRatio": 0.0635374683, "eps": 3.99, "epsdiluted": 3.98, "weightedAverageShsOut": 4832000000, "weightedAverageShsOutDil": 4844221106, "link": "https://www.sec.gov/Archives/edgar/data/34088/000119312510042929/0001193125-10-042929-index.htm", "finalLink": "https://www.sec.gov/Archives/edgar/data/34088/000119312510042929/d10k.htm", "calculatedOtherExpenses": 75241000000, "calculatedOperatingExpenses": 89976000000, "calculatedNetInterest": -548000000, "calculatedOtherIncome": 7691000000, "calculatedIncomeNonControlling": 378000000, "calculatedEbitda": 39551000000}, {"date": "2008-12-31", "symbol": "XOM", "reportedCurrency": "USD", "cik": "0000034088", "fillingDate": "2009-02-27", "acceptedDate": "2009-02-27 16:16:54", "calendarYear": "2008", "period": "FY", "revenue": 477359000000, "costOfRevenue": 288810000000, "grossProfit": 188549000000, "grossProfitRatio": 0.3949836496, "researchAndDevelopmentExpenses": 0, "generalAndAdministrativeExpenses": 15873000000, "sellingAndMarketingExpenses": 0, "sellingGeneralAndAdministrativeExpenses": 15873000000, "otherExpenses": 54098000000, "operatingExpenses": 69971000000, "costAndExpenses": 358781000000, "interestIncome": 0, "interestExpense": 30129000000, "depreciationAndAmortization": 12379000000, "ebitda": 76349000000, "ebitdaratio": 0.1599404222, "operatingIncome": 63970000000, "operatingIncomeRatio": 0.1340081574, "totalOtherIncomeExpensesNet": 17780000000, "incomeBeforeTax": 81750000000, "incomeBeforeTaxRatio": 0.1712547579, "incomeTaxExpense": 36530000000, "netIncome": 45220000000, "netIncomeRatio": 0.0947295432, "eps": 8.78, "epsdiluted": 8.69, "weightedAverageShsOut": 5149000000, "weightedAverageShsOutDil": 5203682394, "link": "https://www.sec.gov/Archives/edgar/data/34088/000119312509040966/0001193125-09-040966-index.htm", "finalLink": "https://www.sec.gov/Archives/edgar/data/34088/000119312509040966/d10k.htm", "calculatedOtherExpenses": 108706000000, "calculatedOperatingExpenses": 124579000000, "calculatedNetInterest": -30129000000, "calculatedOtherIncome": 47909000000, "calculatedIncomeNonControlling": 0, "calculatedEbitda": 76349000000}, {"date": "2007-12-31", "symbol": "XOM", "reportedCurrency": "USD", "cik": "0000034088", "fillingDate": "2008-02-28", "acceptedDate": "2008-02-28 16:17:53", "calendarYear": "2007", "period": "FY", "revenue": 404552000000, "costOfRevenue": 232852000000, "grossProfit": 171700000000, "grossProfitRatio": 0.4244200993, "researchAndDevelopmentExpenses": 0, "generalAndAdministrativeExpenses": 14890000000, "sellingAndMarketingExpenses": 0, "sellingGeneralAndAdministrativeExpenses": 14890000000, "otherExpenses": 53203000000, "operatingExpenses": 68093000000, "costAndExpenses": 300945000000, "interestIncome": 0, "interestExpense": 27810000000, "depreciationAndAmortization": 12250000000, "ebitda": 68500000000, "ebitdaratio": 0.1693231031, "operatingIncome": 56250000000, "operatingIncomeRatio": 0.1390426941, "totalOtherIncomeExpensesNet": 14224000000, "incomeBeforeTax": 70474000000, "incomeBeforeTaxRatio": 0.1742025747, "incomeTaxExpense": 29864000000, "netIncome": 40610000000, "netIncomeRatio": 0.1003826455, "eps": 7.36, "epsdiluted": 7.28, "weightedAverageShsOut": 5517663043, "weightedAverageShsOutDil": 5578296703, "link": "https://www.sec.gov/Archives/edgar/data/34088/000119312508041781/0001193125-08-041781-index.htm", "finalLink": "https://www.sec.gov/Archives/edgar/data/34088/000119312508041781/d10k.htm", "calculatedOtherExpenses": 100560000000, "calculatedOperatingExpenses": 115450000000, "calculatedNetInterest": -27810000000, "calculatedOtherIncome": 42034000000, "calculatedIncomeNonControlling": 0, "calculatedEbitda": 68500000000}, {"date": "2006-12-31", "symbol": "XOM", "reportedCurrency": "USD", "cik": "0000034088", "fillingDate": "2007-02-28", "acceptedDate": "2007-02-28 14:53:51", "calendarYear": "2006", "period": "FY", "revenue": 377635000000, "costOfRevenue": 213255000000, "grossProfit": 164380000000, "grossProfitRatio": 0.4352880427, "researchAndDevelopmentExpenses": 0, "generalAndAdministrativeExpenses": 14273000000, "sellingAndMarketingExpenses": 0, "sellingGeneralAndAdministrativeExpenses": 14273000000, "otherExpenses": 81000000000, "operatingExpenses": 95273000000, "costAndExpenses": 308528000000, "interestIncome": 0, "interestExpense": -3478000000, "depreciationAndAmortization": 11416000000, "ebitda": 66650000000, "ebitdaratio": 0.1764931746, "operatingIncome": 55234000000, "operatingIncomeRatio": 0.1462629258, "totalOtherIncomeExpensesNet": 12168000000, "incomeBeforeTax": 67402000000, "incomeBeforeTaxRatio": 0.1784845155, "incomeTaxExpense": 27902000000, "netIncome": 39500000000, "netIncomeRatio": 0.1045983556, "eps": 6.68, "epsdiluted": 6.62, "weightedAverageShsOut": 5913173653, "weightedAverageShsOutDil": 5966767372, "link": "https://www.sec.gov/Archives/edgar/data/34088/000119312507042435/0001193125-07-042435-index.htm", "finalLink": "https://www.sec.gov/Archives/edgar/data/34088/000119312507042435/d10k.htm", "calculatedOtherExpenses": 94873000000, "calculatedOperatingExpenses": 109146000000, "calculatedNetInterest": 3478000000, "calculatedOtherIncome": 8690000000, "calculatedIncomeNonControlling": 0, "calculatedEbitda": 66650000000}, {"date": "2005-12-31", "symbol": "XOM", "reportedCurrency": "USD", "cik": "0000034088", "fillingDate": "2006-02-28", "acceptedDate": "2006-02-28 12:45:59", "calendarYear": "2005", "period": "FY", "revenue": 370680000000, "costOfRevenue": 213002000000, "grossProfit": 157678000000, "grossProfitRatio": 0.4253749865, "researchAndDevelopmentExpenses": 0, "generalAndAdministrativeExpenses": 14402000000, "sellingAndMarketingExpenses": 0, "sellingGeneralAndAdministrativeExpenses": 14402000000, "otherExpenses": 51807000000, "operatingExpenses": 66209000000, "costAndExpenses": 279211000000, "interestIncome": 0, "interestExpense": 27895000000, "depreciationAndAmortization": 10253000000, "ebitda": 57960000000, "ebitdaratio": 0.156361282, "operatingIncome": 47707000000, "operatingIncomeRatio": 0.1287013057, "totalOtherIncomeExpensesNet": 11725000000, "incomeBeforeTax": 59432000000, "incomeBeforeTaxRatio": 0.1603323621, "incomeTaxExpense": 23302000000, "netIncome": 36130000000, "netIncomeRatio": 0.0974695155, "eps": 5.76, "epsdiluted": 5.71, "weightedAverageShsOut": 6272569444, "weightedAverageShsOutDil": 6327495622, "link": "https://www.sec.gov/Archives/edgar/data/34088/000119312506040951/0001193125-06-040951-index.htm", "finalLink": "https://www.sec.gov/Archives/edgar/data/34088/000119312506040951/d10k.htm", "calculatedOtherExpenses": 95569000000, "calculatedOperatingExpenses": 109971000000, "calculatedNetInterest": -27895000000, "calculatedOtherIncome": 39620000000, "calculatedIncomeNonControlling": 0, "calculatedEbitda": 57960000000}, {"date": "2004-12-31", "symbol": "XOM", "reportedCurrency": "USD", "cik": "0000034088", "fillingDate": "2005-02-28", "acceptedDate": "2005-02-28 11:31:22", "calendarYear": "2004", "period": "FY", "revenue": 298035000000, "costOfRevenue": 163547000000, "grossProfit": 134488000000, "grossProfitRatio": 0.4512490144, "researchAndDevelopmentExpenses": 0, "generalAndAdministrativeExpenses": 13849000000, "sellingAndMarketingExpenses": 0, "sellingGeneralAndAdministrativeExpenses": 13849000000, "otherExpenses": 50721000000, "operatingExpenses": 64570000000, "costAndExpenses": 228117000000, "interestIncome": 0, "interestExpense": 26855000000, "depreciationAndAmortization": 9767000000, "ebitda": 44225000000, "ebitdaratio": 0.1483886121, "operatingIncome": 34458000000, "operatingIncomeRatio": 0.1156172933, "totalOtherIncomeExpensesNet": 6783000000, "incomeBeforeTax": 41241000000, "incomeBeforeTaxRatio": 0.1383763652, "incomeTaxExpense": 15911000000, "netIncome": 25330000000, "netIncomeRatio": 0.084990018, "eps": 3.91, "epsdiluted": 3.89, "weightedAverageShsOut": 6478260870, "weightedAverageShsOutDil": 6511568123, "link": "https://www.sec.gov/Archives/edgar/data/34088/000119312505038144/0001193125-05-038144-index.htm", "finalLink": "https://www.sec.gov/Archives/edgar/data/34088/000119312505038144/d10k.htm", "calculatedOtherExpenses": 86181000000, "calculatedOperatingExpenses": 100030000000, "calculatedNetInterest": -26855000000, "calculatedOtherIncome": 33638000000, "calculatedIncomeNonControlling": 0, "calculatedEbitda": 44225000000}, {"date": "2003-12-31", "symbol": "XOM", "reportedCurrency": "USD", "cik": "0000034088", "fillingDate": "2004-03-15", "acceptedDate": "2004-03-15 12:53:35", "calendarYear": "2003", "period": "FY", "revenue": 246738000000, "costOfRevenue": 129928000000, "grossProfit": 116810000000, "grossProfitRatio": 0.4734171469, "researchAndDevelopmentExpenses": 0, "generalAndAdministrativeExpenses": 13396000000, "sellingAndMarketingExpenses": 0, "sellingGeneralAndAdministrativeExpenses": 13396000000, "otherExpenses": 46692000000, "operatingExpenses": 60088000000, "costAndExpenses": 190016000000, "interestIncome": 0, "interestExpense": 18895000000, "depreciationAndAmortization": 9047000000, "ebitda": 31329000000, "ebitdaratio": 0.1269727403, "operatingIncome": 22282000000, "operatingIncomeRatio": 0.0903063168, "totalOtherIncomeExpensesNet": 9684000000, "incomeBeforeTax": 31966000000, "incomeBeforeTaxRatio": 0.1295544262, "incomeTaxExpense": 11006000000, "netIncome": 21510000000, "netIncomeRatio": 0.0871774919, "eps": 3.24, "epsdiluted": 3.23, "weightedAverageShsOut": 6638888889, "weightedAverageShsOutDil": 6659442724, "link": "https://www.sec.gov/Archives/edgar/data/34088/000119312504041877/0001193125-04-041877-index.htm", "finalLink": "https://www.sec.gov/Archives/edgar/data/34088/000119312504041877/d10k.htm", "calculatedOtherExpenses": 81132000000, "calculatedOperatingExpenses": 94528000000, "calculatedNetInterest": -18895000000, "calculatedOtherIncome": 28579000000, "calculatedIncomeNonControlling": -550000000, "calculatedEbitda": 31329000000}, {"date": "2002-12-31", "symbol": "XOM", "reportedCurrency": "USD", "cik": "0000034088", "fillingDate": "2003-03-26", "acceptedDate": "2003-03-26 11:14:25", "calendarYear": "2002", "period": "FY", "revenue": 204506000000, "costOfRevenue": 109701000000, "grossProfit": 94805000000, "grossProfitRatio": 0.4635805306, "researchAndDevelopmentExpenses": 0, "generalAndAdministrativeExpenses": 12356000000, "sellingAndMarketingExpenses": 0, "sellingGeneralAndAdministrativeExpenses": 12356000000, "otherExpenses": 41882000000, "operatingExpenses": 54238000000, "costAndExpenses": 163939000000, "interestIncome": 0, "interestExpense": 23018000000, "depreciationAndAmortization": 8310000000, "ebitda": 22673000000, "ebitdaratio": 0.1108671628, "operatingIncome": 14363000000, "operatingIncomeRatio": 0.0702326582, "totalOtherIncomeExpensesNet": 3147000000, "incomeBeforeTax": 17510000000, "incomeBeforeTaxRatio": 0.0856209598, "incomeTaxExpense": 6499000000, "netIncome": 11460000000, "netIncomeRatio": 0.0560374757, "eps": 1.69, "epsdiluted": 1.68, "weightedAverageShsOut": 6781065089, "weightedAverageShsOutDil": 6821428571, "link": "https://www.sec.gov/Archives/edgar/data/34088/000093066103001208/0000930661-03-001208-index.htm", "finalLink": "https://www.sec.gov/Archives/edgar/data/34088/000093066103001208/d10k.htm", "calculatedOtherExpenses": 68086000000, "calculatedOperatingExpenses": 80442000000, "calculatedNetInterest": -23018000000, "calculatedOtherIncome": 26165000000, "calculatedIncomeNonControlling": -449000000, "calculatedEbitda": 22673000000}, {"date": "2001-12-31", "symbol": "XOM", "reportedCurrency": "USD", "cik": "0000034088", "fillingDate": "2002-03-27", "acceptedDate": "2002-03-27 00:00:00", "calendarYear": "2001", "period": "FY", "revenue": 213488000000, "costOfRevenue": 111631000000, "grossProfit": 101857000000, "grossProfitRatio": 0.4771087836, "researchAndDevelopmentExpenses": 0, "generalAndAdministrativeExpenses": 12900000000, "sellingAndMarketingExpenses": 0, "sellingGeneralAndAdministrativeExpenses": 12900000000, "otherExpenses": 41321000000, "operatingExpenses": 54221000000, "costAndExpenses": 165852000000, "interestIncome": 0, "interestExpense": 24050000000, "depreciationAndAmortization": 7944000000, "ebitda": 28740000000, "ebitdaratio": 0.1346211497, "operatingIncome": 20796000000, "operatingIncomeRatio": 0.0974106273, "totalOtherIncomeExpensesNet": 3323000000, "incomeBeforeTax": 24119000000, "incomeBeforeTaxRatio": 0.112975905, "incomeTaxExpense": 9014000000, "netIncome": 15320000000, "netIncomeRatio": 0.0717604737, "eps": 2.23, "epsdiluted": 2.21, "weightedAverageShsOut": 6869955157, "weightedAverageShsOutDil": 6932126697, "link": "https://www.sec.gov/Archives/edgar/data/34088/000093066102000889/0000930661-02-000889-index.htm", "finalLink": "https://www.sec.gov/Archives/edgar/data/34088/000093066102000889/d10k.txt", "calculatedOtherExpenses": 68161000000, "calculatedOperatingExpenses": 81061000000, "calculatedNetInterest": -24050000000, "calculatedOtherIncome": 27373000000, "calculatedIncomeNonControlling": -215000000, "calculatedEbitda": 28740000000}, {"date": "2000-12-31", "symbol": "XOM", "reportedCurrency": "USD", "cik": "0000034088", "fillingDate": "2001-03-28", "acceptedDate": "2001-03-28 00:00:00", "calendarYear": "2000", "period": "FY", "revenue": 232748000000, "costOfRevenue": 128022000000, "grossProfit": 104726000000, "grossProfitRatio": 0.4499544572, "researchAndDevelopmentExpenses": 0, "generalAndAdministrativeExpenses": 12044000000, "sellingAndMarketingExpenses": 0, "sellingGeneralAndAdministrativeExpenses": 12044000000, "otherExpenses": 40838000000, "operatingExpenses": 52882000000, "costAndExpenses": 180904000000, "interestIncome": 0, "interestExpense": 21536000000, "depreciationAndAmortization": 8130000000, "ebitda": 33714000000, "ebitdaratio": 0.1448519429, "operatingIncome": 25584000000, "operatingIncomeRatio": 0.1099214601, "totalOtherIncomeExpensesNet": 1497000000, "incomeBeforeTax": 27081000000, "incomeBeforeTaxRatio": 0.1163533092, "incomeTaxExpense": 11091000000, "netIncome": 17720000000, "netIncomeRatio": 0.0761338443, "eps": 2.55, "epsdiluted": 2.52, "weightedAverageShsOut": 6949019608, "weightedAverageShsOutDil": 7031746032, "link": "https://www.sec.gov/Archives/edgar/data/34088/000093066101000781/0000930661-01-000781-index.htm", "finalLink": "https://www.sec.gov/Archives/edgar/data/34088/000093066101000781/0000930661-01-000781-0001.txt", "calculatedOtherExpenses": 67098000000, "calculatedOperatingExpenses": 79142000000, "calculatedNetInterest": -21536000000, "calculatedOtherIncome": 23033000000, "calculatedIncomeNonControlling": -1730000000, "calculatedEbitda": 33714000000}, {"date": "1999-12-31", "symbol": "XOM", "reportedCurrency": "USD", "cik": "0000034088", "fillingDate": "2000-03-23", "acceptedDate": "2000-03-23 00:00:00", "calendarYear": "1999", "period": "FY", "revenue": 160883000000, "costOfRevenue": 95063000000, "grossProfit": 65820000000, "grossProfitRatio": 0.4091171845, "researchAndDevelopmentExpenses": 0, "generalAndAdministrativeExpenses": 13134000000, "sellingAndMarketingExpenses": 0, "sellingGeneralAndAdministrativeExpenses": 13134000000, "otherExpenses": 43069000000, "operatingExpenses": 56203000000, "costAndExpenses": 151266000000, "interestIncome": 0, "interestExpense": -3281000000, "depreciationAndAmortization": 8304000000, "ebitda": 17706000000, "ebitdaratio": 0.1100551332, "operatingIncome": 9402000000, "operatingIncomeRatio": 0.0584399843, "totalOtherIncomeExpensesNet": 1748000000, "incomeBeforeTax": 11150000000, "incomeBeforeTaxRatio": 0.0693050229, "incomeTaxExpense": 3240000000, "netIncome": 7910000000, "netIncomeRatio": 0.0491661642, "eps": 1.14, "epsdiluted": 1.13, "weightedAverageShsOut": 6907017544, "weightedAverageShsOutDil": 6999111111, "link": "https://www.sec.gov/Archives/edgar/data/34088/000093066100000656/0000930661-00-000656-index.html", "finalLink": "https://www.sec.gov/Archives/edgar/data/34088/000093066100000656/", "calculatedOtherExpenses": 43284000000, "calculatedOperatingExpenses": 56418000000, "calculatedNetInterest": 3281000000, "calculatedOtherIncome": -1533000000, "calculatedIncomeNonControlling": 0, "calculatedEbitda": 17706000000}, {"date": "1998-12-31", "symbol": "XOM", "reportedCurrency": "USD", "cik": "0000034088", "fillingDate": "1999-03-30", "acceptedDate": "1999-03-30 00:00:00", "calendarYear": "1998", "period": "FY", "revenue": 100697000000, "costOfRevenue": 57423000000, "grossProfit": 43274000000, "grossProfitRatio": 0.4297446796, "researchAndDevelopmentExpenses": 0, "generalAndAdministrativeExpenses": 8372000000, "sellingAndMarketingExpenses": 0, "sellingGeneralAndAdministrativeExpenses": 8372000000, "otherExpenses": 27916000000, "operatingExpenses": 36288000000, "costAndExpenses": 93711000000, "interestIncome": 0, "interestExpense": -4355000000, "depreciationAndAmortization": 5340000000, "ebitda": 12041000000, "ebitdaratio": 0.1195765514, "operatingIncome": 6701000000, "operatingIncomeRatio": 0.0665461732, "totalOtherIncomeExpensesNet": 2355000000, "incomeBeforeTax": 9056000000, "incomeBeforeTaxRatio": 0.0899331658, "incomeTaxExpense": 2616000000, "netIncome": 6370000000, "netIncomeRatio": 0.0632590842, "eps": 1.31, "epsdiluted": 1.29, "weightedAverageShsOut": 4873563218, "weightedAverageShsOutDil": 4930232558, "link": "https://www.sec.gov/Archives/edgar/data/34088/000093066199000626/0000930661-99-000626-index.html", "finalLink": "https://www.sec.gov/Archives/edgar/data/34088/", "calculatedOtherExpenses": 28201000000, "calculatedOperatingExpenses": 36573000000, "calculatedNetInterest": 4355000000, "calculatedOtherIncome": -2000000000, "calculatedIncomeNonControlling": 70000000, "calculatedEbitda": 12041000000}, {"date": "1997-12-31", "symbol": "XOM", "reportedCurrency": "USD", "cik": "0000034088", "fillingDate": "1998-03-18", "acceptedDate": "1998-03-18 00:00:00", "calendarYear": "1997", "period": "FY", "revenue": 120279000000, "costOfRevenue": 71769000000, "grossProfit": 48510000000, "grossProfitRatio": 0.4033122989, "researchAndDevelopmentExpenses": 0, "generalAndAdministrativeExpenses": 8406000000, "sellingAndMarketingExpenses": 0, "sellingGeneralAndAdministrativeExpenses": 8406000000, "otherExpenses": 28585000000, "operatingExpenses": 36991000000, "costAndExpenses": 108760000000, "interestIncome": 0, "interestExpense": -3379000000, "depreciationAndAmortization": 5474000000, "ebitda": 16172000000, "ebitdaratio": 0.134454061, "operatingIncome": 10698000000, "operatingIncomeRatio": 0.088943207, "totalOtherIncomeExpensesNet": 2100000000, "incomeBeforeTax": 12798000000, "incomeBeforeTaxRatio": 0.1064026139, "incomeTaxExpense": 4338000000, "netIncome": 8460000000, "netIncomeRatio": 0.0703364677, "eps": 1.71, "epsdiluted": 1.69, "weightedAverageShsOut": 4961876833, "weightedAverageShsOutDil": 5020771513, "link": "https://www.sec.gov/Archives/edgar/data/34088/000093066198000526/0000930661-98-000526-index.html", "finalLink": "https://www.sec.gov/Archives/edgar/data/34088/", "calculatedOtherExpenses": 29406000000, "calculatedOperatingExpenses": 37812000000, "calculatedNetInterest": 3379000000, "calculatedOtherIncome": -1279000000, "calculatedIncomeNonControlling": 0, "calculatedEbitda": 16172000000}, {"date": "1996-12-31", "symbol": "XOM", "reportedCurrency": "USD", "cik": "0000034088", "fillingDate": "1997-03-13", "acceptedDate": "1997-03-13 00:00:00", "calendarYear": "1996", "period": "FY", "revenue": 116728000000, "costOfRevenue": 70424000000, "grossProfit": 46304000000, "grossProfitRatio": 0.3966828867, "researchAndDevelopmentExpenses": 0, "generalAndAdministrativeExpenses": 7961000000, "sellingAndMarketingExpenses": 0, "sellingGeneralAndAdministrativeExpenses": 7961000000, "otherExpenses": 28285000000, "operatingExpenses": 36246000000, "costAndExpenses": 106670000000, "interestIncome": 0, "interestExpense": -4564000000, "depreciationAndAmortization": 5329000000, "ebitda": 14539000000, "ebitdaratio": 0.1245545199, "operatingIncome": 9210000000, "operatingIncomeRatio": 0.0789013776, "totalOtherIncomeExpensesNet": 2706000000, "incomeBeforeTax": 11916000000, "incomeBeforeTaxRatio": 0.1020834761, "incomeTaxExpense": 4406000000, "netIncome": 7510000000, "netIncomeRatio": 0.0643376054, "eps": 1.51, "epsdiluted": 1.51, "weightedAverageShsOut": 4972093023, "weightedAverageShsOutDil": 5040201005, "link": "https://www.sec.gov/Archives/edgar/data/34088/000093066197000575/0000930661-97-000575-index.html", "finalLink": "https://www.sec.gov/Archives/edgar/data/34088/", "calculatedOtherExpenses": 29133000000, "calculatedOperatingExpenses": 37094000000, "calculatedNetInterest": 4564000000, "calculatedOtherIncome": -1858000000, "calculatedIncomeNonControlling": 0, "calculatedEbitda": 14539000000}, {"date": "1995-12-31", "symbol": "XOM", "reportedCurrency": "USD", "cik": "0000034088", "fillingDate": "1996-03-08", "acceptedDate": "1996-03-08 00:00:00", "calendarYear": "1995", "period": "FY", "revenue": 107893000000, "costOfRevenue": 62352000000, "grossProfit": 45541000000, "grossProfitRatio": 0.4220941118, "researchAndDevelopmentExpenses": 0, "generalAndAdministrativeExpenses": 7629000000, "sellingAndMarketingExpenses": 0, "sellingGeneralAndAdministrativeExpenses": 7629000000, "otherExpenses": 28714000000, "operatingExpenses": 36343000000, "costAndExpenses": 98695000000, "interestIncome": 0, "interestExpense": -3360000000, "depreciationAndAmortization": 5386000000, "ebitda": 13712000000, "ebitdaratio": 0.1270888751, "operatingIncome": 8326000000, "operatingIncomeRatio": 0.0771690471, "totalOtherIncomeExpensesNet": 2116000000, "incomeBeforeTax": 10442000000, "incomeBeforeTaxRatio": 0.0967810701, "incomeTaxExpense": 3972000000, "netIncome": 6470000000, "netIncomeRatio": 0.059966819, "eps": 1.3, "epsdiluted": 1.3, "weightedAverageShsOut": 4966795367, "weightedAverageShsOutDil": 4989583333, "link": "https://www.sec.gov/Archives/edgar/data/34088/000093066196000138/0000930661-96-000138-index.html", "finalLink": "https://www.sec.gov/Archives/edgar/data/34088/", "calculatedOtherExpenses": 29586000000, "calculatedOperatingExpenses": 37215000000, "calculatedNetInterest": 3360000000, "calculatedOtherIncome": -1244000000, "calculatedIncomeNonControlling": 0, "calculatedEbitda": 13712000000}, {"date": "1994-12-31", "symbol": "XOM", "reportedCurrency": "USD", "cik": "0000034088", "fillingDate": "1995-03-10", "acceptedDate": "1995-03-10 00:00:00", "calendarYear": "1994", "period": "FY", "revenue": 99683000000, "costOfRevenue": 59224000000, "grossProfit": 40459000000, "grossProfitRatio": 0.4058766289, "researchAndDevelopmentExpenses": 0, "generalAndAdministrativeExpenses": 7226000000, "sellingAndMarketingExpenses": 0, "sellingGeneralAndAdministrativeExpenses": 7226000000, "otherExpenses": 26199000000, "operatingExpenses": 33425000000, "costAndExpenses": 92649000000, "interestIncome": 0, "interestExpense": -2546000000, "depreciationAndAmortization": 5015000000, "ebitda": 11043000000, "ebitdaratio": 0.1107811763, "operatingIncome": 6028000000, "operatingIncomeRatio": 0.0604716953, "totalOtherIncomeExpensesNet": 1776000000, "incomeBeforeTax": 7804000000, "incomeBeforeTaxRatio": 0.0782881735, "incomeTaxExpense": 2704000000, "netIncome": 5100000000, "netIncomeRatio": 0.0511621841, "eps": 1.02, "epsdiluted": 1.02, "weightedAverageShsOut": 4970909091, "weightedAverageShsOutDil": 5039370079, "link": "https://www.sec.gov/Archives/edgar/data/34088/000095010995000647/0000950109-95-000647-index.html", "finalLink": "https://www.sec.gov/Archives/edgar/data/34088/", "calculatedOtherExpenses": 27205000000, "calculatedOperatingExpenses": 34431000000, "calculatedNetInterest": 2546000000, "calculatedOtherIncome": -770000000, "calculatedIncomeNonControlling": 0, "calculatedEbitda": 11043000000}, {"date": "1993-12-31", "symbol": "XOM", "reportedCurrency": "USD", "cik": "0000034088", "fillingDate": "1994-03-11", "acceptedDate": "1994-03-11 00:00:00", "calendarYear": "1993", "period": "FY", "revenue": 97825000000, "costOfRevenue": 58883000000, "grossProfit": 38942000000, "grossProfitRatio": 0.3980782009, "researchAndDevelopmentExpenses": 0, "generalAndAdministrativeExpenses": 0, "sellingAndMarketingExpenses": 0, "sellingGeneralAndAdministrativeExpenses": 7009000000, "otherExpenses": 24629000000, "operatingExpenses": 31638000000, "costAndExpenses": 90521000000, "interestIncome": 0, "interestExpense": -2427000000, "depreciationAndAmortization": 4884000000, "ebitda": 11257000000, "ebitdaratio": 0.1150728341, "operatingIncome": 6373000000, "operatingIncomeRatio": 0.0651469461, "totalOtherIncomeExpensesNet": 1679000000, "incomeBeforeTax": 8052000000, "incomeBeforeTaxRatio": 0.0823102479, "incomeTaxExpense": 2772000000, "netIncome": 5280000000, "netIncomeRatio": 0.053973933, "eps": 1.05, "epsdiluted": 1.05, "weightedAverageShsOut": 4957238095, "weightedAverageShsOutDil": 4980956938, "link": "https://www.sec.gov/Archives/edgar/data/34088/000095013194000308/0000950131-94-000308-index.html", "finalLink": "https://www.sec.gov/Archives/edgar/data/34088/", "calculatedOtherExpenses": 25560000000, "calculatedOperatingExpenses": 32569000000, "calculatedNetInterest": 2427000000, "calculatedOtherIncome": -748000000, "calculatedIncomeNonControlling": 0, "calculatedEbitda": 11257000000}, {"date": "1992-12-31", "symbol": "XOM", "reportedCurrency": "USD", "cik": "0000034088", "fillingDate": "1992-12-31", "acceptedDate": "1992-12-30 19:00:00", "calendarYear": "1992", "period": "FY", "revenue": 103160000000, "costOfRevenue": 62287000000, "grossProfit": 40873000000, "grossProfitRatio": 0.3962097712, "researchAndDevelopmentExpenses": 0, "generalAndAdministrativeExpenses": 0, "sellingAndMarketingExpenses": 0, "sellingGeneralAndAdministrativeExpenses": 7432000000, "otherExpenses": 26557000000, "operatingExpenses": 33989000000, "costAndExpenses": 96276000000, "interestIncome": 0, "interestExpense": -1797000000, "depreciationAndAmortization": 5044000000, "ebitda": 10897000000, "ebitdaratio": 0.1056320279, "operatingIncome": 5853000000, "operatingIncomeRatio": 0.0567371074, "totalOtherIncomeExpensesNet": 1434000000, "incomeBeforeTax": 7287000000, "incomeBeforeTaxRatio": 0.0706378441, "incomeTaxExpense": 2477000000, "netIncome": 4770000000, "netIncomeRatio": 0.0462388523, "eps": 0.95, "epsdiluted": 0.95, "weightedAverageShsOut": 4983280423, "weightedAverageShsOutDil": 4983280423, "link": "", "finalLink": "", "calculatedOtherExpenses": 27588000000, "calculatedOperatingExpenses": 35020000000, "calculatedNetInterest": 1797000000, "calculatedOtherIncome": -363000000, "calculatedIncomeNonControlling": 40000000, "calculatedEbitda": 10897000000}, {"date": "1991-12-31", "symbol": "XOM", "reportedCurrency": "USD", "cik": "0000034088", "fillingDate": "1991-12-31", "acceptedDate": "1991-12-30 19:00:00", "calendarYear": "1991", "period": "FY", "revenue": 102847000000, "costOfRevenue": 61248000000, "grossProfit": 41599000000, "grossProfitRatio": 0.4044746079, "researchAndDevelopmentExpenses": 0, "generalAndAdministrativeExpenses": 0, "sellingAndMarketingExpenses": 0, "sellingGeneralAndAdministrativeExpenses": 7881000000, "otherExpenses": 25647000000, "operatingExpenses": 33528000000, "costAndExpenses": 94776000000, "interestIncome": 0, "interestExpense": -1871000000, "depreciationAndAmortization": 4824000000, "ebitda": 11918000000, "ebitdaratio": 0.1158808716, "operatingIncome": 7094000000, "operatingIncomeRatio": 0.0689762463, "totalOtherIncomeExpensesNet": 1424000000, "incomeBeforeTax": 8518000000, "incomeBeforeTaxRatio": 0.0828220561, "incomeTaxExpense": 2918000000, "netIncome": 5600000000, "netIncomeRatio": 0.0544498138, "eps": 1.12, "epsdiluted": 1.12, "weightedAverageShsOut": 4963677130, "weightedAverageShsOutDil": 4963677130, "link": "", "finalLink": "", "calculatedOtherExpenses": 26624000000, "calculatedOperatingExpenses": 34505000000, "calculatedNetInterest": 1871000000, "calculatedOtherIncome": -447000000, "calculatedIncomeNonControlling": 0, "calculatedEbitda": 11918000000}, {"date": "1990-12-31", "symbol": "XOM", "reportedCurrency": "USD", "cik": "0000034088", "fillingDate": "1990-12-31", "acceptedDate": "1990-12-30 19:00:00", "calendarYear": "1990", "period": "FY", "revenue": 105519000000, "costOfRevenue": 63698000000, "grossProfit": 41821000000, "grossProfitRatio": 0.3963362049, "researchAndDevelopmentExpenses": 0, "generalAndAdministrativeExpenses": 0, "sellingAndMarketingExpenses": 0, "sellingGeneralAndAdministrativeExpenses": 7776000000, "otherExpenses": 25439000000, "operatingExpenses": 33215000000, "costAndExpenses": 96913000000, "interestIncome": 0, "interestExpense": -720000000, "depreciationAndAmortization": 5545000000, "ebitda": 12579000000, "ebitdaratio": 0.1192107583, "operatingIncome": 7034000000, "operatingIncomeRatio": 0.0666609805, "totalOtherIncomeExpensesNet": 1146000000, "incomeBeforeTax": 8180000000, "incomeBeforeTaxRatio": 0.0775215838, "incomeTaxExpense": 3170000000, "netIncome": 5010000000, "netIncomeRatio": 0.0474796008, "eps": 0.99, "epsdiluted": 0.99, "weightedAverageShsOut": 4989696970, "weightedAverageShsOutDil": 4989696970, "link": "", "finalLink": "", "calculatedOtherExpenses": 27011000000, "calculatedOperatingExpenses": 34787000000, "calculatedNetInterest": 720000000, "calculatedOtherIncome": 426000000, "calculatedIncomeNonControlling": 0, "calculatedEbitda": 12579000000}, {"date": "1989-12-31", "symbol": "XOM", "reportedCurrency": "USD", "cik": "0000034088", "fillingDate": "1989-12-31", "acceptedDate": "1989-12-30 19:00:00", "calendarYear": "1989", "period": "FY", "revenue": 86656000000, "costOfRevenue": 50675000000, "grossProfit": 35981000000, "grossProfitRatio": 0.4152164882, "researchAndDevelopmentExpenses": 0, "generalAndAdministrativeExpenses": 0, "sellingAndMarketingExpenses": 0, "sellingGeneralAndAdministrativeExpenses": 6398000000, "otherExpenses": 21619000000, "operatingExpenses": 28017000000, "costAndExpenses": 78692000000, "interestIncome": 0, "interestExpense": 3859000000, "depreciationAndAmortization": 5002000000, "ebitda": 11438000000, "ebitdaratio": 0.1319931684, "operatingIncome": 6436000000, "operatingIncomeRatio": 0.0742706795, "totalOtherIncomeExpensesNet": -1433000000, "incomeBeforeTax": 5003000000, "incomeBeforeTaxRatio": 0.0577340288, "incomeTaxExpense": 2028000000, "netIncome": 3510000000, "netIncomeRatio": 0.0405049852, "eps": 0.69, "epsdiluted": 0.69, "weightedAverageShsOut": 5124087591, "weightedAverageShsOutDil": 5124087591, "link": "", "finalLink": "", "calculatedOtherExpenses": 23147000000, "calculatedOperatingExpenses": 29545000000, "calculatedNetInterest": -3859000000, "calculatedOtherIncome": 2426000000, "calculatedIncomeNonControlling": -535000000, "calculatedEbitda": 11438000000}, {"date": "1988-12-31", "symbol": "XOM", "reportedCurrency": "USD", "cik": "0000034088", "fillingDate": "1988-12-31", "acceptedDate": "1988-12-30 19:00:00", "calendarYear": "1988", "period": "FY", "revenue": 79557000000, "costOfRevenue": 44505000000, "grossProfit": 35052000000, "grossProfitRatio": 0.4405897658, "researchAndDevelopmentExpenses": 0, "generalAndAdministrativeExpenses": 0, "sellingAndMarketingExpenses": 0, "sellingGeneralAndAdministrativeExpenses": 5824000000, "otherExpenses": 20941000000, "operatingExpenses": 26765000000, "costAndExpenses": 71270000000, "interestIncome": 0, "interestExpense": -1408000000, "depreciationAndAmortization": 4790000000, "ebitda": 11863000000, "ebitdaratio": 0.1491132144, "operatingIncome": 7073000000, "operatingIncomeRatio": 0.0889048104, "totalOtherIncomeExpensesNet": 1311000000, "incomeBeforeTax": 8384000000, "incomeBeforeTaxRatio": 0.1053835615, "incomeTaxExpense": 3124000000, "netIncome": 5260000000, "netIncomeRatio": 0.066116118, "eps": 0.99, "epsdiluted": 0.99, "weightedAverageShsOut": 5313131313, "weightedAverageShsOutDil": 5313131313, "link": "", "finalLink": "", "calculatedOtherExpenses": 22155000000, "calculatedOperatingExpenses": 27979000000, "calculatedNetInterest": 1408000000, "calculatedOtherIncome": -97000000, "calculatedIncomeNonControlling": 0, "calculatedEbitda": 11863000000}, {"date": "1987-12-31", "symbol": "XOM", "reportedCurrency": "USD", "cik": "0000034088", "fillingDate": "1987-12-31", "acceptedDate": "1987-12-30 19:00:00", "calendarYear": "1987", "period": "FY", "revenue": 76416000000, "costOfRevenue": 44429000000, "grossProfit": 31987000000, "grossProfitRatio": 0.4185903476, "researchAndDevelopmentExpenses": 0, "generalAndAdministrativeExpenses": 0, "sellingAndMarketingExpenses": 0, "sellingGeneralAndAdministrativeExpenses": 5621000000, "otherExpenses": 19358000000, "operatingExpenses": 24979000000, "costAndExpenses": 69408000000, "interestIncome": 0, "interestExpense": -1787000000, "depreciationAndAmortization": 4274000000, "ebitda": 10565000000, "ebitdaratio": 0.1382563861, "operatingIncome": 6291000000, "operatingIncomeRatio": 0.082325691, "totalOtherIncomeExpensesNet": 1252000000, "incomeBeforeTax": 7543000000, "incomeBeforeTaxRatio": 0.0987096943, "incomeTaxExpense": 2703000000, "netIncome": 4840000000, "netIncomeRatio": 0.0633375209, "eps": 0.86, "epsdiluted": 0.86, "weightedAverageShsOut": 5627906977, "weightedAverageShsOutDil": 5627906977, "link": "", "finalLink": "", "calculatedOtherExpenses": 20075000000, "calculatedOperatingExpenses": 25696000000, "calculatedNetInterest": 1787000000, "calculatedOtherIncome": -535000000, "calculatedIncomeNonControlling": 0, "calculatedEbitda": 10565000000}, {"date": "1986-12-31", "symbol": "XOM", "reportedCurrency": "USD", "cik": "0000034088", "fillingDate": "1986-12-31", "acceptedDate": "1986-12-30 19:00:00", "calendarYear": "1986", "period": "FY", "revenue": 69888000000, "costOfRevenue": 39316000000, "grossProfit": 30572000000, "grossProfitRatio": 0.4374427656, "researchAndDevelopmentExpenses": 0, "generalAndAdministrativeExpenses": 0, "sellingAndMarketingExpenses": 0, "sellingGeneralAndAdministrativeExpenses": 5230000000, "otherExpenses": 17491000000, "operatingExpenses": 22721000000, "costAndExpenses": 62037000000, "interestIncome": 0, "interestExpense": -2273000000, "depreciationAndAmortization": 4415000000, "ebitda": 11403000000, "ebitdaratio": 0.1631610577, "operatingIncome": 6988000000, "operatingIncomeRatio": 0.0999885531, "totalOtherIncomeExpensesNet": 1568000000, "incomeBeforeTax": 8556000000, "incomeBeforeTaxRatio": 0.1224244505, "incomeTaxExpense": 3196000000, "netIncome": 5360000000, "netIncomeRatio": 0.0766941392, "eps": 0.93, "epsdiluted": 0.93, "weightedAverageShsOut": 5763440860, "weightedAverageShsOutDil": 5763440860, "link": "", "finalLink": "", "calculatedOtherExpenses": 18354000000, "calculatedOperatingExpenses": 23584000000, "calculatedNetInterest": 2273000000, "calculatedOtherIncome": -705000000, "calculatedIncomeNonControlling": 0, "calculatedEbitda": 11403000000}, {"date": "1985-12-31", "symbol": "XOM", "reportedCurrency": "USD", "cik": "0000034088", "fillingDate": "1985-12-31", "acceptedDate": "1985-12-30 19:00:00", "calendarYear": "1985", "period": "FY", "revenue": 86673000000, "costOfRevenue": 55733000000, "grossProfit": 30940000000, "grossProfitRatio": 0.3569739134, "researchAndDevelopmentExpenses": 0, "generalAndAdministrativeExpenses": 0, "sellingAndMarketingExpenses": 0, "sellingGeneralAndAdministrativeExpenses": 4824000000, "otherExpenses": 15993000000, "operatingExpenses": 20817000000, "costAndExpenses": 76550000000, "interestIncome": 0, "interestExpense": 264000000, "depreciationAndAmortization": 4274000000, "ebitda": 13531000000, "ebitdaratio": 0.1561155146, "operatingIncome": 9257000000, "operatingIncomeRatio": 0.1068037336, "totalOtherIncomeExpensesNet": 301000000, "incomeBeforeTax": 9558000000, "incomeBeforeTaxRatio": 0.1102765567, "incomeTaxExpense": 4688000000, "netIncome": 4870000000, "netIncomeRatio": 0.0561882016, "eps": 0.81, "epsdiluted": 0.81, "weightedAverageShsOut": 6012345679, "weightedAverageShsOutDil": 6012345679, "link": "", "finalLink": "", "calculatedOtherExpenses": 16859000000, "calculatedOperatingExpenses": 21683000000, "calculatedNetInterest": -264000000, "calculatedOtherIncome": 565000000, "calculatedIncomeNonControlling": 0, "calculatedEbitda": 13531000000}]}