{"originalCurrency": "USD", "convertedCurrency": "USD", "report": [{"date": "2023-12-31", "symbol": "XPO", "reportedCurrency": "USD", "cik": "0001166003", "fillingDate": "2024-02-08", "acceptedDate": "2024-02-08 06:46:34", "calendarYear": "2023", "period": "FY", "revenue": 7744000000, "costOfRevenue": 6974000000, "grossProfit": 770000000, "grossProfitRatio": 0.0994318182, "researchAndDevelopmentExpenses": 0, "generalAndAdministrativeExpenses": 167000000, "sellingAndMarketingExpenses": 0, "sellingGeneralAndAdministrativeExpenses": 167000000, "otherExpenses": 15000000, "operatingExpenses": 227000000, "costAndExpenses": 7201000000, "interestIncome": 0, "interestExpense": 168000000, "depreciationAndAmortization": 432000000, "ebitda": 990000000, "ebitdaratio": 0.1278409091, "operatingIncome": 438000000, "operatingIncomeRatio": 0.0565599174, "totalOtherIncomeExpensesNet": -115000000, "incomeBeforeTax": 260000000, "incomeBeforeTaxRatio": 0.0335743802, "incomeTaxExpense": 68000000, "netIncome": 189000000, "netIncomeRatio": 0.0244059917, "eps": 1.63, "epsdiluted": 1.6, "weightedAverageShsOut": 116000000, "weightedAverageShsOutDil": 118000000, "link": "https://www.sec.gov/Archives/edgar/data/1166003/000116600324000022/0001166003-24-000022-index.htm", "finalLink": "https://www.sec.gov/Archives/edgar/data/1166003/000116600324000022/xpo-20231231.htm", "calculatedOtherExpenses": 165000000, "calculatedOperatingExpenses": 332000000, "calculatedNetInterest": -168000000, "calculatedOtherIncome": -10000000, "calculatedIncomeNonControlling": 3000000, "calculatedEbitda": 870000000}, {"date": "2022-12-31", "symbol": "XPO", "reportedCurrency": "USD", "cik": "0001166003", "fillingDate": "2023-02-13", "acceptedDate": "2023-02-13 07:02:31", "calendarYear": "2022", "period": "FY", "revenue": 7718000000, "costOfRevenue": 6491000000, "grossProfit": 1227000000, "grossProfitRatio": 0.1589790101, "researchAndDevelopmentExpenses": 0, "generalAndAdministrativeExpenses": 183000000, "sellingAndMarketingExpenses": 495000000, "sellingGeneralAndAdministrativeExpenses": 678000000, "otherExpenses": 55000000, "operatingExpenses": 678000000, "costAndExpenses": 7169000000, "interestIncome": 135000000, "interestExpense": 135000000, "depreciationAndAmortization": 392000000, "ebitda": 996000000, "ebitdaratio": 0.1290489764, "operatingIncome": 604000000, "operatingIncomeRatio": 0.0782586162, "totalOtherIncomeExpensesNet": -346000000, "incomeBeforeTax": 258000000, "incomeBeforeTaxRatio": 0.0334283493, "incomeTaxExpense": 74000000, "netIncome": 184000000, "netIncomeRatio": 0.0238403732, "eps": 1.6, "epsdiluted": 1.59, "weightedAverageShsOut": 115000000, "weightedAverageShsOutDil": 116000000, "link": "https://www.sec.gov/Archives/edgar/data/1166003/000116600323000017/0001166003-23-000017-index.htm", "finalLink": "https://www.sec.gov/Archives/edgar/data/1166003/000116600323000017/xpo-20221231.htm", "calculatedOtherExpenses": -55000000, "calculatedOperatingExpenses": 623000000, "calculatedNetInterest": 0, "calculatedOtherIncome": -346000000, "calculatedIncomeNonControlling": 0, "calculatedEbitda": 996000000}, {"date": "2021-12-31", "symbol": "XPO", "reportedCurrency": "USD", "cik": "0001166003", "fillingDate": "2022-02-16", "acceptedDate": "2022-02-16 16:20:09", "calendarYear": "2021", "period": "FY", "revenue": 12806000000, "costOfRevenue": 10812000000, "grossProfit": 1994000000, "grossProfitRatio": 0.1557082618, "researchAndDevelopmentExpenses": 0, "generalAndAdministrativeExpenses": 174000000, "sellingAndMarketingExpenses": 1148000000, "sellingGeneralAndAdministrativeExpenses": 1322000000, "otherExpenses": 57000000, "operatingExpenses": 1322000000, "costAndExpenses": 12134000000, "interestIncome": 211000000, "interestExpense": 211000000, "depreciationAndAmortization": 589000000, "ebitda": 1205000000, "ebitdaratio": 0.0940965173, "operatingIncome": 616000000, "operatingIncomeRatio": 0.048102452, "totalOtherIncomeExpensesNet": -206000000, "incomeBeforeTax": 410000000, "incomeBeforeTaxRatio": 0.0320162424, "incomeTaxExpense": 87000000, "netIncome": 336000000, "netIncomeRatio": 0.0262377011, "eps": 3, "epsdiluted": 2.95, "weightedAverageShsOut": 112000000, "weightedAverageShsOutDil": 114000000, "link": "https://www.sec.gov/Archives/edgar/data/1166003/000116600322000024/0001166003-22-000024-index.htm", "finalLink": "https://www.sec.gov/Archives/edgar/data/1166003/000116600322000024/xpo-20211231.htm", "calculatedOtherExpenses": 56000000, "calculatedOperatingExpenses": 1378000000, "calculatedNetInterest": 0, "calculatedOtherIncome": -206000000, "calculatedIncomeNonControlling": -13000000, "calculatedEbitda": 1205000000}, {"date": "2020-12-31", "symbol": "XPO", "reportedCurrency": "USD", "cik": "0001166003", "fillingDate": "2021-02-12", "acceptedDate": "2021-02-12 07:01:10", "calendarYear": "2020", "period": "FY", "revenue": 16252000000, "costOfRevenue": 13689000000, "grossProfit": 2563000000, "grossProfitRatio": 0.1577036672, "researchAndDevelopmentExpenses": 0, "generalAndAdministrativeExpenses": 0, "sellingAndMarketingExpenses": 0, "sellingGeneralAndAdministrativeExpenses": 2172000000, "otherExpenses": 79000000, "operatingExpenses": 2172000000, "costAndExpenses": 15861000000, "interestIncome": 308000000, "interestExpense": 325000000, "depreciationAndAmortization": 845000000, "ebitda": 1236000000, "ebitdaratio": 0.0760521782, "operatingIncome": 391000000, "operatingIncomeRatio": 0.0240585774, "totalOtherIncomeExpensesNet": -243000000, "incomeBeforeTax": 148000000, "incomeBeforeTaxRatio": 0.0091065715, "incomeTaxExpense": 31000000, "netIncome": 110000000, "netIncomeRatio": 0.0067683977, "eps": 1.2, "epsdiluted": 1.2, "weightedAverageShsOut": 92000000, "weightedAverageShsOutDil": 92000000, "link": "https://www.sec.gov/Archives/edgar/data/1166003/000116600321000023/0001166003-21-000023-index.htm", "finalLink": "https://www.sec.gov/Archives/edgar/data/1166003/000116600321000023/xpo-20201231.htm", "calculatedOtherExpenses": 0, "calculatedOperatingExpenses": 2172000000, "calculatedNetInterest": -17000000, "calculatedOtherIncome": -226000000, "calculatedIncomeNonControlling": 7000000, "calculatedEbitda": 1236000000}, {"date": "2019-12-31", "symbol": "XPO", "reportedCurrency": "USD", "cik": "0001166003", "fillingDate": "2020-02-10", "acceptedDate": "2020-02-10 17:26:06", "calendarYear": "2019", "period": "FY", "revenue": 16648000000, "costOfRevenue": 13982000000, "grossProfit": 2666000000, "grossProfitRatio": 0.1601393561, "researchAndDevelopmentExpenses": 0, "generalAndAdministrativeExpenses": 0, "sellingAndMarketingExpenses": 0, "sellingGeneralAndAdministrativeExpenses": 1845000000, "otherExpenses": 54000000, "operatingExpenses": 1845000000, "costAndExpenses": 15827000000, "interestIncome": 268000000, "interestExpense": 292000000, "depreciationAndAmortization": 793000000, "ebitda": 1614000000, "ebitdaratio": 0.0969485824, "operatingIncome": 821000000, "operatingIncomeRatio": 0.0493152331, "totalOtherIncomeExpensesNet": -252000000, "incomeBeforeTax": 569000000, "incomeBeforeTaxRatio": 0.0341782797, "incomeTaxExpense": 129000000, "netIncome": 419000000, "netIncomeRatio": 0.0251681884, "eps": 3.95, "epsdiluted": 3.58, "weightedAverageShsOut": 96000000, "weightedAverageShsOutDil": 106000000, "link": "https://www.sec.gov/Archives/edgar/data/1166003/000116600320000028/0001166003-20-000028-index.htm", "finalLink": "https://www.sec.gov/Archives/edgar/data/1166003/000116600320000028/xpo201910-k.htm", "calculatedOtherExpenses": 0, "calculatedOperatingExpenses": 1845000000, "calculatedNetInterest": -24000000, "calculatedOtherIncome": -228000000, "calculatedIncomeNonControlling": 21000000, "calculatedEbitda": 1614000000}, {"date": "2018-12-31", "symbol": "XPO", "reportedCurrency": "USD", "cik": "0001166003", "fillingDate": "2019-02-14", "acceptedDate": "2019-02-14 16:25:05", "calendarYear": "2018", "period": "FY", "revenue": 17279000000, "costOfRevenue": 14738000000, "grossProfit": 2541000000, "grossProfitRatio": 0.1470571214, "researchAndDevelopmentExpenses": 0, "generalAndAdministrativeExpenses": 0, "sellingAndMarketingExpenses": 0, "sellingGeneralAndAdministrativeExpenses": 1837000000, "otherExpenses": 109000000, "operatingExpenses": 1837000000, "costAndExpenses": 16575000000, "interestIncome": 0, "interestExpense": 217000000, "depreciationAndAmortization": 716000000, "ebitda": 1529000000, "ebitdaratio": 0.0884889172, "operatingIncome": 704000000, "operatingIncomeRatio": 0.0407430986, "totalOtherIncomeExpensesNet": 79000000, "incomeBeforeTax": 566000000, "incomeBeforeTaxRatio": 0.0327565253, "incomeTaxExpense": 122000000, "netIncome": 422000000, "netIncomeRatio": 0.0244227096, "eps": 3.13, "epsdiluted": 3.13, "weightedAverageShsOut": 135000000, "weightedAverageShsOutDil": 135000000, "link": "https://www.sec.gov/Archives/edgar/data/1166003/000116600319000021/0001166003-19-000021-index.htm", "finalLink": "https://www.sec.gov/Archives/edgar/data/1166003/000116600319000021/xpo201810-k.htm", "calculatedOtherExpenses": 0, "calculatedOperatingExpenses": 1837000000, "calculatedNetInterest": -217000000, "calculatedOtherIncome": 79000000, "calculatedIncomeNonControlling": 22000000, "calculatedEbitda": 1420000000}, {"date": "2017-12-31", "symbol": "XPO", "reportedCurrency": "USD", "cik": "0001166003", "fillingDate": "2018-02-12", "acceptedDate": "2018-02-12 16:14:32", "calendarYear": "2017", "period": "FY", "revenue": 15380800000, "costOfRevenue": 13101100000, "grossProfit": 2279700000, "grossProfitRatio": 0.1482172579, "researchAndDevelopmentExpenses": 0, "generalAndAdministrativeExpenses": 0, "sellingAndMarketingExpenses": 0, "sellingGeneralAndAdministrativeExpenses": 1656500000, "otherExpenses": 15400000, "operatingExpenses": 1656500000, "costAndExpenses": 14757600000, "interestIncome": 0, "interestExpense": 284300000, "depreciationAndAmortization": 658400000, "ebitda": 1297000000, "ebitdaratio": 0.0843259128, "operatingIncome": 623200000, "operatingIncomeRatio": 0.0405180485, "totalOtherIncomeExpensesNet": -78200000, "incomeBeforeTax": 260700000, "incomeBeforeTaxRatio": 0.0169497035, "incomeTaxExpense": -99500000, "netIncome": 340200000, "netIncomeRatio": 0.0221184854, "eps": 2.72, "epsdiluted": 2.45, "weightedAverageShsOut": 114900000, "weightedAverageShsOutDil": 127800000, "link": "https://www.sec.gov/Archives/edgar/data/1166003/000116600318000022/0001166003-18-000022-index.htm", "finalLink": "https://www.sec.gov/Archives/edgar/data/1166003/000116600318000022/xpo201710-k.htm", "calculatedOtherExpenses": 0, "calculatedOperatingExpenses": 1656500000, "calculatedNetInterest": -284300000, "calculatedOtherIncome": -78200000, "calculatedIncomeNonControlling": 20000000, "calculatedEbitda": 1281600000}, {"date": "2016-12-31", "symbol": "XPO", "reportedCurrency": "USD", "cik": "0001166003", "fillingDate": "2017-02-28", "acceptedDate": "2017-02-28 16:36:40", "calendarYear": "2016", "period": "FY", "revenue": 14619400000, "costOfRevenue": 12480100000, "grossProfit": 2139300000, "grossProfitRatio": 0.1463329548, "researchAndDevelopmentExpenses": 0, "generalAndAdministrativeExpenses": 0, "sellingAndMarketingExpenses": 0, "sellingGeneralAndAdministrativeExpenses": 1651200000, "otherExpenses": 9200000, "operatingExpenses": 1651200000, "costAndExpenses": 14131300000, "interestIncome": 0, "interestExpense": 361100000, "depreciationAndAmortization": 643400000, "ebitda": 1140700000, "ebitdaratio": 0.078026458, "operatingIncome": 488100000, "operatingIncomeRatio": 0.0333871431, "totalOtherIncomeExpensesNet": -20200000, "incomeBeforeTax": 106800000, "incomeBeforeTaxRatio": 0.0073053614, "incomeTaxExpense": 22300000, "netIncome": 69000000, "netIncomeRatio": 0.0047197559, "eps": 0.57, "epsdiluted": 0.53, "weightedAverageShsOut": 110200000, "weightedAverageShsOutDil": 122800000, "link": "https://www.sec.gov/Archives/edgar/data/1166003/000162828017001912/0001628280-17-001912-index.htm", "finalLink": "https://www.sec.gov/Archives/edgar/data/1166003/000162828017001912/xpo201610-k.htm", "calculatedOtherExpenses": 0, "calculatedOperatingExpenses": 1651200000, "calculatedNetInterest": -361100000, "calculatedOtherIncome": -20200000, "calculatedIncomeNonControlling": 15500000, "calculatedEbitda": 1131500000}, {"date": "2015-12-31", "symbol": "XPO", "reportedCurrency": "USD", "cik": "0001166003", "fillingDate": "2016-02-29", "acceptedDate": "2016-02-29 16:42:22", "calendarYear": "2015", "period": "FY", "revenue": 7623200000, "costOfRevenue": 6538400000, "grossProfit": 1084800000, "grossProfitRatio": 0.1423024452, "researchAndDevelopmentExpenses": 0, "generalAndAdministrativeExpenses": 183900000, "sellingAndMarketingExpenses": 929500000, "sellingGeneralAndAdministrativeExpenses": 1113400000, "otherExpenses": -3100000, "operatingExpenses": 1113400000, "costAndExpenses": 7651800000, "interestIncome": 0, "interestExpense": 216700000, "depreciationAndAmortization": 364900000, "ebitda": 333200000, "ebitdaratio": 0.0437086788, "operatingIncome": -28600000, "operatingIncomeRatio": -0.0037517053, "totalOtherIncomeExpensesNet": -37200000, "incomeBeforeTax": -282500000, "incomeBeforeTaxRatio": -0.0370579284, "incomeTaxExpense": -90900000, "netIncome": -191100000, "netIncomeRatio": -0.0250682128, "eps": -2.06, "epsdiluted": -2.06, "weightedAverageShsOut": 92755919, "weightedAverageShsOutDil": 92800000, "link": "https://www.sec.gov/Archives/edgar/data/1166003/000162828016011979/0001628280-16-011979-index.htm", "finalLink": "https://www.sec.gov/Archives/edgar/data/1166003/000162828016011979/xpo201510-k.htm", "calculatedOtherExpenses": 0, "calculatedOperatingExpenses": 1113400000, "calculatedNetInterest": -216700000, "calculatedOtherIncome": -37200000, "calculatedIncomeNonControlling": -500000, "calculatedEbitda": 336300000}, {"date": "2014-12-31", "symbol": "XPO", "reportedCurrency": "USD", "cik": "0001166003", "fillingDate": "2015-02-23", "acceptedDate": "2015-02-23 16:10:04", "calendarYear": "2014", "period": "FY", "revenue": 2356600000, "costOfRevenue": 1975000000, "grossProfit": 381600000, "grossProfitRatio": 0.1619282016, "researchAndDevelopmentExpenses": 0, "generalAndAdministrativeExpenses": 72000000, "sellingAndMarketingExpenses": 350500000, "sellingGeneralAndAdministrativeExpenses": 422500000, "otherExpenses": -800000, "operatingExpenses": 422500000, "costAndExpenses": 2397500000, "interestIncome": 0, "interestExpense": 48000000, "depreciationAndAmortization": 98300000, "ebitda": 56600000, "ebitdaratio": 0.0240176526, "operatingIncome": -40900000, "operatingIncomeRatio": -0.0173555122, "totalOtherIncomeExpensesNet": -800000, "incomeBeforeTax": -89700000, "incomeBeforeTaxRatio": -0.0380633116, "incomeTaxExpense": -26100000, "netIncome": -63600000, "netIncomeRatio": -0.0269880336, "eps": -1.19, "epsdiluted": -1.19, "weightedAverageShsOut": 53600000, "weightedAverageShsOutDil": 53600000, "link": "https://www.sec.gov/Archives/edgar/data/1166003/000162828015000923/0001628280-15-000923-index.htm", "finalLink": "https://www.sec.gov/Archives/edgar/data/1166003/000162828015000923/xpo201410-k.htm", "calculatedOtherExpenses": 0, "calculatedOperatingExpenses": 422500000, "calculatedNetInterest": -48000000, "calculatedOtherIncome": -800000, "calculatedIncomeNonControlling": 0, "calculatedEbitda": 57400000}, {"date": "2013-12-31", "symbol": "XPO", "reportedCurrency": "USD", "cik": "0001166003", "fillingDate": "2014-02-26", "acceptedDate": "2014-02-25 21:49:28", "calendarYear": "2013", "period": "FY", "revenue": 702303000, "costOfRevenue": 578796000, "grossProfit": 123507000, "grossProfitRatio": 0.1758599921, "researchAndDevelopmentExpenses": 0, "generalAndAdministrativeExpenses": 29358000, "sellingAndMarketingExpenses": 146474000, "sellingGeneralAndAdministrativeExpenses": 175832000, "otherExpenses": -478000, "operatingExpenses": 175832000, "costAndExpenses": 754628000, "interestIncome": 0, "interestExpense": 18169000, "depreciationAndAmortization": 20795000, "ebitda": -32008000, "ebitdaratio": -0.04557577, "operatingIncome": -52325000, "operatingIncomeRatio": -0.0745048789, "totalOtherIncomeExpensesNet": -478000, "incomeBeforeTax": -70972000, "incomeBeforeTaxRatio": -0.1010560969, "incomeTaxExpense": -22442000, "netIncome": -48530000, "netIncomeRatio": -0.0691012284, "eps": -2.13, "epsdiluted": -2.13, "weightedAverageShsOut": 22752000, "weightedAverageShsOutDil": 22752000, "link": "https://www.sec.gov/Archives/edgar/data/1166003/000119312514067991/0001193125-14-067991-index.htm", "finalLink": "https://www.sec.gov/Archives/edgar/data/1166003/000119312514067991/d660394d10k.htm", "calculatedOtherExpenses": 0, "calculatedOperatingExpenses": 175832000, "calculatedNetInterest": -18169000, "calculatedOtherIncome": -478000, "calculatedIncomeNonControlling": 0, "calculatedEbitda": -31530000}, {"date": "2012-12-31", "symbol": "XPO", "reportedCurrency": "USD", "cik": "0001166003", "fillingDate": "2013-03-12", "acceptedDate": "2013-03-12 17:25:58", "calendarYear": "2012", "period": "FY", "revenue": 278591000, "costOfRevenue": 237765000, "grossProfit": 40826000, "grossProfitRatio": 0.1465445761, "researchAndDevelopmentExpenses": 0, "generalAndAdministrativeExpenses": 11616000, "sellingAndMarketingExpenses": 57174000, "sellingGeneralAndAdministrativeExpenses": 68790000, "otherExpenses": -363000, "operatingExpenses": 68790000, "costAndExpenses": 306555000, "interestIncome": 0, "interestExpense": 3207000, "depreciationAndAmortization": 2713000, "ebitda": -25614000, "ebitdaratio": -0.0919412328, "operatingIncome": -27964000, "operatingIncomeRatio": -0.1003765376, "totalOtherIncomeExpensesNet": -363000, "incomeBeforeTax": -31534000, "incomeBeforeTaxRatio": -0.113191022, "incomeTaxExpense": -11195000, "netIncome": -20339000, "netIncomeRatio": -0.0730066657, "eps": -1.3, "epsdiluted": -1.3, "weightedAverageShsOut": 15637583, "weightedAverageShsOutDil": 15694000, "link": "https://www.sec.gov/Archives/edgar/data/1166003/000119312513103438/0001193125-13-103438-index.htm", "finalLink": "https://www.sec.gov/Archives/edgar/data/1166003/000119312513103438/d495733d10k.htm", "calculatedOtherExpenses": 0, "calculatedOperatingExpenses": 68790000, "calculatedNetInterest": -3207000, "calculatedOtherIncome": -363000, "calculatedIncomeNonControlling": 0, "calculatedEbitda": -25251000}, {"date": "2011-12-31", "symbol": "XPO", "reportedCurrency": "USD", "cik": "0001166003", "fillingDate": "2012-03-01", "acceptedDate": "2012-03-01 09:23:07", "calendarYear": "2011", "period": "FY", "revenue": 177076000, "costOfRevenue": 147298000, "grossProfit": 29778000, "grossProfitRatio": 0.1681650817, "researchAndDevelopmentExpenses": 0, "generalAndAdministrativeExpenses": 27008000, "sellingAndMarketingExpenses": 0, "sellingGeneralAndAdministrativeExpenses": 27008000, "otherExpenses": 1046000, "operatingExpenses": 28054000, "costAndExpenses": 175352000, "interestIncome": 0, "interestExpense": 191000, "depreciationAndAmortization": 1240000, "ebitda": 2964000, "ebitdaratio": 0.0167385755, "operatingIncome": 1724000, "operatingIncomeRatio": 0.0097359326, "totalOtherIncomeExpensesNet": -56000, "incomeBeforeTax": 1477000, "incomeBeforeTaxRatio": 0.0083410513, "incomeTaxExpense": 718000, "netIncome": 759000, "netIncomeRatio": 0.0042862952, "eps": -5.41, "epsdiluted": -5.41, "weightedAverageShsOut": 8247000, "weightedAverageShsOutDil": 8247000, "link": "https://www.sec.gov/Archives/edgar/data/1166003/000119312512090969/0001193125-12-090969-index.htm", "finalLink": "https://www.sec.gov/Archives/edgar/data/1166003/000119312512090969/d306070d10k.htm", "calculatedOtherExpenses": 1046000, "calculatedOperatingExpenses": 28054000, "calculatedNetInterest": -191000, "calculatedOtherIncome": -56000, "calculatedIncomeNonControlling": 0, "calculatedEbitda": 2964000}, {"date": "2010-12-31", "symbol": "XPO", "reportedCurrency": "USD", "cik": "0001166003", "fillingDate": "2011-03-25", "acceptedDate": "2011-03-25 16:23:54", "calendarYear": "2010", "period": "FY", "revenue": 157987000, "costOfRevenue": 130587000, "grossProfit": 27400000, "grossProfitRatio": 0.1734319912, "researchAndDevelopmentExpenses": 0, "generalAndAdministrativeExpenses": 0, "sellingAndMarketingExpenses": 0, "sellingGeneralAndAdministrativeExpenses": 18954000, "otherExpenses": 0, "operatingExpenses": 18954000, "costAndExpenses": 149541000, "interestIncome": 0, "interestExpense": 205000, "depreciationAndAmortization": 1290000, "ebitda": 9736000, "ebitdaratio": 0.0616253236, "operatingIncome": 8446000, "operatingIncomeRatio": 0.0534600948, "totalOtherIncomeExpensesNet": -140000, "incomeBeforeTax": 8101000, "incomeBeforeTaxRatio": 0.0512763708, "incomeTaxExpense": 3213000, "netIncome": 4888000, "netIncomeRatio": 0.0309392545, "eps": 0.61, "epsdiluted": 0.59, "weightedAverageShsOut": 8060000, "weightedAverageShsOutDil": 8279000, "link": "https://www.sec.gov/Archives/edgar/data/1166003/000143774911001752/0001437749-11-001752-index.htm", "finalLink": "https://www.sec.gov/Archives/edgar/data/1166003/000143774911001752/express_10k-123110.htm", "calculatedOtherExpenses": 0, "calculatedOperatingExpenses": 18954000, "calculatedNetInterest": -205000, "calculatedOtherIncome": -140000, "calculatedIncomeNonControlling": 0, "calculatedEbitda": 9736000}, {"date": "2009-12-31", "symbol": "XPO", "reportedCurrency": "USD", "cik": "0001166003", "fillingDate": "2010-03-26", "acceptedDate": "2010-03-26 17:26:17", "calendarYear": "2009", "period": "FY", "revenue": 100136000, "costOfRevenue": 83396000, "grossProfit": 16740000, "grossProfitRatio": 0.1671726452, "researchAndDevelopmentExpenses": 0, "generalAndAdministrativeExpenses": 0, "sellingAndMarketingExpenses": 0, "sellingGeneralAndAdministrativeExpenses": 13569000, "otherExpenses": 0, "operatingExpenses": 13569000, "costAndExpenses": 96965000, "interestIncome": 0, "interestExpense": 105000, "depreciationAndAmortization": 1191000, "ebitda": 3171000, "ebitdaratio": 0.031666933, "operatingIncome": 3171000, "operatingIncomeRatio": 0.031666933, "totalOtherIncomeExpensesNet": -51000, "incomeBeforeTax": 3015000, "incomeBeforeTaxRatio": 0.0301090517, "incomeTaxExpense": 1325000, "netIncome": 1705000, "netIncomeRatio": 0.0170268435, "eps": 0.2, "epsdiluted": 0.2, "weightedAverageShsOut": 8008804, "weightedAverageShsOutDil": 8041861, "link": "https://www.sec.gov/Archives/edgar/data/1166003/000095012310028925/0000950123-10-028925-index.htm", "finalLink": "https://www.sec.gov/Archives/edgar/data/1166003/000095012310028925/k48989e10vk.htm", "calculatedOtherExpenses": 0, "calculatedOperatingExpenses": 13569000, "calculatedNetInterest": -105000, "calculatedOtherIncome": -51000, "calculatedIncomeNonControlling": -15000, "calculatedEbitda": 4362000}, {"date": "2008-12-31", "symbol": "XPO", "reportedCurrency": "USD", "cik": "0001166003", "fillingDate": "2009-03-30", "acceptedDate": "2009-03-30 16:34:26", "calendarYear": "2008", "period": "FY", "revenue": 109462000, "costOfRevenue": 91628000, "grossProfit": 17834000, "grossProfitRatio": 0.1629241198, "researchAndDevelopmentExpenses": 0, "generalAndAdministrativeExpenses": 0, "sellingAndMarketingExpenses": 0, "sellingGeneralAndAdministrativeExpenses": 12664000, "otherExpenses": 0, "operatingExpenses": 12664000, "costAndExpenses": 104292000, "interestIncome": 0, "interestExpense": 354000, "depreciationAndAmortization": 1114000, "ebitda": 6284000, "ebitdaratio": 0.0574080503, "operatingIncome": 5170000, "operatingIncomeRatio": 0.0472310025, "totalOtherIncomeExpensesNet": -105000, "incomeBeforeTax": 4711000, "incomeBeforeTaxRatio": 0.0430377665, "incomeTaxExpense": 1894000, "netIncome": 3156000, "netIncomeRatio": 0.0288319234, "eps": 0.4, "epsdiluted": 0.4, "weightedAverageShsOut": 7863441, "weightedAverageShsOutDil": 7939291, "link": "https://www.sec.gov/Archives/edgar/data/1166003/000095012409000088/0000950124-09-000088-index.htm", "finalLink": "https://www.sec.gov/Archives/edgar/data/1166003/000095012409000088/k47621e10vk.htm", "calculatedOtherExpenses": 0, "calculatedOperatingExpenses": 12664000, "calculatedNetInterest": -354000, "calculatedOtherIncome": -105000, "calculatedIncomeNonControlling": -339000, "calculatedEbitda": 6284000}, {"date": "2007-12-31", "symbol": "XPO", "reportedCurrency": "USD", "cik": "0001166003", "fillingDate": "2008-03-27", "acceptedDate": "2008-03-27 15:00:35", "calendarYear": "2007", "period": "FY", "revenue": 52789000, "costOfRevenue": 39911000, "grossProfit": 12878000, "grossProfitRatio": 0.2439523386, "researchAndDevelopmentExpenses": 0, "generalAndAdministrativeExpenses": 0, "sellingAndMarketingExpenses": 0, "sellingGeneralAndAdministrativeExpenses": 9342000, "otherExpenses": 30569000000, "operatingExpenses": 9342000, "costAndExpenses": 49253000, "interestIncome": 0, "interestExpense": 65000000, "depreciationAndAmortization": -843000, "ebitda": 3536000, "ebitdaratio": 0.0669836519, "operatingIncome": 3536000, "operatingIncomeRatio": 0.0669836519, "totalOtherIncomeExpensesNet": -65000, "incomeBeforeTax": 3471000, "incomeBeforeTaxRatio": 0.0657523348, "incomeTaxExpense": 1300000, "netIncome": 2171000, "netIncomeRatio": 0.0411259922, "eps": 0.32, "epsdiluted": 0.32, "weightedAverageShsOut": 6672595, "weightedAverageShsOutDil": 6831682, "link": "https://www.sec.gov/Archives/edgar/data/1166003/000095012408001571/0000950124-08-001571-index.htm", "finalLink": "https://www.sec.gov/Archives/edgar/data/1166003/000095012408001571/k25117e10vk.htm", "calculatedOtherExpenses": 0, "calculatedOperatingExpenses": 9342000, "calculatedNetInterest": -65000000, "calculatedOtherIncome": 64935000, "calculatedIncomeNonControlling": 0, "calculatedEbitda": 2693000}, {"date": "2006-12-31", "symbol": "XPO", "reportedCurrency": "USD", "cik": "0001166003", "fillingDate": "2007-03-29", "acceptedDate": "2007-03-29 12:45:00", "calendarYear": "2006", "period": "FY", "revenue": 42191000, "costOfRevenue": 31396000, "grossProfit": 10795000, "grossProfitRatio": 0.2558602546, "researchAndDevelopmentExpenses": 0, "generalAndAdministrativeExpenses": 0, "sellingAndMarketingExpenses": 0, "sellingGeneralAndAdministrativeExpenses": 7608000, "otherExpenses": 26975000000, "operatingExpenses": 7608000, "costAndExpenses": 39004000, "interestIncome": 0, "interestExpense": 205000000, "depreciationAndAmortization": 1054000, "ebitda": 4035000, "ebitdaratio": 0.0956365102, "operatingIncome": 3187000, "operatingIncomeRatio": 0.0755374369, "totalOtherIncomeExpensesNet": 206000, "incomeBeforeTax": 2776000, "incomeBeforeTaxRatio": 0.0657960228, "incomeTaxExpense": -1128000, "netIncome": 3904000, "netIncomeRatio": 0.0925315826, "eps": 0.6, "epsdiluted": 0.6, "weightedAverageShsOut": 6574280, "weightedAverageShsOutDil": 6660253, "link": "https://www.sec.gov/Archives/edgar/data/1166003/000095012407001822/0000950124-07-001822-index.htm", "finalLink": "https://www.sec.gov/Archives/edgar/data/1166003/000095012407001822/k13506e10vk.htm", "calculatedOtherExpenses": 0, "calculatedOperatingExpenses": 7608000, "calculatedNetInterest": -205000000, "calculatedOtherIncome": 204589000, "calculatedIncomeNonControlling": 0, "calculatedEbitda": 4241000}, {"date": "2005-12-31", "symbol": "XPO", "reportedCurrency": "USD", "cik": "0001166003", "fillingDate": "2006-03-31", "acceptedDate": "2006-03-31 15:58:39", "calendarYear": "2005", "period": "FY", "revenue": 39848000, "costOfRevenue": 30852000, "grossProfit": 8996000, "grossProfitRatio": 0.2257578799, "researchAndDevelopmentExpenses": 0, "generalAndAdministrativeExpenses": 0, "sellingAndMarketingExpenses": 0, "sellingGeneralAndAdministrativeExpenses": 14624000, "otherExpenses": 11780000, "operatingExpenses": 26404000, "costAndExpenses": 57256000, "interestIncome": 0, "interestExpense": 187000, "depreciationAndAmortization": 1435000, "ebitda": -11525000, "ebitdaratio": -0.2892240514, "operatingIncome": 8996000, "operatingIncomeRatio": 0.2257578799, "totalOtherIncomeExpensesNet": -4448000, "incomeBeforeTax": -5815000, "incomeBeforeTaxRatio": -0.1459295322, "incomeTaxExpense": -11593000, "netIncome": -5815000, "netIncomeRatio": -0.1459295322, "eps": -0.88, "epsdiluted": -0.88, "weightedAverageShsOut": 6630912, "weightedAverageShsOutDil": 6630912, "link": "https://www.sec.gov/Archives/edgar/data/1166003/000095012406001658/0000950124-06-001658-index.htm", "finalLink": "https://www.sec.gov/Archives/edgar/data/1166003/000095012406001658/k03323e10ksb.htm", "calculatedOtherExpenses": -14624000, "calculatedOperatingExpenses": 0, "calculatedNetInterest": -187000, "calculatedOtherIncome": -14624000, "calculatedIncomeNonControlling": 11593000, "calculatedEbitda": 10431000}, {"date": "2004-12-31", "symbol": "XPO", "reportedCurrency": "USD", "cik": "0001166003", "fillingDate": "2005-03-30", "acceptedDate": "2005-03-30 17:24:11", "calendarYear": "2004", "period": "FY", "revenue": 42481000, "costOfRevenue": 34320000, "grossProfit": 8161000, "grossProfitRatio": 0.1921094136, "researchAndDevelopmentExpenses": 0, "generalAndAdministrativeExpenses": 0, "sellingAndMarketingExpenses": 0, "sellingGeneralAndAdministrativeExpenses": 13282000, "otherExpenses": 18470000, "operatingExpenses": 31752000, "costAndExpenses": 66072000, "interestIncome": 0, "interestExpense": 126000, "depreciationAndAmortization": 1254000, "ebitda": -19769000, "ebitdaratio": -0.4653609849, "operatingIncome": 8161000, "operatingIncomeRatio": 0.1921094136, "totalOtherIncomeExpensesNet": -2568000, "incomeBeforeTax": -5159000, "incomeBeforeTaxRatio": -0.1214425272, "incomeTaxExpense": -1921000, "netIncome": -3238000, "netIncomeRatio": -0.0762223112, "eps": -0.54, "epsdiluted": -0.54, "weightedAverageShsOut": 5983942, "weightedAverageShsOutDil": 5983942, "link": "https://www.sec.gov/Archives/edgar/data/1166003/000119312505065283/0001193125-05-065283-index.htm", "finalLink": "https://www.sec.gov/Archives/edgar/data/1166003/000119312505065283/d10ksb.htm", "calculatedOtherExpenses": -13282000, "calculatedOperatingExpenses": 0, "calculatedNetInterest": -126000, "calculatedOtherIncome": -13194000, "calculatedIncomeNonControlling": 0, "calculatedEbitda": 9415000}, {"date": "2003-12-31", "symbol": "XPO", "reportedCurrency": "USD", "cik": "0001166003", "fillingDate": "2004-03-31", "acceptedDate": "2004-03-30 20:54:03", "calendarYear": "2003", "period": "FY", "revenue": 14687754, "costOfRevenue": 0, "grossProfit": 14687754, "grossProfitRatio": 1, "researchAndDevelopmentExpenses": 0, "generalAndAdministrativeExpenses": 3309875, "sellingAndMarketingExpenses": 0, "sellingGeneralAndAdministrativeExpenses": 3309875, "otherExpenses": 10943160, "operatingExpenses": 14253035, "costAndExpenses": 14253035, "interestIncome": 0, "interestExpense": 257521, "depreciationAndAmortization": 179171, "ebitda": 613890, "ebitdaratio": 0.0417960432, "operatingIncome": 434719, "operatingIncomeRatio": 0.0295973775, "totalOtherIncomeExpensesNet": -257521, "incomeBeforeTax": 177198, "incomeBeforeTaxRatio": 0.012064336, "incomeTaxExpense": -25965, "netIncome": 203163, "netIncomeRatio": 0.0138321353, "eps": 0.16, "epsdiluted": 0.16, "weightedAverageShsOut": 2351000, "weightedAverageShsOutDil": 2657750, "link": "https://www.sec.gov/Archives/edgar/data/1166003/000119312504054260/0001193125-04-054260-index.htm", "finalLink": "https://www.sec.gov/Archives/edgar/data/1166003/000119312504054260/d10ksb.htm", "calculatedOtherExpenses": 10943160, "calculatedOperatingExpenses": 14253035, "calculatedNetInterest": -257521, "calculatedOtherIncome": 0, "calculatedIncomeNonControlling": 0, "calculatedEbitda": 613890}, {"date": "2002-12-31", "symbol": "XPO", "reportedCurrency": "USD", "cik": "0001166003", "fillingDate": "2003-03-31", "acceptedDate": "2003-03-31 17:14:36", "calendarYear": "2002", "period": "FY", "revenue": 9994506, "costOfRevenue": 7781632, "grossProfit": 2212874, "grossProfitRatio": 0.2214090421, "researchAndDevelopmentExpenses": 0, "generalAndAdministrativeExpenses": 0, "sellingAndMarketingExpenses": 0, "sellingGeneralAndAdministrativeExpenses": 1743476, "otherExpenses": -43830, "operatingExpenses": 1699646, "costAndExpenses": 9481278, "interestIncome": 0, "interestExpense": 0, "depreciationAndAmortization": 101764, "ebitda": 614992, "ebitdaratio": 0.0615330062, "operatingIncome": 513228, "operatingIncomeRatio": 0.0513510122, "totalOtherIncomeExpensesNet": -139113, "incomeBeforeTax": 374115, "incomeBeforeTaxRatio": 0.0374320652, "incomeTaxExpense": 0, "netIncome": 374115, "netIncomeRatio": 0.0374320652, "eps": 0.24, "epsdiluted": 0.2, "weightedAverageShsOut": 1641310, "weightedAverageShsOutDil": 1989002, "link": "https://www.sec.gov/Archives/edgar/data/1166003/000116600303000002/0001166003-03-000002-index.htm", "finalLink": "https://www.sec.gov/Archives/edgar/data/1166003/000116600303000002/ksb.htm", "calculatedOtherExpenses": -43830, "calculatedOperatingExpenses": 1699646, "calculatedNetInterest": 0, "calculatedOtherIncome": -139113, "calculatedIncomeNonControlling": 0, "calculatedEbitda": 614992}, {"date": "2001-12-31", "symbol": "XPO", "reportedCurrency": "USD", "cik": "0001166003", "fillingDate": "2002-04-15", "acceptedDate": "2002-04-15 00:00:00", "calendarYear": "2001", "period": "FY", "revenue": 9065730, "costOfRevenue": 0, "grossProfit": 9065730, "grossProfitRatio": 1, "researchAndDevelopmentExpenses": 0, "generalAndAdministrativeExpenses": 0, "sellingAndMarketingExpenses": 0, "sellingGeneralAndAdministrativeExpenses": 1691892, "otherExpenses": 7588711, "operatingExpenses": 9280603, "costAndExpenses": 9280603, "interestIncome": 0, "interestExpense": 0, "depreciationAndAmortization": 53335, "ebitda": -161538, "ebitdaratio": -0.017818532, "operatingIncome": -214873, "operatingIncomeRatio": -0.0237016765, "totalOtherIncomeExpensesNet": -216548, "incomeBeforeTax": -431421, "incomeBeforeTaxRatio": -0.0475881148, "incomeTaxExpense": 0, "netIncome": -431421, "netIncomeRatio": -0.0475881148, "eps": -0.27, "epsdiluted": -0.27, "weightedAverageShsOut": 1625728, "weightedAverageShsOutDil": 1625728, "link": "https://www.sec.gov/Archives/edgar/data/1166003/000090901202000313/0000909012-02-000313-index.htm", "finalLink": "https://www.sec.gov/Archives/edgar/data/1166003/000090901202000313/t24023.txt", "calculatedOtherExpenses": 7588711, "calculatedOperatingExpenses": 9280603, "calculatedNetInterest": 0, "calculatedOtherIncome": -216548, "calculatedIncomeNonControlling": 0, "calculatedEbitda": -161538}]}