{"originalCurrency": "USD", "convertedCurrency": "USD", "report": [{"date": "2023-12-31", "symbol": "XPRO", "reportedCurrency": "USD", "cik": "0001575828", "fillingDate": "2024-02-21", "acceptedDate": "2024-02-21 16:10:57", "calendarYear": "2023", "period": "FY", "revenue": 1512764000, "costOfRevenue": 1413555000, "grossProfit": 99209000, "grossProfitRatio": 0.0655812804, "researchAndDevelopmentExpenses": 11400000, "generalAndAdministrativeExpenses": 64254000, "sellingAndMarketingExpenses": 0, "sellingGeneralAndAdministrativeExpenses": 64254000, "otherExpenses": 1234000, "operatingExpenses": 64254000, "costAndExpenses": 1477809000, "interestIncome": 0, "interestExpense": 3943000, "depreciationAndAmortization": 172260000, "ebitda": 207215000, "ebitdaratio": 0.136977744, "operatingIncome": 34955000, "operatingIncomeRatio": 0.0231067106, "totalOtherIncomeExpensesNet": -14008000, "incomeBeforeTax": 20947000, "incomeBeforeTaxRatio": 0.0138468393, "incomeTaxExpense": 44307000, "netIncome": -23360000, "netIncomeRatio": -0.0154419328, "eps": -0.21, "epsdiluted": -0.21, "weightedAverageShsOut": 109161453, "weightedAverageShsOutDil": 109161453, "link": "https://www.sec.gov/Archives/edgar/data/1575828/000143774924005041/0001437749-24-005041-index.htm", "finalLink": "https://www.sec.gov/Archives/edgar/data/1575828/000143774924005041/fi20231231_10k.htm", "calculatedOtherExpenses": -11400000, "calculatedOperatingExpenses": 64254000, "calculatedNetInterest": -3943000, "calculatedOtherIncome": -10065000, "calculatedIncomeNonControlling": 0, "calculatedEbitda": 207215000}, {"date": "2022-12-31", "symbol": "XPRO", "reportedCurrency": "USD", "cik": "0001575828", "fillingDate": "2023-02-23", "acceptedDate": "2023-02-23 16:31:05", "calendarYear": "2022", "period": "FY", "revenue": 1279418000, "costOfRevenue": 1197123000, "grossProfit": 82295000, "grossProfitRatio": 0.0643222153, "researchAndDevelopmentExpenses": 7300000, "generalAndAdministrativeExpenses": 58387000, "sellingAndMarketingExpenses": 0, "sellingGeneralAndAdministrativeExpenses": 58387000, "otherExpenses": 3149000, "operatingExpenses": 58387000, "costAndExpenses": 1255510000, "interestIncome": 241000, "interestExpense": 241000, "depreciationAndAmortization": 139767000, "ebitda": 185120000, "ebitdaratio": 0.1446907891, "operatingIncome": 45353000, "operatingIncomeRatio": 0.0354481491, "totalOtherIncomeExpensesNet": -24251000, "incomeBeforeTax": 21102000, "incomeBeforeTaxRatio": 0.0164934369, "incomeTaxExpense": 41247000, "netIncome": -20145000, "netIncomeRatio": -0.0157454405, "eps": -0.18, "epsdiluted": -0.18, "weightedAverageShsOut": 109072761, "weightedAverageShsOutDil": 109072761, "link": "https://www.sec.gov/Archives/edgar/data/1575828/000143774923004408/0001437749-23-004408-index.htm", "finalLink": "https://www.sec.gov/Archives/edgar/data/1575828/000143774923004408/fi20221231_10k.htm", "calculatedOtherExpenses": -28745000, "calculatedOperatingExpenses": 36942000, "calculatedNetInterest": 0, "calculatedOtherIncome": -24251000, "calculatedIncomeNonControlling": 0, "calculatedEbitda": 185120000}, {"date": "2021-12-31", "symbol": "XPRO", "reportedCurrency": "USD", "cik": "0001575828", "fillingDate": "2022-03-08", "acceptedDate": "2022-03-08 17:01:22", "calendarYear": "2021", "period": "FY", "revenue": 825762000, "costOfRevenue": 825031000, "grossProfit": 731000, "grossProfitRatio": 0.000885243, "researchAndDevelopmentExpenses": 6700000, "generalAndAdministrativeExpenses": 73880000, "sellingAndMarketingExpenses": 0, "sellingGeneralAndAdministrativeExpenses": 73880000, "otherExpenses": 3992000, "operatingExpenses": 73880000, "costAndExpenses": 898911000, "interestIncome": 8795000, "interestExpense": -8795000, "depreciationAndAmortization": 123866000, "ebitda": 105136000, "ebitdaratio": 0.1273199784, "operatingIncome": -18730000, "operatingIncomeRatio": -0.0226820803, "totalOtherIncomeExpensesNet": -96894000, "incomeBeforeTax": -115624000, "incomeBeforeTaxRatio": -0.1400209746, "incomeTaxExpense": 16267000, "netIncome": -131891000, "netIncomeRatio": -0.1597203553, "eps": -1.64, "epsdiluted": -1.64, "weightedAverageShsOut": 80525694, "weightedAverageShsOutDil": 80525694, "link": "https://www.sec.gov/Archives/edgar/data/1575828/000143774922005566/0001437749-22-005566-index.htm", "finalLink": "https://www.sec.gov/Archives/edgar/data/1575828/000143774922005566/fi20211231_10k.htm", "calculatedOtherExpenses": -61119000, "calculatedOperatingExpenses": 19461000, "calculatedNetInterest": 17590000, "calculatedOtherIncome": -114484000, "calculatedIncomeNonControlling": 0, "calculatedEbitda": 105136000}, {"date": "2020-12-31", "symbol": "XPRO", "reportedCurrency": "USD", "cik": "0001575828", "fillingDate": "2021-03-01", "acceptedDate": "2021-03-01 12:52:25", "calendarYear": "2020", "period": "FY", "revenue": 675026000, "costOfRevenue": 680569000, "grossProfit": -5543000, "grossProfitRatio": -0.0082115356, "researchAndDevelopmentExpenses": 45025000, "generalAndAdministrativeExpenses": 23814000, "sellingAndMarketingExpenses": 0, "sellingGeneralAndAdministrativeExpenses": 23814000, "otherExpenses": 3908000, "operatingExpenses": 23814000, "costAndExpenses": 704383000, "interestIncome": 5656000, "interestExpense": 5656000, "depreciationAndAmortization": 124597000, "ebitda": -197689000, "ebitdaratio": -0.292861312, "operatingIncome": -322286000, "operatingIncomeRatio": -0.4774423504, "totalOtherIncomeExpensesNet": 11841000, "incomeBeforeTax": -310445000, "incomeBeforeTaxRatio": -0.4599008038, "incomeTaxExpense": -3400000, "netIncome": -307045000, "netIncomeRatio": -0.4548639608, "eps": -4.33, "epsdiluted": -4.33, "weightedAverageShsOut": 70889610, "weightedAverageShsOutDil": 70889610, "link": "https://www.sec.gov/Archives/edgar/data/1575828/000157582821000009/0001575828-21-000009-index.htm", "finalLink": "https://www.sec.gov/Archives/edgar/data/1575828/000157582821000009/fi-20201231.htm", "calculatedOtherExpenses": 247904000, "calculatedOperatingExpenses": 316743000, "calculatedNetInterest": 0, "calculatedOtherIncome": 11841000, "calculatedIncomeNonControlling": 0, "calculatedEbitda": -197689000}, {"date": "2019-12-31", "symbol": "XPRO", "reportedCurrency": "USD", "cik": "0001575828", "fillingDate": "2020-02-25", "acceptedDate": "2020-02-25 16:12:04", "calendarYear": "2019", "period": "FY", "revenue": 810064000, "costOfRevenue": 799687000, "grossProfit": 10377000, "grossProfitRatio": 0.012810099, "researchAndDevelopmentExpenses": 22921000, "generalAndAdministrativeExpenses": 29360000, "sellingAndMarketingExpenses": 0, "sellingGeneralAndAdministrativeExpenses": 29360000, "otherExpenses": 226000, "operatingExpenses": 29360000, "costAndExpenses": 829047000, "interestIncome": 2265000, "interestExpense": 0, "depreciationAndAmortization": 122503000, "ebitda": 157000000, "ebitdaratio": 0.193811847, "operatingIncome": 34497000, "operatingIncomeRatio": 0.0425855241, "totalOtherIncomeExpensesNet": -100395000, "incomeBeforeTax": -65898000, "incomeBeforeTaxRatio": -0.081349128, "incomeTaxExpense": -1137000, "netIncome": -64761000, "netIncomeRatio": -0.0799455352, "eps": -1.73, "epsdiluted": -1.73, "weightedAverageShsOut": 37526499, "weightedAverageShsOutDil": 37526499, "link": "https://www.sec.gov/Archives/edgar/data/1575828/000157582820000007/0001575828-20-000007-index.htm", "finalLink": "https://www.sec.gov/Archives/edgar/data/1575828/000157582820000007/a12312019-documentfy19.htm", "calculatedOtherExpenses": -76401000, "calculatedOperatingExpenses": -24120000, "calculatedNetInterest": 2265000, "calculatedOtherIncome": -102660000, "calculatedIncomeNonControlling": 0, "calculatedEbitda": 157000000}, {"date": "2018-12-31", "symbol": "XPRO", "reportedCurrency": "USD", "cik": "0001575828", "fillingDate": "2019-02-25", "acceptedDate": "2019-02-25 17:19:53", "calendarYear": "2018", "period": "FY", "revenue": 522493000, "costOfRevenue": 92881000, "grossProfit": 429612000, "grossProfitRatio": 0.822234939, "researchAndDevelopmentExpenses": 0, "generalAndAdministrativeExpenses": 155584000, "sellingAndMarketingExpenses": 0, "sellingGeneralAndAdministrativeExpenses": 155584000, "otherExpenses": 0, "operatingExpenses": 155584000, "costAndExpenses": 248465000, "interestIncome": 0, "interestExpense": 0, "depreciationAndAmortization": 111292000, "ebitda": 17609000, "ebitdaratio": 0.0337018869, "operatingIncome": 274028000, "operatingIncomeRatio": 0.5244625287, "totalOtherIncomeExpensesNet": -367711000, "incomeBeforeTax": -93683000, "incomeBeforeTaxRatio": -0.1793000098, "incomeTaxExpense": -2950000, "netIncome": -90733000, "netIncomeRatio": -0.1736540011, "eps": -0.41, "epsdiluted": -0.41, "weightedAverageShsOut": 223999000, "weightedAverageShsOutDil": 223999000, "link": "https://www.sec.gov/Archives/edgar/data/1575828/000157582819000007/0001575828-19-000007-index.htm", "finalLink": "https://www.sec.gov/Archives/edgar/data/1575828/000157582819000007/a12312018-documentfy1810xk.htm", "calculatedOtherExpenses": 0, "calculatedOperatingExpenses": 155584000, "calculatedNetInterest": 0, "calculatedOtherIncome": -367711000, "calculatedIncomeNonControlling": 0, "calculatedEbitda": 385320000}, {"date": "2017-12-31", "symbol": "XPRO", "reportedCurrency": "USD", "cik": "0001575828", "fillingDate": "2018-02-27", "acceptedDate": "2018-02-27 16:54:32", "calendarYear": "2017", "period": "FY", "revenue": 454795000, "costOfRevenue": 0, "grossProfit": 454795000, "grossProfitRatio": 1, "researchAndDevelopmentExpenses": 0, "generalAndAdministrativeExpenses": 163704000, "sellingAndMarketingExpenses": 0, "sellingGeneralAndAdministrativeExpenses": 163704000, "otherExpenses": 0, "operatingExpenses": 163704000, "costAndExpenses": 163704000, "interestIncome": 0, "interestExpense": 0, "depreciationAndAmortization": 122102000, "ebitda": 35563000, "ebitdaratio": 0.0781956706, "operatingIncome": -214742000, "operatingIncomeRatio": -0.4721731769, "totalOtherIncomeExpensesNet": 128203000, "incomeBeforeTax": -86539000, "incomeBeforeTaxRatio": -0.1902813355, "incomeTaxExpense": 72918000, "netIncome": -159457000, "netIncomeRatio": -0.3506129135, "eps": -0.72, "epsdiluted": -0.72, "weightedAverageShsOut": 222940000, "weightedAverageShsOutDil": 222940000, "link": "https://www.sec.gov/Archives/edgar/data/1575828/000157582818000007/0001575828-18-000007-index.htm", "finalLink": "https://www.sec.gov/Archives/edgar/data/1575828/000157582818000007/a12312017-documentfy1710xk.htm", "calculatedOtherExpenses": 505833000, "calculatedOperatingExpenses": 669537000, "calculatedNetInterest": 0, "calculatedOtherIncome": 128203000, "calculatedIncomeNonControlling": 0, "calculatedEbitda": -92640000}, {"date": "2016-12-31", "symbol": "XPRO", "reportedCurrency": "USD", "cik": "0001575828", "fillingDate": "2017-02-24", "acceptedDate": "2017-02-24 16:02:08", "calendarYear": "2016", "period": "FY", "revenue": 487531000, "costOfRevenue": 201316000, "grossProfit": 286215000, "grossProfitRatio": 0.5870703607, "researchAndDevelopmentExpenses": 0, "generalAndAdministrativeExpenses": 228802000, "sellingAndMarketingExpenses": 0, "sellingGeneralAndAdministrativeExpenses": 228802000, "otherExpenses": 0, "operatingExpenses": 228802000, "costAndExpenses": 430118000, "interestIncome": 0, "interestExpense": 0, "depreciationAndAmortization": 114215000, "ebitda": -67507000, "ebitdaratio": -0.1384670923, "operatingIncome": -163362000, "operatingIncomeRatio": -0.3350802308, "totalOtherIncomeExpensesNet": -18360000, "incomeBeforeTax": -181722000, "incomeBeforeTaxRatio": -0.3727393745, "incomeTaxExpense": -25643000, "netIncome": -156079000, "netIncomeRatio": -0.3201416936, "eps": -0.88, "epsdiluted": -0.88, "weightedAverageShsOut": 176584000, "weightedAverageShsOutDil": 176584000, "link": "https://www.sec.gov/Archives/edgar/data/1575828/000157582817000007/0001575828-17-000007-index.htm", "finalLink": "https://www.sec.gov/Archives/edgar/data/1575828/000157582817000007/a12312016-documentfy1610xk.htm", "calculatedOtherExpenses": 220775000, "calculatedOperatingExpenses": 449577000, "calculatedNetInterest": 0, "calculatedOtherIncome": -18360000, "calculatedIncomeNonControlling": 0, "calculatedEbitda": -49147000}, {"date": "2015-12-31", "symbol": "XPRO", "reportedCurrency": "USD", "cik": "0001575828", "fillingDate": "2016-02-29", "acceptedDate": "2016-02-29 17:45:44", "calendarYear": "2015", "period": "FY", "revenue": 974600000, "costOfRevenue": 304473000, "grossProfit": 670127000, "grossProfitRatio": 0.6875918325, "researchAndDevelopmentExpenses": 0, "generalAndAdministrativeExpenses": 270678000, "sellingAndMarketingExpenses": 0, "sellingGeneralAndAdministrativeExpenses": 270678000, "otherExpenses": 0, "operatingExpenses": 270678000, "costAndExpenses": 575151000, "interestIncome": 0, "interestExpense": 341000, "depreciationAndAmortization": 108962000, "ebitda": 252617000, "ebitdaratio": 0.2592006977, "operatingIncome": 143655000, "operatingIncomeRatio": 0.1473989329, "totalOtherIncomeExpensesNet": -226000, "incomeBeforeTax": 143429000, "incomeBeforeTaxRatio": 0.1471670429, "incomeTaxExpense": 143429000, "netIncome": 0, "netIncomeRatio": 0, "eps": 0, "epsdiluted": 0, "weightedAverageShsOut": 154662000, "weightedAverageShsOutDil": 209152000, "link": "https://www.sec.gov/Archives/edgar/data/1575828/000157582816000041/0001575828-16-000041-index.htm", "finalLink": "https://www.sec.gov/Archives/edgar/data/1575828/000157582816000041/a12312015-documentfy1510xk.htm", "calculatedOtherExpenses": 255794000, "calculatedOperatingExpenses": 526472000, "calculatedNetInterest": -341000, "calculatedOtherIncome": 115000, "calculatedIncomeNonControlling": 0, "calculatedEbitda": 252617000}, {"date": "2014-12-31", "symbol": "XPRO", "reportedCurrency": "USD", "cik": "0001575828", "fillingDate": "2015-03-06", "acceptedDate": "2015-03-06 17:16:23", "calendarYear": "2014", "period": "FY", "revenue": 1152632000, "costOfRevenue": 369855000, "grossProfit": 782777000, "grossProfitRatio": 0.6791213501, "researchAndDevelopmentExpenses": 0, "generalAndAdministrativeExpenses": 267378000, "sellingAndMarketingExpenses": 0, "sellingGeneralAndAdministrativeExpenses": 267378000, "otherExpenses": 0, "operatingExpenses": 267378000, "costAndExpenses": 637233000, "interestIncome": 0, "interestExpense": 87000, "depreciationAndAmortization": 90041000, "ebitda": 553889000, "ebitdaratio": 0.4805427925, "operatingIncome": 314943000, "operatingIncomeRatio": 0.2732381194, "totalOtherIncomeExpensesNet": 148818000, "incomeBeforeTax": 463761000, "incomeBeforeTaxRatio": 0.4023495791, "incomeTaxExpense": 304724000, "netIncome": 159037000, "netIncomeRatio": 0.1379772555, "eps": 1.03, "epsdiluted": 0.77, "weightedAverageShsOut": 153814000, "weightedAverageShsOutDil": 207828000, "link": "https://www.sec.gov/Archives/edgar/data/1575828/000157582815000013/0001575828-15-000013-index.htm", "finalLink": "https://www.sec.gov/Archives/edgar/data/1575828/000157582815000013/a12312014-documentfy1410xk.htm", "calculatedOtherExpenses": 200456000, "calculatedOperatingExpenses": 467834000, "calculatedNetInterest": -87000, "calculatedOtherIncome": 148905000, "calculatedIncomeNonControlling": 0, "calculatedEbitda": 404984000}, {"date": "2013-12-31", "symbol": "XPRO", "reportedCurrency": "USD", "cik": "0001575828", "fillingDate": "2014-03-04", "acceptedDate": "2014-03-04 13:08:22", "calendarYear": "2013", "period": "FY", "revenue": 1077722000, "costOfRevenue": 310244000, "grossProfit": 767478000, "grossProfitRatio": 0.7121298442, "researchAndDevelopmentExpenses": 0, "generalAndAdministrativeExpenses": 224755000, "sellingAndMarketingExpenses": 0, "sellingGeneralAndAdministrativeExpenses": 224755000, "otherExpenses": 0, "operatingExpenses": 224755000, "costAndExpenses": 534999000, "interestIncome": 0, "interestExpense": -653000, "depreciationAndAmortization": 78082000, "ebitda": 679813000, "ebitdaratio": 0.6307869747, "operatingIncome": 340671000, "operatingIncomeRatio": 0.316102854, "totalOtherIncomeExpensesNet": 261713000, "incomeBeforeTax": 602384000, "incomeBeforeTaxRatio": 0.5589419164, "incomeTaxExpense": 346922000, "netIncome": 255462000, "netIncomeRatio": 0.2370388653, "eps": 1.93, "epsdiluted": 1.38, "weightedAverageShsOut": 132257000, "weightedAverageShsOutDil": 185506000, "link": "https://www.sec.gov/Archives/edgar/data/1575828/000157582814000007/0001575828-14-000007-index.htm", "finalLink": "https://www.sec.gov/Archives/edgar/data/1575828/000157582814000007/a12312013-documentfy1310xk.htm", "calculatedOtherExpenses": 202052000, "calculatedOperatingExpenses": 426807000, "calculatedNetInterest": 653000, "calculatedOtherIncome": 261060000, "calculatedIncomeNonControlling": 0, "calculatedEbitda": 418753000}]}