{"originalCurrency": "USD", "convertedCurrency": "USD", "report": [{"date": "2023-12-31", "symbol": "XRAY", "reportedCurrency": "USD", "cik": "0000818479", "fillingDate": "2023-12-31", "acceptedDate": "2023-12-29 19:00:00", "calendarYear": "2023", "period": "FY", "revenue": 3965000000, "costOfRevenue": 1876000000, "grossProfit": 2089000000, "grossProfitRatio": 0.5268600252, "researchAndDevelopmentExpenses": 184000000, "generalAndAdministrativeExpenses": 1620000000, "sellingAndMarketingExpenses": -10000000, "sellingGeneralAndAdministrativeExpenses": 1610000000, "otherExpenses": -1000000, "operatingExpenses": 1794000000, "costAndExpenses": 3670000000, "interestIncome": 0, "interestExpense": 64000000, "depreciationAndAmortization": 343000000, "ebitda": 638000000, "ebitdaratio": 0.1609079445, "operatingIncome": 295000000, "operatingIncomeRatio": 0.0744010088, "totalOtherIncomeExpensesNet": -470000000, "incomeBeforeTax": -175000000, "incomeBeforeTaxRatio": -0.0441361917, "incomeTaxExpense": -43000000, "netIncome": -132000000, "netIncomeRatio": -0.0332912989, "eps": -0.62, "epsdiluted": -0.62, "weightedAverageShsOut": 212000000, "weightedAverageShsOutDil": 212000000, "link": null, "finalLink": null, "calculatedOtherExpenses": 0, "calculatedOperatingExpenses": 1794000000, "calculatedNetInterest": -64000000, "calculatedOtherIncome": -406000000, "calculatedIncomeNonControlling": 0, "calculatedEbitda": 638000000}, {"date": "2022-12-31", "symbol": "XRAY", "reportedCurrency": "USD", "cik": "0000818479", "fillingDate": "2023-03-01", "acceptedDate": "2023-03-01 16:01:21", "calendarYear": "2022", "period": "FY", "revenue": 3922000000, "costOfRevenue": 1795000000, "grossProfit": 2127000000, "grossProfitRatio": 0.5423253442, "researchAndDevelopmentExpenses": 174000000, "generalAndAdministrativeExpenses": 1596000000, "sellingAndMarketingExpenses": -7000000, "sellingGeneralAndAdministrativeExpenses": 1589000000, "otherExpenses": -58000000, "operatingExpenses": 1763000000, "costAndExpenses": 3558000000, "interestIncome": 60000000, "interestExpense": 60000000, "depreciationAndAmortization": 328000000, "ebitda": 634000000, "ebitdaratio": 0.1616522183, "operatingIncome": 306000000, "operatingIncomeRatio": 0.0780214176, "totalOtherIncomeExpensesNet": -1361000000, "incomeBeforeTax": -1055000000, "incomeBeforeTaxRatio": -0.2689954105, "incomeTaxExpense": -105000000, "netIncome": -950000000, "netIncomeRatio": -0.2422233554, "eps": -4.41, "epsdiluted": -4.41, "weightedAverageShsOut": 215500000, "weightedAverageShsOutDil": 215500000, "link": "https://www.sec.gov/Archives/edgar/data/818479/000081847923000017/0000818479-23-000017-index.htm", "finalLink": "https://www.sec.gov/Archives/edgar/data/818479/000081847923000017/xray-20221231.htm", "calculatedOtherExpenses": 58000000, "calculatedOperatingExpenses": 1821000000, "calculatedNetInterest": 0, "calculatedOtherIncome": -1361000000, "calculatedIncomeNonControlling": 0, "calculatedEbitda": 634000000}, {"date": "2021-12-31", "symbol": "XRAY", "reportedCurrency": "USD", "cik": "0000818479", "fillingDate": "2022-03-01", "acceptedDate": "2022-03-01 08:03:36", "calendarYear": "2021", "period": "FY", "revenue": 4251000000, "costOfRevenue": 1890000000, "grossProfit": 2361000000, "grossProfitRatio": 0.5553987297, "researchAndDevelopmentExpenses": 171000000, "generalAndAdministrativeExpenses": 1551000000, "sellingAndMarketingExpenses": 0, "sellingGeneralAndAdministrativeExpenses": 1551000000, "otherExpenses": -14000000, "operatingExpenses": 1722000000, "costAndExpenses": 3612000000, "interestIncome": 55000000, "interestExpense": 55000000, "depreciationAndAmortization": 380000000, "ebitda": 1002000000, "ebitdaratio": 0.2357092449, "operatingIncome": 622000000, "operatingIncomeRatio": 0.1463185133, "totalOtherIncomeExpensesNet": -63000000, "incomeBeforeTax": 559000000, "incomeBeforeTaxRatio": 0.1314984709, "incomeTaxExpense": 138000000, "netIncome": 411000000, "netIncomeRatio": 0.0966831334, "eps": 1.88, "epsdiluted": 1.87, "weightedAverageShsOut": 218400000, "weightedAverageShsOutDil": 220200000, "link": "https://www.sec.gov/Archives/edgar/data/818479/000081847922000015/0000818479-22-000015-index.htm", "finalLink": "https://www.sec.gov/Archives/edgar/data/818479/000081847922000015/xray-20211231.htm", "calculatedOtherExpenses": 17000000, "calculatedOperatingExpenses": 1739000000, "calculatedNetInterest": 0, "calculatedOtherIncome": -63000000, "calculatedIncomeNonControlling": 10000000, "calculatedEbitda": 1002000000}, {"date": "2020-12-31", "symbol": "XRAY", "reportedCurrency": "USD", "cik": "0000818479", "fillingDate": "2021-03-01", "acceptedDate": "2021-03-01 17:03:28", "calendarYear": "2020", "period": "FY", "revenue": 3342000000, "costOfRevenue": 1685000000, "grossProfit": 1657000000, "grossProfitRatio": 0.4958108917, "researchAndDevelopmentExpenses": 115000000, "generalAndAdministrativeExpenses": 0, "sellingAndMarketingExpenses": 0, "sellingGeneralAndAdministrativeExpenses": 1435000000, "otherExpenses": -14000000, "operatingExpenses": 1435000000, "costAndExpenses": 3120000000, "interestIncome": 1000000, "interestExpense": 48000000, "depreciationAndAmortization": 334000000, "ebitda": 790000000, "ebitdaratio": 0.236385398, "operatingIncome": 456000000, "operatingIncomeRatio": 0.1364452424, "totalOtherIncomeExpensesNet": -516000000, "incomeBeforeTax": -60000000, "incomeBeforeTaxRatio": -0.0179533214, "incomeTaxExpense": 23000000, "netIncome": -83000000, "netIncomeRatio": -0.0248354279, "eps": -0.38, "epsdiluted": -0.38, "weightedAverageShsOut": 219200000, "weightedAverageShsOutDil": 219200000, "link": "https://www.sec.gov/Archives/edgar/data/818479/000081847921000007/0000818479-21-000007-index.htm", "finalLink": "https://www.sec.gov/Archives/edgar/data/818479/000081847921000007/xray-20201231.htm", "calculatedOtherExpenses": -349000000, "calculatedOperatingExpenses": 1201000000, "calculatedNetInterest": -47000000, "calculatedOtherIncome": -469000000, "calculatedIncomeNonControlling": 0, "calculatedEbitda": 790000000}, {"date": "2019-12-31", "symbol": "XRAY", "reportedCurrency": "USD", "cik": "0000818479", "fillingDate": "2020-03-02", "acceptedDate": "2020-03-02 07:34:56", "calendarYear": "2019", "period": "FY", "revenue": 4029200000, "costOfRevenue": 1864100000, "grossProfit": 2165100000, "grossProfitRatio": 0.537352328, "researchAndDevelopmentExpenses": 131300000, "generalAndAdministrativeExpenses": 0, "sellingAndMarketingExpenses": 0, "sellingGeneralAndAdministrativeExpenses": 1723500000, "otherExpenses": -15400000, "operatingExpenses": 1723500000, "costAndExpenses": 3587600000, "interestIncome": 2400000, "interestExpense": 29400000, "depreciationAndAmortization": 322800000, "ebitda": 845100000, "ebitdaratio": 0.2097438698, "operatingIncome": 522300000, "operatingIncomeRatio": 0.1296287104, "totalOtherIncomeExpensesNet": -176900000, "incomeBeforeTax": 345400000, "incomeBeforeTaxRatio": 0.0857242132, "incomeTaxExpense": 82300000, "netIncome": 262900000, "netIncomeRatio": 0.0652486846, "eps": 1.18, "epsdiluted": 1.17, "weightedAverageShsOut": 223100000, "weightedAverageShsOutDil": 224400000, "link": "https://www.sec.gov/Archives/edgar/data/818479/000081847920000006/0000818479-20-000006-index.htm", "finalLink": "https://www.sec.gov/Archives/edgar/data/818479/000081847920000006/xray-20191231.htm", "calculatedOtherExpenses": -212000000, "calculatedOperatingExpenses": 1642800000, "calculatedNetInterest": -27000000, "calculatedOtherIncome": -149900000, "calculatedIncomeNonControlling": 200000, "calculatedEbitda": 845100000}, {"date": "2018-12-31", "symbol": "XRAY", "reportedCurrency": "USD", "cik": "0000818479", "fillingDate": "2019-03-08", "acceptedDate": "2019-03-08 08:33:04", "calendarYear": "2018", "period": "FY", "revenue": 3986300000, "costOfRevenue": 1918500000, "grossProfit": 2067800000, "grossProfitRatio": 0.5187266387, "researchAndDevelopmentExpenses": 160500000, "generalAndAdministrativeExpenses": 1719100000, "sellingAndMarketingExpenses": 0, "sellingGeneralAndAdministrativeExpenses": 1719100000, "otherExpenses": 40700000, "operatingExpenses": 1719100000, "costAndExpenses": 3637600000, "interestIncome": 2100000, "interestExpense": 37300000, "depreciationAndAmortization": 330800000, "ebitda": 1986300000, "ebitdaratio": 0.4982816145, "operatingIncome": -958100000, "operatingIncomeRatio": -0.2403481926, "totalOtherIncomeExpensesNet": -1306800000, "incomeBeforeTax": -958400000, "incomeBeforeTaxRatio": -0.2404234503, "incomeTaxExpense": 52500000, "netIncome": -1011000000, "netIncomeRatio": -0.2536186439, "eps": -4.51, "epsdiluted": -4.51, "weightedAverageShsOut": 224168514, "weightedAverageShsOutDil": 224300000, "link": "https://www.sec.gov/Archives/edgar/data/818479/000081847919000010/0000818479-19-000010-index.htm", "finalLink": "https://www.sec.gov/Archives/edgar/data/818479/000081847919000010/xray-20181231.htm", "calculatedOtherExpenses": 1146300000, "calculatedOperatingExpenses": 3025900000, "calculatedNetInterest": -35200000, "calculatedOtherIncome": 34900000, "calculatedIncomeNonControlling": 100000, "calculatedEbitda": -627300000}, {"date": "2017-12-31", "symbol": "XRAY", "reportedCurrency": "USD", "cik": "0000818479", "fillingDate": "2018-03-15", "acceptedDate": "2018-03-15 16:08:24", "calendarYear": "2017", "period": "FY", "revenue": 3993400000, "costOfRevenue": 1804900000, "grossProfit": 2188500000, "grossProfitRatio": 0.5480292483, "researchAndDevelopmentExpenses": 151700000, "generalAndAdministrativeExpenses": 1674700000, "sellingAndMarketingExpenses": 0, "sellingGeneralAndAdministrativeExpenses": 1674700000, "otherExpenses": -5300000, "operatingExpenses": 1674700000, "costAndExpenses": 3479600000, "interestIncome": 2400000, "interestExpense": 38300000, "depreciationAndAmortization": 316400000, "ebitda": 2612900000, "ebitdaratio": 0.6543046026, "operatingIncome": -1585300000, "operatingIncomeRatio": -0.396980017, "totalOtherIncomeExpensesNet": -2099100000, "incomeBeforeTax": -1626500000, "incomeBeforeTaxRatio": -0.4072970401, "incomeTaxExpense": -53200000, "netIncome": -1573000000, "netIncomeRatio": -0.3938999349, "eps": -6.86, "epsdiluted": -6.86, "weightedAverageShsOut": 229289940, "weightedAverageShsOutDil": 229400000, "link": "https://www.sec.gov/Archives/edgar/data/818479/000081847918000014/0000818479-18-000014-index.htm", "finalLink": "https://www.sec.gov/Archives/edgar/data/818479/000081847918000014/dentsplysirona201710-k.htm", "calculatedOtherExpenses": 1947400000, "calculatedOperatingExpenses": 3773800000, "calculatedNetInterest": -35900000, "calculatedOtherIncome": -5300000, "calculatedIncomeNonControlling": -300000, "calculatedEbitda": -1268900000}, {"date": "2016-12-31", "symbol": "XRAY", "reportedCurrency": "USD", "cik": "0000818479", "fillingDate": "2017-03-01", "acceptedDate": "2017-03-01 16:14:12", "calendarYear": "2016", "period": "FY", "revenue": 3745300000, "costOfRevenue": 1744400000, "grossProfit": 2000900000, "grossProfitRatio": 0.5342429178, "researchAndDevelopmentExpenses": 128500000, "generalAndAdministrativeExpenses": 1523000000, "sellingAndMarketingExpenses": 0, "sellingGeneralAndAdministrativeExpenses": 1523000000, "otherExpenses": 20100000, "operatingExpenses": 1523000000, "costAndExpenses": 3267400000, "interestIncome": 2000000, "interestExpense": 35900000, "depreciationAndAmortization": 271700000, "ebitda": 772800000, "ebitdaratio": 0.2063386111, "operatingIncome": 454700000, "operatingIncomeRatio": 0.1214054949, "totalOtherIncomeExpensesNet": -23200000, "incomeBeforeTax": 440900000, "incomeBeforeTaxRatio": 0.1177208768, "incomeTaxExpense": 9500000, "netIncome": 429900000, "netIncomeRatio": 0.1147838624, "eps": 1.97, "epsdiluted": 1.94, "weightedAverageShsOut": 218000000, "weightedAverageShsOutDil": 221600000, "link": "https://www.sec.gov/Archives/edgar/data/818479/000081847917000007/0000818479-17-000007-index.htm", "finalLink": "https://www.sec.gov/Archives/edgar/data/818479/000081847917000007/dentsplysirona201610-k.htm", "calculatedOtherExpenses": -105300000, "calculatedOperatingExpenses": 1546200000, "calculatedNetInterest": -33900000, "calculatedOtherIncome": 20100000, "calculatedIncomeNonControlling": 1500000, "calculatedEbitda": 726400000}, {"date": "2015-12-31", "symbol": "XRAY", "reportedCurrency": "USD", "cik": "0000818479", "fillingDate": "2016-02-12", "acceptedDate": "2016-02-12 15:17:12", "calendarYear": "2015", "period": "FY", "revenue": 2674300000, "costOfRevenue": 1157100000, "grossProfit": 1517200000, "grossProfitRatio": 0.5673260292, "researchAndDevelopmentExpenses": 74900000, "generalAndAdministrativeExpenses": 1077300000, "sellingAndMarketingExpenses": 0, "sellingGeneralAndAdministrativeExpenses": 1077300000, "otherExpenses": 3000000, "operatingExpenses": 1077300000, "costAndExpenses": 2234400000, "interestIncome": 2200000, "interestExpense": 55900000, "depreciationAndAmortization": 122900000, "ebitda": 504600000, "ebitdaratio": 0.1886848895, "operatingIncome": 375200000, "operatingIncomeRatio": 0.1402983958, "totalOtherIncomeExpensesNet": -64700000, "incomeBeforeTax": 329700000, "incomeBeforeTaxRatio": 0.1232845978, "incomeTaxExpense": 77000000, "netIncome": 251200000, "netIncomeRatio": 0.0939311222, "eps": 1.79, "epsdiluted": 1.76, "weightedAverageShsOut": 140000000, "weightedAverageShsOutDil": 142500000, "link": "https://www.sec.gov/Archives/edgar/data/818479/000081847916000056/0000818479-16-000056-index.htm", "finalLink": "https://www.sec.gov/Archives/edgar/data/818479/000081847916000056/dentsply201510-k.htm", "calculatedOtherExpenses": -10200000, "calculatedOperatingExpenses": 1142000000, "calculatedNetInterest": -53700000, "calculatedOtherIncome": 8200000, "calculatedIncomeNonControlling": 1500000, "calculatedEbitda": 498100000}, {"date": "2014-12-31", "symbol": "XRAY", "reportedCurrency": "USD", "cik": "0000818479", "fillingDate": "2015-02-20", "acceptedDate": "2015-02-20 16:57:30", "calendarYear": "2014", "period": "FY", "revenue": 2922620000, "costOfRevenue": 1322831000, "grossProfit": 1599789000, "grossProfitRatio": 0.5473818013, "researchAndDevelopmentExpenses": 80800000, "generalAndAdministrativeExpenses": 1143106000, "sellingAndMarketingExpenses": 0, "sellingGeneralAndAdministrativeExpenses": 1143106000, "otherExpenses": 1433000, "operatingExpenses": 1143106000, "costAndExpenses": 2465937000, "interestIncome": 5592000, "interestExpense": 46910000, "depreciationAndAmortization": 129077000, "ebitda": 467766000, "ebitdaratio": 0.1600502289, "operatingIncome": 445600000, "operatingIncomeRatio": 0.1524659381, "totalOtherIncomeExpensesNet": -11083000, "incomeBeforeTax": 404373000, "incomeBeforeTaxRatio": 0.1383597594, "incomeTaxExpense": 81120000, "netIncome": 322854000, "netIncomeRatio": 0.1104673204, "eps": 2.28, "epsdiluted": 2.24, "weightedAverageShsOut": 141700000, "weightedAverageShsOutDil": 144200000, "link": "https://www.sec.gov/Archives/edgar/data/818479/000081847915000005/0000818479-15-000005-index.htm", "finalLink": "https://www.sec.gov/Archives/edgar/data/818479/000081847915000005/dentsply201410-k.htm", "calculatedOtherExpenses": -69717000, "calculatedOperatingExpenses": 1154189000, "calculatedNetInterest": -41318000, "calculatedOtherIncome": 91000, "calculatedIncomeNonControlling": 399000, "calculatedEbitda": 574677000}, {"date": "2013-12-31", "symbol": "XRAY", "reportedCurrency": "USD", "cik": "0000818479", "fillingDate": "2014-02-20", "acceptedDate": "2014-02-20 17:06:41", "calendarYear": "2013", "period": "FY", "revenue": 2950770000, "costOfRevenue": 1373358000, "grossProfit": 1577412000, "grossProfitRatio": 0.5345763987, "researchAndDevelopmentExpenses": 85100000, "generalAndAdministrativeExpenses": 1144890000, "sellingAndMarketingExpenses": 0, "sellingGeneralAndAdministrativeExpenses": 1144890000, "otherExpenses": 653000, "operatingExpenses": 1144890000, "costAndExpenses": 2518248000, "interestIncome": 8123000, "interestExpense": 49625000, "depreciationAndAmortization": 127903000, "ebitda": 445878000, "ebitdaratio": 0.1511056436, "operatingIncome": 419166000, "operatingIncomeRatio": 0.1420530912, "totalOtherIncomeExpensesNet": -13356000, "incomeBeforeTax": 369335000, "incomeBeforeTaxRatio": 0.1251656347, "incomeTaxExpense": 52150000, "netIncome": 313192000, "netIncomeRatio": 0.1061390756, "eps": 2.2, "epsdiluted": 2.16, "weightedAverageShsOut": 142700000, "weightedAverageShsOutDil": 145000000, "link": "https://www.sec.gov/Archives/edgar/data/818479/000081847914000004/0000818479-14-000004-index.htm", "finalLink": "https://www.sec.gov/Archives/edgar/data/818479/000081847914000004/dentsply201310-k.htm", "calculatedOtherExpenses": -71744000, "calculatedOperatingExpenses": 1158246000, "calculatedNetInterest": -41502000, "calculatedOtherIncome": -8329000, "calculatedIncomeNonControlling": 3993000, "calculatedEbitda": 547069000}, {"date": "2012-12-31", "symbol": "XRAY", "reportedCurrency": "USD", "cik": "0000818479", "fillingDate": "2013-02-20", "acceptedDate": "2013-02-20 11:28:57", "calendarYear": "2012", "period": "FY", "revenue": 2928429000, "costOfRevenue": 1372042000, "grossProfit": 1556387000, "grossProfitRatio": 0.5314750673, "researchAndDevelopmentExpenses": 85400000, "generalAndAdministrativeExpenses": 1148731000, "sellingAndMarketingExpenses": 0, "sellingGeneralAndAdministrativeExpenses": 1148731000, "otherExpenses": -490000, "operatingExpenses": 1148731000, "costAndExpenses": 2520773000, "interestIncome": 8760000, "interestExpense": 56851000, "depreciationAndAmortization": 129199000, "ebitda": 433373000, "ebitdaratio": 0.1479882217, "operatingIncome": 381939000, "operatingIncomeRatio": 0.1304245382, "totalOtherIncomeExpensesNet": -25717000, "incomeBeforeTax": 330679000, "incomeBeforeTaxRatio": 0.1129202723, "incomeTaxExpense": 8920000, "netIncome": 314213000, "netIncomeRatio": 0.1072974622, "eps": 2.22, "epsdiluted": 2.18, "weightedAverageShsOut": 141850000, "weightedAverageShsOutDil": 143945000, "link": "https://www.sec.gov/Archives/edgar/data/818479/000081847913000008/0000818479-13-000008-index.htm", "finalLink": "https://www.sec.gov/Archives/edgar/data/818479/000081847913000008/dentsply201210-k.htm", "calculatedOtherExpenses": -59683000, "calculatedOperatingExpenses": 1174448000, "calculatedNetInterest": -48091000, "calculatedOtherIncome": -3169000, "calculatedIncomeNonControlling": 7546000, "calculatedEbitda": 511138000}, {"date": "2011-12-31", "symbol": "XRAY", "reportedCurrency": "USD", "cik": "0000818479", "fillingDate": "2012-02-24", "acceptedDate": "2012-02-24 16:38:19", "calendarYear": "2011", "period": "FY", "revenue": 2537718000, "costOfRevenue": 1264278000, "grossProfit": 1273440000, "grossProfitRatio": 0.5018051651, "researchAndDevelopmentExpenses": 0, "generalAndAdministrativeExpenses": 936847000, "sellingAndMarketingExpenses": 0, "sellingGeneralAndAdministrativeExpenses": 936847000, "otherExpenses": 0, "operatingExpenses": 936847000, "costAndExpenses": 2201125000, "interestIncome": 9456000, "interestExpense": 44617000, "depreciationAndAmortization": 85035000, "ebitda": 336593000, "ebitdaratio": 0.1326360927, "operatingIncome": 300728000, "operatingIncomeRatio": 0.1185033168, "totalOtherIncomeExpensesNet": -35865000, "incomeBeforeTax": 256111000, "incomeBeforeTaxRatio": 0.100921773, "incomeTaxExpense": -11016000, "netIncome": 244520000, "netIncomeRatio": 0.0963542837, "eps": 1.73, "epsdiluted": 1.7, "weightedAverageShsOut": 141386000, "weightedAverageShsOutDil": 143553000, "link": "https://www.sec.gov/Archives/edgar/data/818479/000144530512000446/0001445305-12-000446-index.htm", "finalLink": "https://www.sec.gov/Archives/edgar/data/818479/000144530512000446/dentsply201110-k.htm", "calculatedOtherExpenses": 35865000, "calculatedOperatingExpenses": 972712000, "calculatedNetInterest": -35161000, "calculatedOtherIncome": -9456000, "calculatedIncomeNonControlling": 22607000, "calculatedEbitda": 385763000}, {"date": "2010-12-31", "symbol": "XRAY", "reportedCurrency": "USD", "cik": "0000818479", "fillingDate": "2011-02-18", "acceptedDate": "2011-02-18 17:24:14", "calendarYear": "2010", "period": "FY", "revenue": 2221014000, "costOfRevenue": 1090856000, "grossProfit": 1130158000, "grossProfitRatio": 0.5088477605, "researchAndDevelopmentExpenses": 0, "generalAndAdministrativeExpenses": 738901000, "sellingAndMarketingExpenses": 0, "sellingGeneralAndAdministrativeExpenses": 738901000, "otherExpenses": 0, "operatingExpenses": 738901000, "costAndExpenses": 1829757000, "interestIncome": 4254000, "interestExpense": 25089000, "depreciationAndAmortization": 66340000, "ebitda": 402241000, "ebitdaratio": 0.1811069178, "operatingIncome": 380273000, "operatingIncomeRatio": 0.1712159401, "totalOtherIncomeExpensesNet": -12080000, "incomeBeforeTax": 357656000, "incomeBeforeTaxRatio": 0.1610327535, "incomeTaxExpense": 89225000, "netIncome": 265708000, "netIncomeRatio": 0.1196336448, "eps": 1.85, "epsdiluted": 1.82, "weightedAverageShsOut": 143980000, "weightedAverageShsOutDil": 145985000, "link": "https://www.sec.gov/Archives/edgar/data/818479/000114420411009910/0001144204-11-009910-index.htm", "finalLink": "https://www.sec.gov/Archives/edgar/data/818479/000114420411009910/v209456_10k.htm", "calculatedOtherExpenses": 10984000, "calculatedOperatingExpenses": 749885000, "calculatedNetInterest": -20835000, "calculatedOtherIncome": -1782000, "calculatedIncomeNonControlling": 2723000, "calculatedEbitda": 446613000}, {"date": "2009-12-31", "symbol": "XRAY", "reportedCurrency": "USD", "cik": "0000818479", "fillingDate": "2010-02-22", "acceptedDate": "2010-02-22 09:57:43", "calendarYear": "2009", "period": "FY", "revenue": 2159916000, "costOfRevenue": 1048612000, "grossProfit": 1111304000, "grossProfitRatio": 0.5145126014, "researchAndDevelopmentExpenses": 0, "generalAndAdministrativeExpenses": 723227000, "sellingAndMarketingExpenses": 0, "sellingGeneralAndAdministrativeExpenses": 723227000, "otherExpenses": 0, "operatingExpenses": 723227000, "costAndExpenses": 1771839000, "interestIncome": 5032000, "interestExpense": 17831000, "depreciationAndAmortization": 65175000, "ebitda": 388077000, "ebitdaratio": 0.179672265, "operatingIncome": 381187000, "operatingIncomeRatio": 0.1764823262, "totalOtherIncomeExpensesNet": -6890000, "incomeBeforeTax": 363356000, "incomeBeforeTaxRatio": 0.1682269125, "incomeTaxExpense": 88944000, "netIncome": 274258000, "netIncomeRatio": 0.1269762343, "eps": 1.85, "epsdiluted": 1.83, "weightedAverageShsOut": 148319000, "weightedAverageShsOutDil": 150102000, "link": "https://www.sec.gov/Archives/edgar/data/818479/000114420410009164/0001144204-10-009164-index.htm", "finalLink": "https://www.sec.gov/Archives/edgar/data/818479/000114420410009164/v174887_10k.htm", "calculatedOtherExpenses": 6890000, "calculatedOperatingExpenses": 730117000, "calculatedNetInterest": -12799000, "calculatedOtherIncome": -5032000, "calculatedIncomeNonControlling": 154000, "calculatedEbitda": 446362000}, {"date": "2008-12-31", "symbol": "XRAY", "reportedCurrency": "USD", "cik": "0000818479", "fillingDate": "2009-02-20", "acceptedDate": "2009-02-20 16:01:08", "calendarYear": "2008", "period": "FY", "revenue": 2193723000, "costOfRevenue": 1041779000, "grossProfit": 1151944000, "grossProfitRatio": 0.5251091409, "researchAndDevelopmentExpenses": 0, "generalAndAdministrativeExpenses": 739168000, "sellingAndMarketingExpenses": 0, "sellingGeneralAndAdministrativeExpenses": 739168000, "otherExpenses": 0, "operatingExpenses": 739168000, "costAndExpenses": 1780947000, "interestIncome": 17089000, "interestExpense": 32527000, "depreciationAndAmortization": 56929000, "ebitda": 486794000, "ebitdaratio": 0.22190313, "operatingIncome": 380421000, "operatingIncomeRatio": 0.1734134164, "totalOtherIncomeExpensesNet": -41866000, "incomeBeforeTax": 355472000, "incomeBeforeTaxRatio": 0.1620405129, "incomeTaxExpense": 71603000, "netIncome": 283869000, "netIncomeRatio": 0.129400567, "eps": 1.9, "epsdiluted": 1.87, "weightedAverageShsOut": 149069000, "weightedAverageShsOutDil": 151679000, "link": "https://www.sec.gov/Archives/edgar/data/818479/000081847909000034/0000818479-09-000034-index.htm", "finalLink": "https://www.sec.gov/Archives/edgar/data/818479/000081847909000034/q40810k.htm", "calculatedOtherExpenses": 32355000, "calculatedOperatingExpenses": 771523000, "calculatedNetInterest": -15438000, "calculatedOtherIncome": -9511000, "calculatedIncomeNonControlling": 0, "calculatedEbitda": 437350000}, {"date": "2007-12-31", "symbol": "XRAY", "reportedCurrency": "USD", "cik": "0000818479", "fillingDate": "2008-02-25", "acceptedDate": "2008-02-22 18:46:06", "calendarYear": "2007", "period": "FY", "revenue": 2009833000, "costOfRevenue": 969050000, "grossProfit": 1040783000, "grossProfitRatio": 0.5178455125, "researchAndDevelopmentExpenses": 0, "generalAndAdministrativeExpenses": 675365000, "sellingAndMarketingExpenses": 0, "sellingGeneralAndAdministrativeExpenses": 675365000, "otherExpenses": 5173000, "operatingExpenses": 680538000, "costAndExpenses": 1649588000, "interestIncome": -26428000, "interestExpense": 11981000, "depreciationAndAmortization": 50289000, "ebitda": 420405000, "ebitdaratio": 0.2091740956, "operatingIncome": 354891000, "operatingIncomeRatio": 0.1765773574, "totalOtherIncomeExpensesNet": -9871000, "incomeBeforeTax": 358135000, "incomeBeforeTaxRatio": 0.1781914219, "incomeTaxExpense": 98481000, "netIncome": 259654000, "netIncomeRatio": 0.1291918284, "eps": 1.71, "epsdiluted": 1.68, "weightedAverageShsOut": 151707000, "weightedAverageShsOutDil": 154721000, "link": "https://www.sec.gov/Archives/edgar/data/818479/000081847908000032/0000818479-08-000032-index.htm", "finalLink": "https://www.sec.gov/Archives/edgar/data/818479/000081847908000032/q40710k.htm", "calculatedOtherExpenses": 10527000, "calculatedOperatingExpenses": 685892000, "calculatedNetInterest": -38409000, "calculatedOtherIncome": 41653000, "calculatedIncomeNonControlling": 0, "calculatedEbitda": 405180000}, {"date": "2006-12-31", "symbol": "XRAY", "reportedCurrency": "USD", "cik": "0000818479", "fillingDate": "2007-02-23", "acceptedDate": "2007-02-23 16:18:56", "calendarYear": "2006", "period": "FY", "revenue": 1810496000, "costOfRevenue": 881485000, "grossProfit": 929011000, "grossProfitRatio": 0.5131251326, "researchAndDevelopmentExpenses": 0, "generalAndAdministrativeExpenses": 606410000, "sellingAndMarketingExpenses": 0, "sellingGeneralAndAdministrativeExpenses": 606410000, "otherExpenses": -3428000, "operatingExpenses": 602982000, "costAndExpenses": 1484467000, "interestIncome": 12484000, "interestExpense": 10801000, "depreciationAndAmortization": 47434000, "ebitda": 382772000, "ebitdaratio": 0.2114183075, "operatingIncome": 314794000, "operatingIncomeRatio": 0.1738716904, "totalOtherIncomeExpensesNet": -9309000, "incomeBeforeTax": 314837000, "incomeBeforeTaxRatio": 0.1738954408, "incomeTaxExpense": 91119000, "netIncome": 223718000, "netIncomeRatio": 0.1235672435, "eps": 1.44, "epsdiluted": 1.41, "weightedAverageShsOut": 155229000, "weightedAverageShsOutDil": 158271000, "link": "https://www.sec.gov/Archives/edgar/data/818479/000081847907000017/0000818479-07-000017-index.htm", "finalLink": "https://www.sec.gov/Archives/edgar/data/818479/000081847907000017/ar10k2006v56.htm", "calculatedOtherExpenses": 7807000, "calculatedOperatingExpenses": 614217000, "calculatedNetInterest": 1683000, "calculatedOtherIncome": -1640000, "calculatedIncomeNonControlling": 0, "calculatedEbitda": 362228000}, {"date": "2005-12-31", "symbol": "XRAY", "reportedCurrency": "USD", "cik": "0000818479", "fillingDate": "2006-03-14", "acceptedDate": "2006-03-14 07:39:11", "calendarYear": "2005", "period": "FY", "revenue": 1715135000, "costOfRevenue": 846117000, "grossProfit": 869018000, "grossProfitRatio": 0.5066761509, "researchAndDevelopmentExpenses": 0, "generalAndAdministrativeExpenses": 563341000, "sellingAndMarketingExpenses": 0, "sellingGeneralAndAdministrativeExpenses": 563341000, "otherExpenses": 0, "operatingExpenses": 563341000, "costAndExpenses": 1409458000, "interestIncome": 9005000, "interestExpense": 17773000, "depreciationAndAmortization": 50560000, "ebitda": 582108000, "ebitdaratio": 0.3393948581, "operatingIncome": 72922000, "operatingIncomeRatio": 0.0425167698, "totalOtherIncomeExpensesNet": -225871000, "incomeBeforeTax": 71038000, "incomeBeforeTaxRatio": 0.041418314, "incomeTaxExpense": 25625000, "netIncome": 45413000, "netIncomeRatio": 0.0264777991, "eps": 0.29, "epsdiluted": 0.28, "weightedAverageShsOut": 159191000, "weightedAverageShsOutDil": 162017000, "link": "https://www.sec.gov/Archives/edgar/data/818479/000081847906000014/0000818479-06-000014-index.htm", "finalLink": "https://www.sec.gov/Archives/edgar/data/818479/000081847906000014/final200510k.txt", "calculatedOtherExpenses": 232755000, "calculatedOperatingExpenses": 796096000, "calculatedNetInterest": -8768000, "calculatedOtherIncome": 6884000, "calculatedIncomeNonControlling": 0, "calculatedEbitda": 123482000}, {"date": "2004-12-31", "symbol": "XRAY", "reportedCurrency": "USD", "cik": "0000818479", "fillingDate": "2005-03-16", "acceptedDate": "2005-03-16 16:54:40", "calendarYear": "2004", "period": "FY", "revenue": 1694232000, "costOfRevenue": 847714000, "grossProfit": 846518000, "grossProfitRatio": 0.4996470377, "researchAndDevelopmentExpenses": 0, "generalAndAdministrativeExpenses": 544264000, "sellingAndMarketingExpenses": 0, "sellingGeneralAndAdministrativeExpenses": 544264000, "otherExpenses": 0, "operatingExpenses": 544264000, "costAndExpenses": 1391978000, "interestIncome": 0, "interestExpense": -6310000, "depreciationAndAmortization": 49296000, "ebitda": 360020000, "ebitdaratio": 0.212497462, "operatingIncome": 295130000, "operatingIncomeRatio": 0.1741969223, "totalOtherIncomeExpensesNet": -8470000, "incomeBeforeTax": 274155000, "incomeBeforeTaxRatio": 0.1618166815, "incomeTaxExpense": 63869000, "netIncome": 253165000, "netIncomeRatio": 0.1494275872, "eps": 1.58, "epsdiluted": 1.55, "weightedAverageShsOut": 160774000, "weightedAverageShsOutDil": 164028000, "link": "https://www.sec.gov/Archives/edgar/data/818479/000081847905000019/0000818479-05-000019-index.htm", "finalLink": "https://www.sec.gov/Archives/edgar/data/818479/000081847905000019/f10k2004.txt", "calculatedOtherExpenses": 7124000, "calculatedOperatingExpenses": 551388000, "calculatedNetInterest": 6310000, "calculatedOtherIncome": -27285000, "calculatedIncomeNonControlling": -42879000, "calculatedEbitda": 344426000}, {"date": "2003-12-31", "symbol": "XRAY", "reportedCurrency": "USD", "cik": "0000818479", "fillingDate": "2004-03-15", "acceptedDate": "2004-03-15 16:55:49", "calendarYear": "2003", "period": "FY", "revenue": 1570925000, "costOfRevenue": 797724000, "grossProfit": 773201000, "grossProfitRatio": 0.492194726, "researchAndDevelopmentExpenses": 0, "generalAndAdministrativeExpenses": 501518000, "sellingAndMarketingExpenses": 0, "sellingGeneralAndAdministrativeExpenses": 501518000, "otherExpenses": 0, "operatingExpenses": 501518000, "costAndExpenses": 1299242000, "interestIncome": 1874000, "interestExpense": 26079000, "depreciationAndAmortization": 45661000, "ebitda": 313626000, "ebitdaratio": 0.1996441587, "operatingIncome": 267983000, "operatingIncomeRatio": 0.1705893025, "totalOtherIncomeExpensesNet": 3718000, "incomeBeforeTax": 251196000, "incomeBeforeTaxRatio": 0.1599032417, "incomeTaxExpense": 81343000, "netIncome": 174183000, "netIncomeRatio": 0.110879259, "eps": 1.11, "epsdiluted": 1.09, "weightedAverageShsOut": 157646000, "weightedAverageShsOutDil": 161294000, "link": "https://www.sec.gov/Archives/edgar/data/818479/000081847904000031/0000818479-04-000031-index.htm", "finalLink": "https://www.sec.gov/Archives/edgar/data/818479/000081847904000031/f102003.txt", "calculatedOtherExpenses": 3700000, "calculatedOperatingExpenses": 505218000, "calculatedNetInterest": -24205000, "calculatedOtherIncome": 7418000, "calculatedIncomeNonControlling": -4330000, "calculatedEbitda": 313644000}, {"date": "2002-12-31", "symbol": "XRAY", "reportedCurrency": "USD", "cik": "0000818479", "fillingDate": "2003-03-28", "acceptedDate": "2003-03-28 15:13:50", "calendarYear": "2002", "period": "FY", "revenue": 1513742000, "costOfRevenue": 780843000, "grossProfit": 732899000, "grossProfitRatio": 0.4841637479, "researchAndDevelopmentExpenses": 0, "generalAndAdministrativeExpenses": 479131000, "sellingAndMarketingExpenses": 0, "sellingGeneralAndAdministrativeExpenses": 479131000, "otherExpenses": 0, "operatingExpenses": 479131000, "costAndExpenses": 1259974000, "interestIncome": 0, "interestExpense": 38181000, "depreciationAndAmortization": 43859000, "ebitda": 303025000, "ebitdaratio": 0.200182726, "operatingIncome": 256500000, "operatingIncomeRatio": 0.1694476337, "totalOtherIncomeExpensesNet": -5398000, "incomeBeforeTax": 220985000, "incomeBeforeTaxRatio": 0.1459859078, "incomeTaxExpense": 73033000, "netIncome": 147952000, "netIncomeRatio": 0.0977392449, "eps": 0.95, "epsdiluted": 0.93, "weightedAverageShsOut": 156360000, "weightedAverageShsOutDil": 159988000, "link": "https://www.sec.gov/Archives/edgar/data/818479/000081847903000008/0000818479-03-000008-index.htm", "finalLink": "https://www.sec.gov/Archives/edgar/data/818479/000081847903000008/f10k.txt", "calculatedOtherExpenses": -2732000, "calculatedOperatingExpenses": 476399000, "calculatedNetInterest": -38181000, "calculatedOtherIncome": 2666000, "calculatedIncomeNonControlling": 0, "calculatedEbitda": 300359000}, {"date": "2001-12-31", "symbol": "XRAY", "reportedCurrency": "USD", "cik": "0000818479", "fillingDate": "2002-03-29", "acceptedDate": "2002-03-29 00:00:00", "calendarYear": "2001", "period": "FY", "revenue": 1129094000, "costOfRevenue": 559423000, "grossProfit": 569671000, "grossProfitRatio": 0.5045381518, "researchAndDevelopmentExpenses": 0, "generalAndAdministrativeExpenses": 386235000, "sellingAndMarketingExpenses": 0, "sellingGeneralAndAdministrativeExpenses": 386235000, "otherExpenses": 5073000, "operatingExpenses": 391308000, "costAndExpenses": 950731000, "interestIncome": 0, "interestExpense": -29029000, "depreciationAndAmortization": 54334000, "ebitda": 210432000, "ebitdaratio": 0.1863724367, "operatingIncome": 178363000, "operatingIncomeRatio": 0.1579700184, "totalOtherIncomeExpensesNet": 22265000, "incomeBeforeTax": 185127000, "incomeBeforeTaxRatio": 0.1639606623, "incomeTaxExpense": 63631000, "netIncome": 121496000, "netIncomeRatio": 0.1076048584, "eps": 0.78, "epsdiluted": 0.77, "weightedAverageShsOut": 155342000, "weightedAverageShsOutDil": 157950000, "link": "https://www.sec.gov/Archives/edgar/data/818479/000081847902000002/0000818479-02-000002-index.htm", "finalLink": "https://www.sec.gov/Archives/edgar/data/818479/000081847902000002/f10ked.txt", "calculatedOtherExpenses": 5073000, "calculatedOperatingExpenses": 391308000, "calculatedNetInterest": 29029000, "calculatedOtherIncome": -22265000, "calculatedIncomeNonControlling": 0, "calculatedEbitda": 232697000}, {"date": "2000-12-31", "symbol": "XRAY", "reportedCurrency": "USD", "cik": "0000818479", "fillingDate": "2001-03-20", "acceptedDate": "2001-03-20 00:00:00", "calendarYear": "2000", "period": "FY", "revenue": 889796000, "costOfRevenue": 384843000, "grossProfit": 504953000, "grossProfitRatio": 0.5674929984, "researchAndDevelopmentExpenses": 0, "generalAndAdministrativeExpenses": 299734000, "sellingAndMarketingExpenses": 0, "sellingGeneralAndAdministrativeExpenses": 299734000, "otherExpenses": 41359000, "operatingExpenses": 341093000, "costAndExpenses": 725936000, "interestIncome": 862000, "interestExpense": 10153000, "depreciationAndAmortization": 41359000, "ebitda": 207992000, "ebitdaratio": 0.2337524556, "operatingIncome": 163860000, "operatingIncomeRatio": 0.1841545703, "totalOtherIncomeExpensesNet": -2773000, "incomeBeforeTax": 151796000, "incomeBeforeTaxRatio": 0.1705964064, "incomeTaxExpense": 50780000, "netIncome": 101016000, "netIncomeRatio": 0.1135271455, "eps": 0.65, "epsdiluted": 0.65, "weightedAverageShsOut": 155570000, "weightedAverageShsOutDil": 157120000, "link": "https://www.sec.gov/Archives/edgar/data/818479/000081847901000004/0000818479-01-000004-index.htm", "finalLink": "https://www.sec.gov/Archives/edgar/data/818479/000081847901000004/0000818479-01-000004-0001.txt", "calculatedOtherExpenses": 41359000, "calculatedOperatingExpenses": 341093000, "calculatedNetInterest": -9291000, "calculatedOtherIncome": -2773000, "calculatedIncomeNonControlling": 0, "calculatedEbitda": 205219000}, {"date": "1999-12-31", "symbol": "XRAY", "reportedCurrency": "USD", "cik": "0000818479", "fillingDate": "2000-03-30", "acceptedDate": "2000-03-30 00:00:00", "calendarYear": "1999", "period": "FY", "revenue": 830900000, "costOfRevenue": 359300000, "grossProfit": 471600000, "grossProfitRatio": 0.5675773258, "researchAndDevelopmentExpenses": 0, "generalAndAdministrativeExpenses": 282400000, "sellingAndMarketingExpenses": 0, "sellingGeneralAndAdministrativeExpenses": 282400000, "otherExpenses": 39600000, "operatingExpenses": 322000000, "costAndExpenses": 681300000, "interestIncome": 0, "interestExpense": 8500000, "depreciationAndAmortization": 39600000, "ebitda": 186200000, "ebitdaratio": 0.2240943555, "operatingIncome": 149600000, "operatingIncomeRatio": 0.1800457335, "totalOtherIncomeExpensesNet": 3000000, "incomeBeforeTax": 138100000, "incomeBeforeTaxRatio": 0.1662053195, "incomeTaxExpense": 48200000, "netIncome": 89900000, "netIncomeRatio": 0.1081959321, "eps": 0.57, "epsdiluted": 0.56, "weightedAverageShsOut": 158262000, "weightedAverageShsOutDil": 158734000, "link": "https://www.sec.gov/Archives/edgar/data/818479/000081847900000004/0000818479-00-000004-index.html", "finalLink": "https://www.sec.gov/Archives/edgar/data/818479/000081847900000004/", "calculatedOtherExpenses": 39600000, "calculatedOperatingExpenses": 322000000, "calculatedNetInterest": -8500000, "calculatedOtherIncome": -3000000, "calculatedIncomeNonControlling": 0, "calculatedEbitda": 189200000}, {"date": "1998-12-31", "symbol": "XRAY", "reportedCurrency": "USD", "cik": "0000818479", "fillingDate": "1999-03-30", "acceptedDate": "1999-03-30 00:00:00", "calendarYear": "1998", "period": "FY", "revenue": 795100000, "costOfRevenue": 341200000, "grossProfit": 453900000, "grossProfitRatio": 0.5708715885, "researchAndDevelopmentExpenses": 0, "generalAndAdministrativeExpenses": 275100000, "sellingAndMarketingExpenses": 0, "sellingGeneralAndAdministrativeExpenses": 275100000, "otherExpenses": 37500000, "operatingExpenses": 312600000, "costAndExpenses": 653800000, "interestIncome": 0, "interestExpense": 157100000, "depreciationAndAmortization": 37500000, "ebitda": 249700000, "ebitdaratio": 0.3140485474, "operatingIncome": 141300000, "operatingIncomeRatio": 0.1777134952, "totalOtherIncomeExpensesNet": -70900000, "incomeBeforeTax": 55100000, "incomeBeforeTaxRatio": 0.0692994592, "incomeTaxExpense": 20300000, "netIncome": 34800000, "netIncomeRatio": 0.0437680795, "eps": 0.22, "epsdiluted": 0.22, "weightedAverageShsOut": 159990000, "weightedAverageShsOutDil": 160792000, "link": "https://www.sec.gov/Archives/edgar/data/818479/000081847999000003/0000818479-99-000003-index.html", "finalLink": "https://www.sec.gov/Archives/edgar/data/818479/", "calculatedOtherExpenses": 37500000, "calculatedOperatingExpenses": 312600000, "calculatedNetInterest": -157100000, "calculatedOtherIncome": 70900000, "calculatedIncomeNonControlling": 0, "calculatedEbitda": 178800000}, {"date": "1997-12-31", "symbol": "XRAY", "reportedCurrency": "USD", "cik": "0000818479", "fillingDate": "1998-03-31", "acceptedDate": "1998-03-31 00:00:00", "calendarYear": "1997", "period": "FY", "revenue": 720800000, "costOfRevenue": 319600000, "grossProfit": 401200000, "grossProfitRatio": 0.5566037736, "researchAndDevelopmentExpenses": 0, "generalAndAdministrativeExpenses": 236300000, "sellingAndMarketingExpenses": 0, "sellingGeneralAndAdministrativeExpenses": 236300000, "otherExpenses": 32400000, "operatingExpenses": 268700000, "costAndExpenses": 588300000, "interestIncome": 0, "interestExpense": 8100000, "depreciationAndAmortization": 32400000, "ebitda": 162600000, "ebitdaratio": 0.2255826859, "operatingIncome": 132500000, "operatingIncomeRatio": 0.1838235294, "totalOtherIncomeExpensesNet": 2300000, "incomeBeforeTax": 122100000, "incomeBeforeTaxRatio": 0.1693951165, "incomeTaxExpense": 47500000, "netIncome": 74600000, "netIncomeRatio": 0.1034961154, "eps": 0.46, "epsdiluted": 0.46, "weightedAverageShsOut": 161811000, "weightedAverageShsOutDil": 162687000, "link": "https://www.sec.gov/Archives/edgar/data/818479/000081847998000005/0000818479-98-000005-index.html", "finalLink": "https://www.sec.gov/Archives/edgar/data/818479/", "calculatedOtherExpenses": 32400000, "calculatedOperatingExpenses": 268700000, "calculatedNetInterest": -8100000, "calculatedOtherIncome": -2300000, "calculatedIncomeNonControlling": 0, "calculatedEbitda": 164900000}, {"date": "1996-12-31", "symbol": "XRAY", "reportedCurrency": "USD", "cik": "0000818479", "fillingDate": "1997-03-27", "acceptedDate": "1997-03-27 00:00:00", "calendarYear": "1996", "period": "FY", "revenue": 656600000, "costOfRevenue": 303800000, "grossProfit": 352800000, "grossProfitRatio": 0.5373134328, "researchAndDevelopmentExpenses": 0, "generalAndAdministrativeExpenses": 205200000, "sellingAndMarketingExpenses": 0, "sellingGeneralAndAdministrativeExpenses": 205200000, "otherExpenses": 28100000, "operatingExpenses": 233300000, "costAndExpenses": 537100000, "interestIncome": 0, "interestExpense": 6000000, "depreciationAndAmortization": 28100000, "ebitda": 145000000, "ebitdaratio": 0.2208346025, "operatingIncome": 119500000, "operatingIncomeRatio": 0.1819981724, "totalOtherIncomeExpensesNet": 2600000, "incomeBeforeTax": 110900000, "incomeBeforeTaxRatio": 0.168900396, "incomeTaxExpense": 43700000, "netIncome": 67200000, "netIncomeRatio": 0.1023454158, "eps": 0.42, "epsdiluted": 0.42, "weightedAverageShsOut": 161520000, "weightedAverageShsOutDil": 161520000, "link": "https://www.sec.gov/Archives/edgar/data/818479/000081847997000002/0000818479-97-000002-index.html", "finalLink": "https://www.sec.gov/Archives/edgar/data/818479/", "calculatedOtherExpenses": 28100000, "calculatedOperatingExpenses": 233300000, "calculatedNetInterest": -6000000, "calculatedOtherIncome": -2600000, "calculatedIncomeNonControlling": 0, "calculatedEbitda": 147600000}, {"date": "1995-12-31", "symbol": "XRAY", "reportedCurrency": "USD", "cik": "0000818479", "fillingDate": "1996-04-01", "acceptedDate": "1996-04-01 00:00:00", "calendarYear": "1995", "period": "FY", "revenue": 572000000, "costOfRevenue": 269700000, "grossProfit": 302300000, "grossProfitRatio": 0.5284965035, "researchAndDevelopmentExpenses": 0, "generalAndAdministrativeExpenses": 180100000, "sellingAndMarketingExpenses": 0, "sellingGeneralAndAdministrativeExpenses": 180100000, "otherExpenses": 21500000, "operatingExpenses": 201600000, "costAndExpenses": 471300000, "interestIncome": 0, "interestExpense": 12200000, "depreciationAndAmortization": 21500000, "ebitda": 123800000, "ebitdaratio": 0.2164335664, "operatingIncome": 100700000, "operatingIncomeRatio": 0.176048951, "totalOtherIncomeExpensesNet": -1600000, "incomeBeforeTax": 90100000, "incomeBeforeTaxRatio": 0.1575174825, "incomeTaxExpense": 36100000, "netIncome": 54000000, "netIncomeRatio": 0.0944055944, "eps": 0.33, "epsdiluted": 0.33, "weightedAverageShsOut": 162072000, "weightedAverageShsOutDil": 162191631, "link": "https://www.sec.gov/Archives/edgar/data/818479/000081847996000004/0000818479-96-000004-index.html", "finalLink": "https://www.sec.gov/Archives/edgar/data/818479/", "calculatedOtherExpenses": 21500000, "calculatedOperatingExpenses": 201600000, "calculatedNetInterest": -12200000, "calculatedOtherIncome": 1600000, "calculatedIncomeNonControlling": 0, "calculatedEbitda": 122200000}, {"date": "1994-12-31", "symbol": "XRAY", "reportedCurrency": "USD", "cik": "0000818479", "fillingDate": "1994-12-31", "acceptedDate": "1994-12-31 00:00:00", "calendarYear": "1994", "period": "FY", "revenue": 524800000, "costOfRevenue": 247000000, "grossProfit": 277800000, "grossProfitRatio": 0.5293445122, "researchAndDevelopmentExpenses": 0, "generalAndAdministrativeExpenses": 0, "sellingAndMarketingExpenses": 0, "sellingGeneralAndAdministrativeExpenses": 160300000, "otherExpenses": 20000000, "operatingExpenses": 180300000, "costAndExpenses": 427300000, "interestIncome": 0, "interestExpense": -4300000, "depreciationAndAmortization": 20000000, "ebitda": 115200000, "ebitdaratio": 0.2195121951, "operatingIncome": 97500000, "operatingIncomeRatio": 0.185785061, "totalOtherIncomeExpensesNet": 2300000, "incomeBeforeTax": 91600000, "incomeBeforeTaxRatio": 0.1745426829, "incomeTaxExpense": 37500000, "netIncome": 62000000, "netIncomeRatio": 0.1181402439, "eps": 0.37, "epsdiluted": 0.37, "weightedAverageShsOut": 165988434, "weightedAverageShsOutDil": 165988434, "link": null, "finalLink": null, "calculatedOtherExpenses": 20000000, "calculatedOperatingExpenses": 180300000, "calculatedNetInterest": 4300000, "calculatedOtherIncome": -10200000, "calculatedIncomeNonControlling": -7900000, "calculatedEbitda": 117500000}, {"date": "1993-12-31", "symbol": "XRAY", "reportedCurrency": "USD", "cik": "0000818479", "fillingDate": "1993-12-31", "acceptedDate": "1993-12-31 00:00:00", "calendarYear": "1993", "period": "FY", "revenue": 552600000, "costOfRevenue": 274000000, "grossProfit": 278600000, "grossProfitRatio": 0.5041621426, "researchAndDevelopmentExpenses": 0, "generalAndAdministrativeExpenses": 0, "sellingAndMarketingExpenses": 0, "sellingGeneralAndAdministrativeExpenses": 180000000, "otherExpenses": 19800000, "operatingExpenses": 199800000, "costAndExpenses": 473800000, "interestIncome": 0, "interestExpense": 39200000, "depreciationAndAmortization": 19800000, "ebitda": 100800000, "ebitdaratio": 0.1824104235, "operatingIncome": 78800000, "operatingIncomeRatio": 0.1425986247, "totalOtherIncomeExpensesNet": -2200000, "incomeBeforeTax": 55800000, "incomeBeforeTaxRatio": 0.1009771987, "incomeTaxExpense": 27700000, "netIncome": 14100000, "netIncomeRatio": 0.0255157438, "eps": 0.0934, "epsdiluted": 0.09, "weightedAverageShsOut": 150995931, "weightedAverageShsOutDil": 156588372, "link": null, "finalLink": null, "calculatedOtherExpenses": 19800000, "calculatedOperatingExpenses": 199800000, "calculatedNetInterest": -39200000, "calculatedOtherIncome": 16200000, "calculatedIncomeNonControlling": 14000000, "calculatedEbitda": 98600000}, {"date": "1992-12-31", "symbol": "XRAY", "reportedCurrency": "USD", "cik": "0000818479", "fillingDate": "1992-03-31", "acceptedDate": "1992-03-31 00:00:00", "calendarYear": "1992", "period": "FY", "revenue": 84600000, "costOfRevenue": 52300000, "grossProfit": 32300000, "grossProfitRatio": 0.3817966903, "researchAndDevelopmentExpenses": 0, "generalAndAdministrativeExpenses": 0, "sellingAndMarketingExpenses": 0, "sellingGeneralAndAdministrativeExpenses": 16700000, "otherExpenses": 3000000, "operatingExpenses": 19700000, "costAndExpenses": 72000000, "interestIncome": 0, "interestExpense": 3800000, "depreciationAndAmortization": 3000000, "ebitda": 15900000, "ebitdaratio": 0.1879432624, "operatingIncome": 12600000, "operatingIncomeRatio": 0.1489361702, "totalOtherIncomeExpensesNet": -300000, "incomeBeforeTax": 9100000, "incomeBeforeTaxRatio": 0.1075650118, "incomeTaxExpense": 3800000, "netIncome": 5300000, "netIncomeRatio": 0.0626477541, "eps": 0.1, "epsdiluted": 0.1, "weightedAverageShsOut": 52973513, "weightedAverageShsOutDil": 52973513, "link": null, "finalLink": null, "calculatedOtherExpenses": 3000000, "calculatedOperatingExpenses": 19700000, "calculatedNetInterest": -3800000, "calculatedOtherIncome": 300000, "calculatedIncomeNonControlling": 0, "calculatedEbitda": 15600000}, {"date": "1991-03-31", "symbol": "XRAY", "reportedCurrency": "USD", "cik": "0000818479", "fillingDate": "1991-03-31", "acceptedDate": "1991-03-31 00:00:00", "calendarYear": "1991", "period": "FY", "revenue": 54500000, "costOfRevenue": 33700000, "grossProfit": 20800000, "grossProfitRatio": 0.3816513761, "researchAndDevelopmentExpenses": 0, "generalAndAdministrativeExpenses": 0, "sellingAndMarketingExpenses": 0, "sellingGeneralAndAdministrativeExpenses": 10500000, "otherExpenses": 2400000, "operatingExpenses": 12900000, "costAndExpenses": 46600000, "interestIncome": 0, "interestExpense": 2800000, "depreciationAndAmortization": 2400000, "ebitda": 10200000, "ebitdaratio": 0.1871559633, "operatingIncome": 7900000, "operatingIncomeRatio": 0.1449541284, "totalOtherIncomeExpensesNet": 100000, "incomeBeforeTax": 5000000, "incomeBeforeTaxRatio": 0.0917431193, "incomeTaxExpense": 2100000, "netIncome": 2900000, "netIncomeRatio": 0.0532110092, "eps": 0.0667, "epsdiluted": 0.0667, "weightedAverageShsOut": 43478261, "weightedAverageShsOutDil": 43478261, "link": null, "finalLink": null, "calculatedOtherExpenses": 2400000, "calculatedOperatingExpenses": 12900000, "calculatedNetInterest": -2800000, "calculatedOtherIncome": -100000, "calculatedIncomeNonControlling": 0, "calculatedEbitda": 10300000}, {"date": "1990-03-31", "symbol": "XRAY", "reportedCurrency": "USD", "cik": "0000818479", "fillingDate": "1990-03-31", "acceptedDate": "1990-03-31 00:00:00", "calendarYear": "1990", "period": "FY", "revenue": 29400000, "costOfRevenue": 18000000, "grossProfit": 11400000, "grossProfitRatio": 0.387755102, "researchAndDevelopmentExpenses": 0, "generalAndAdministrativeExpenses": 0, "sellingAndMarketingExpenses": 0, "sellingGeneralAndAdministrativeExpenses": 5500000, "otherExpenses": 1200000, "operatingExpenses": 6700000, "costAndExpenses": 24700000, "interestIncome": 0, "interestExpense": 800000, "depreciationAndAmortization": 1200000, "ebitda": 5900000, "ebitdaratio": 0.2006802721, "operatingIncome": 4700000, "operatingIncomeRatio": 0.1598639456, "totalOtherIncomeExpensesNet": -800000, "incomeBeforeTax": 3900000, "incomeBeforeTaxRatio": 0.1326530612, "incomeTaxExpense": 1500000, "netIncome": 2400000, "netIncomeRatio": 0.0816326531, "eps": 0.07, "epsdiluted": 0.07, "weightedAverageShsOut": 34268580, "weightedAverageShsOutDil": 34268580, "link": null, "finalLink": null, "calculatedOtherExpenses": 1200000, "calculatedOperatingExpenses": 6700000, "calculatedNetInterest": -800000, "calculatedOtherIncome": 0, "calculatedIncomeNonControlling": 0, "calculatedEbitda": 5900000}, {"date": "1989-03-31", "symbol": "XRAY", "reportedCurrency": "USD", "cik": "0000818479", "fillingDate": "1989-03-31", "acceptedDate": "1989-03-31 00:00:00", "calendarYear": "1989", "period": "FY", "revenue": 18600000, "costOfRevenue": 11500000, "grossProfit": 7100000, "grossProfitRatio": 0.3817204301, "researchAndDevelopmentExpenses": 0, "generalAndAdministrativeExpenses": 0, "sellingAndMarketingExpenses": 0, "sellingGeneralAndAdministrativeExpenses": 3900000, "otherExpenses": 500000, "operatingExpenses": 4400000, "costAndExpenses": 15900000, "interestIncome": 0, "interestExpense": -100000, "depreciationAndAmortization": 500000, "ebitda": 3100000, "ebitdaratio": 0.1666666667, "operatingIncome": 2700000, "operatingIncomeRatio": 0.1451612903, "totalOtherIncomeExpensesNet": 100000, "incomeBeforeTax": 2700000, "incomeBeforeTaxRatio": 0.1451612903, "incomeTaxExpense": 1000000, "netIncome": 1700000, "netIncomeRatio": 0.0913978495, "eps": 0.05, "epsdiluted": 0.05, "weightedAverageShsOut": 33983008, "weightedAverageShsOutDil": 33983008, "link": null, "finalLink": null, "calculatedOtherExpenses": 500000, "calculatedOperatingExpenses": 4400000, "calculatedNetInterest": 100000, "calculatedOtherIncome": -100000, "calculatedIncomeNonControlling": 0, "calculatedEbitda": 3200000}, {"date": "1988-03-31", "symbol": "XRAY", "reportedCurrency": "USD", "cik": "0000818479", "fillingDate": "1988-03-31", "acceptedDate": "1988-03-31 00:00:00", "calendarYear": "1988", "period": "FY", "revenue": 16200000, "costOfRevenue": 9900000, "grossProfit": 6300000, "grossProfitRatio": 0.3888888889, "researchAndDevelopmentExpenses": 0, "generalAndAdministrativeExpenses": 0, "sellingAndMarketingExpenses": 0, "sellingGeneralAndAdministrativeExpenses": 3400000, "otherExpenses": 500000, "operatingExpenses": 3900000, "costAndExpenses": 13800000, "interestIncome": 0, "interestExpense": 200000, "depreciationAndAmortization": 500000, "ebitda": 2900000, "ebitdaratio": 0.1790123457, "operatingIncome": 2400000, "operatingIncomeRatio": 0.1481481481, "totalOtherIncomeExpensesNet": -200000, "incomeBeforeTax": 2200000, "incomeBeforeTaxRatio": 0.1358024691, "incomeTaxExpense": 900000, "netIncome": 1300000, "netIncomeRatio": 0.0802469136, "eps": 0.0434, "epsdiluted": 0.0434, "weightedAverageShsOut": 29985007, "weightedAverageShsOutDil": 29985007, "link": null, "finalLink": null, "calculatedOtherExpenses": 500000, "calculatedOperatingExpenses": 3900000, "calculatedNetInterest": -200000, "calculatedOtherIncome": 0, "calculatedIncomeNonControlling": 0, "calculatedEbitda": 2900000}, {"date": "1987-03-31", "symbol": "XRAY", "reportedCurrency": "USD", "cik": "0000818479", "fillingDate": "1987-03-31", "acceptedDate": "1987-03-31 00:00:00", "calendarYear": "1987", "period": "FY", "revenue": 12700000, "costOfRevenue": 8000000, "grossProfit": 4700000, "grossProfitRatio": 0.3700787402, "researchAndDevelopmentExpenses": 0, "generalAndAdministrativeExpenses": 0, "sellingAndMarketingExpenses": 0, "sellingGeneralAndAdministrativeExpenses": 2900000, "otherExpenses": 400000, "operatingExpenses": 3300000, "costAndExpenses": 11300000, "interestIncome": 0, "interestExpense": 400000, "depreciationAndAmortization": 400000, "ebitda": 1800000, "ebitdaratio": 0.1417322835, "operatingIncome": 1400000, "operatingIncomeRatio": 0.1102362205, "totalOtherIncomeExpensesNet": 100000, "incomeBeforeTax": 1100000, "incomeBeforeTaxRatio": 0.0866141732, "incomeTaxExpense": 300000, "netIncome": 800000, "netIncomeRatio": 0.062992126, "eps": 0.0233, "epsdiluted": 0.0233, "weightedAverageShsOut": 34268580, "weightedAverageShsOutDil": 34268580, "link": null, "finalLink": null, "calculatedOtherExpenses": 400000, "calculatedOperatingExpenses": 3300000, "calculatedNetInterest": -400000, "calculatedOtherIncome": 100000, "calculatedIncomeNonControlling": 0, "calculatedEbitda": 1800000}, {"date": "1986-03-31", "symbol": "XRAY", "reportedCurrency": "USD", "cik": "0000818479", "fillingDate": "1986-03-31", "acceptedDate": "1986-03-31 00:00:00", "calendarYear": "1986", "period": "FY", "revenue": 10300000, "costOfRevenue": 7000000, "grossProfit": 3300000, "grossProfitRatio": 0.3203883495, "researchAndDevelopmentExpenses": 0, "generalAndAdministrativeExpenses": 0, "sellingAndMarketingExpenses": 0, "sellingGeneralAndAdministrativeExpenses": 2300000, "otherExpenses": 400000, "operatingExpenses": 2700000, "costAndExpenses": 9700000, "interestIncome": 0, "interestExpense": 0, "depreciationAndAmortization": 400000, "ebitda": 1000000, "ebitdaratio": 0.0970873786, "operatingIncome": 600000, "operatingIncomeRatio": 0.0582524272, "totalOtherIncomeExpensesNet": 0, "incomeBeforeTax": 0, "incomeBeforeTaxRatio": 0, "incomeTaxExpense": 500000, "netIncome": 100000, "netIncomeRatio": 0.0097087379, "eps": 0.0033, "epsdiluted": 0.0033, "weightedAverageShsOut": 29985007, "weightedAverageShsOutDil": 29985007, "link": null, "finalLink": null, "calculatedOtherExpenses": 400000, "calculatedOperatingExpenses": 2700000, "calculatedNetInterest": 0, "calculatedOtherIncome": -600000, "calculatedIncomeNonControlling": -600000, "calculatedEbitda": 1000000}]}