{"originalCurrency": "USD", "convertedCurrency": "USD", "report": [{"date": "2023-12-31", "symbol": "XYL", "reportedCurrency": "USD", "cik": "0001524472", "fillingDate": "2024-02-28", "acceptedDate": "2024-02-28 14:28:06", "calendarYear": "2023", "period": "FY", "revenue": 7367000000, "costOfRevenue": 4643000000, "grossProfit": 2724000000, "grossProfitRatio": 0.3697570246, "researchAndDevelopmentExpenses": 232000000, "generalAndAdministrativeExpenses": 1757000000, "sellingAndMarketingExpenses": 0, "sellingGeneralAndAdministrativeExpenses": 1757000000, "otherExpenses": 5000000, "operatingExpenses": 1989000000, "costAndExpenses": 6632000000, "interestIncome": 28000000, "interestExpense": 79000000, "depreciationAndAmortization": 436000000, "ebitda": 1171000000, "ebitdaratio": 0.1589520836, "operatingIncome": 735000000, "operatingIncomeRatio": 0.0997692412, "totalOtherIncomeExpensesNet": -100000000, "incomeBeforeTax": 635000000, "incomeBeforeTaxRatio": 0.0861951948, "incomeTaxExpense": 26000000, "netIncome": 609000000, "netIncomeRatio": 0.0826659427, "eps": 2.81, "epsdiluted": 2.79, "weightedAverageShsOut": 217012000, "weightedAverageShsOutDil": 218180000, "link": "https://www.sec.gov/Archives/edgar/data/1524472/000152447224000006/0001524472-24-000006-index.htm", "finalLink": "https://www.sec.gov/Archives/edgar/data/1524472/000152447224000006/xyl-20231231.htm", "calculatedOtherExpenses": 0, "calculatedOperatingExpenses": 1989000000, "calculatedNetInterest": -51000000, "calculatedOtherIncome": -49000000, "calculatedIncomeNonControlling": 0, "calculatedEbitda": 1171000000}, {"date": "2022-12-31", "symbol": "XYL", "reportedCurrency": "USD", "cik": "0001524472", "fillingDate": "2023-02-24", "acceptedDate": "2023-02-24 13:13:40", "calendarYear": "2022", "period": "FY", "revenue": 5522000000, "costOfRevenue": 3438000000, "grossProfit": 2084000000, "grossProfitRatio": 0.3773994929, "researchAndDevelopmentExpenses": 206000000, "generalAndAdministrativeExpenses": 1367000000, "sellingAndMarketingExpenses": -140000000, "sellingGeneralAndAdministrativeExpenses": 1227000000, "otherExpenses": -133000000, "operatingExpenses": 1433000000, "costAndExpenses": 4871000000, "interestIncome": 16000000, "interestExpense": 50000000, "depreciationAndAmortization": 132000000, "ebitda": 754000000, "ebitdaratio": 0.1365447302, "operatingIncome": 622000000, "operatingIncomeRatio": 0.1126403477, "totalOtherIncomeExpensesNet": -182000000, "incomeBeforeTax": 440000000, "incomeBeforeTaxRatio": 0.0796812749, "incomeTaxExpense": 85000000, "netIncome": 355000000, "netIncomeRatio": 0.0642883013, "eps": 1.97, "epsdiluted": 1.96, "weightedAverageShsOut": 180217000, "weightedAverageShsOutDil": 180979000, "link": "https://www.sec.gov/Archives/edgar/data/1524472/000152447223000009/0001524472-23-000009-index.htm", "finalLink": "https://www.sec.gov/Archives/edgar/data/1524472/000152447223000009/xyl-20221231.htm", "calculatedOtherExpenses": 29000000, "calculatedOperatingExpenses": 1462000000, "calculatedNetInterest": -34000000, "calculatedOtherIncome": -148000000, "calculatedIncomeNonControlling": 0, "calculatedEbitda": 754000000}, {"date": "2021-12-31", "symbol": "XYL", "reportedCurrency": "USD", "cik": "0001524472", "fillingDate": "2022-02-25", "acceptedDate": "2022-02-25 13:43:00", "calendarYear": "2021", "period": "FY", "revenue": 5195000000, "costOfRevenue": 3220000000, "grossProfit": 1975000000, "grossProfitRatio": 0.3801732435, "researchAndDevelopmentExpenses": 204000000, "generalAndAdministrativeExpenses": 1179000000, "sellingAndMarketingExpenses": 0, "sellingGeneralAndAdministrativeExpenses": 1179000000, "otherExpenses": -16000000, "operatingExpenses": 1383000000, "costAndExpenses": 4603000000, "interestIncome": 7000000, "interestExpense": 76000000, "depreciationAndAmortization": 252000000, "ebitda": 837000000, "ebitdaratio": 0.1611164581, "operatingIncome": 585000000, "operatingIncomeRatio": 0.1126082772, "totalOtherIncomeExpensesNet": -74000000, "incomeBeforeTax": 511000000, "incomeBeforeTaxRatio": 0.0983638114, "incomeTaxExpense": 84000000, "netIncome": 427000000, "netIncomeRatio": 0.0821944177, "eps": 2.37, "epsdiluted": 2.35, "weightedAverageShsOut": 180247000, "weightedAverageShsOutDil": 181526000, "link": "https://www.sec.gov/Archives/edgar/data/1524472/000152447222000009/0001524472-22-000009-index.htm", "finalLink": "https://www.sec.gov/Archives/edgar/data/1524472/000152447222000009/xyl-20211231.htm", "calculatedOtherExpenses": 7000000, "calculatedOperatingExpenses": 1390000000, "calculatedNetInterest": -69000000, "calculatedOtherIncome": -5000000, "calculatedIncomeNonControlling": 0, "calculatedEbitda": 837000000}, {"date": "2020-12-31", "symbol": "XYL", "reportedCurrency": "USD", "cik": "0001524472", "fillingDate": "2021-02-26", "acceptedDate": "2021-02-26 14:41:14", "calendarYear": "2020", "period": "FY", "revenue": 4876000000, "costOfRevenue": 3046000000, "grossProfit": 1830000000, "grossProfitRatio": 0.3753076292, "researchAndDevelopmentExpenses": 187000000, "generalAndAdministrativeExpenses": 1143000000, "sellingAndMarketingExpenses": 0, "sellingGeneralAndAdministrativeExpenses": 1143000000, "otherExpenses": -5000000, "operatingExpenses": 1330000000, "costAndExpenses": 4376000000, "interestIncome": 7000000, "interestExpense": 77000000, "depreciationAndAmortization": 251000000, "ebitda": 746000000, "ebitdaratio": 0.1529942576, "operatingIncome": 495000000, "operatingIncomeRatio": 0.1015176374, "totalOtherIncomeExpensesNet": -210000000, "incomeBeforeTax": 285000000, "incomeBeforeTaxRatio": 0.0584495488, "incomeTaxExpense": 31000000, "netIncome": 254000000, "netIncomeRatio": 0.0520918786, "eps": 1.41, "epsdiluted": 1.4, "weightedAverageShsOut": 180116000, "weightedAverageShsOutDil": 181099000, "link": "https://www.sec.gov/Archives/edgar/data/1524472/000152447221000008/0001524472-21-000008-index.htm", "finalLink": "https://www.sec.gov/Archives/edgar/data/1524472/000152447221000008/xyl-20201231.htm", "calculatedOtherExpenses": 5000000, "calculatedOperatingExpenses": 1335000000, "calculatedNetInterest": -70000000, "calculatedOtherIncome": -140000000, "calculatedIncomeNonControlling": 0, "calculatedEbitda": 746000000}, {"date": "2019-12-31", "symbol": "XYL", "reportedCurrency": "USD", "cik": "0001524472", "fillingDate": "2020-02-28", "acceptedDate": "2020-02-28 12:33:04", "calendarYear": "2019", "period": "FY", "revenue": 5249000000, "costOfRevenue": 3203000000, "grossProfit": 2046000000, "grossProfitRatio": 0.3897885311, "researchAndDevelopmentExpenses": 191000000, "generalAndAdministrativeExpenses": 1158000000, "sellingAndMarketingExpenses": 0, "sellingGeneralAndAdministrativeExpenses": 1158000000, "otherExpenses": -4000000, "operatingExpenses": 1349000000, "costAndExpenses": 4552000000, "interestIncome": 5000000, "interestExpense": 67000000, "depreciationAndAmortization": 257000000, "ebitda": 950000000, "ebitdaratio": 0.1809868546, "operatingIncome": 693000000, "operatingIncomeRatio": 0.1320251476, "totalOtherIncomeExpensesNet": -277000000, "incomeBeforeTax": 416000000, "incomeBeforeTaxRatio": 0.0792531911, "incomeTaxExpense": 15000000, "netIncome": 401000000, "netIncomeRatio": 0.0763955039, "eps": 2.23, "epsdiluted": 2.21, "weightedAverageShsOut": 179987000, "weightedAverageShsOutDil": 181196000, "link": "https://www.sec.gov/Archives/edgar/data/1524472/000152447220000006/0001524472-20-000006-index.htm", "finalLink": "https://www.sec.gov/Archives/edgar/data/1524472/000152447220000006/xyl1231201910kv1.htm", "calculatedOtherExpenses": 4000000, "calculatedOperatingExpenses": 1353000000, "calculatedNetInterest": -62000000, "calculatedOtherIncome": -215000000, "calculatedIncomeNonControlling": 0, "calculatedEbitda": 950000000}, {"date": "2018-12-31", "symbol": "XYL", "reportedCurrency": "USD", "cik": "0001524472", "fillingDate": "2019-02-22", "acceptedDate": "2019-02-22 10:34:01", "calendarYear": "2018", "period": "FY", "revenue": 5207000000, "costOfRevenue": 3181000000, "grossProfit": 2026000000, "grossProfitRatio": 0.3890916075, "researchAndDevelopmentExpenses": 189000000, "generalAndAdministrativeExpenses": 0, "sellingAndMarketingExpenses": 0, "sellingGeneralAndAdministrativeExpenses": 1161000000, "otherExpenses": 13000000, "operatingExpenses": 1350000000, "costAndExpenses": 4531000000, "interestIncome": 4000000, "interestExpense": 82000000, "depreciationAndAmortization": 261000000, "ebitda": 950000000, "ebitdaratio": 0.1824467064, "operatingIncome": 654000000, "operatingIncomeRatio": 0.1256001536, "totalOtherIncomeExpensesNet": -9000000, "incomeBeforeTax": 585000000, "incomeBeforeTaxRatio": 0.1123487613, "incomeTaxExpense": 36000000, "netIncome": 549000000, "netIncomeRatio": 0.1054349914, "eps": 3.05, "epsdiluted": 3.03, "weightedAverageShsOut": 179800000, "weightedAverageShsOutDil": 181100000, "link": "https://www.sec.gov/Archives/edgar/data/1524472/000152447219000009/0001524472-19-000009-index.htm", "finalLink": "https://www.sec.gov/Archives/edgar/data/1524472/000152447219000009/xyl1231201810k.htm", "calculatedOtherExpenses": 22000000, "calculatedOperatingExpenses": 1372000000, "calculatedNetInterest": -78000000, "calculatedOtherIncome": 9000000, "calculatedIncomeNonControlling": 0, "calculatedEbitda": 915000000}, {"date": "2017-12-31", "symbol": "XYL", "reportedCurrency": "USD", "cik": "0001524472", "fillingDate": "2018-02-23", "acceptedDate": "2018-02-23 12:53:26", "calendarYear": "2017", "period": "FY", "revenue": 4707000000, "costOfRevenue": 2856000000, "grossProfit": 1851000000, "grossProfitRatio": 0.3932441045, "researchAndDevelopmentExpenses": 180000000, "generalAndAdministrativeExpenses": 0, "sellingAndMarketingExpenses": 0, "sellingGeneralAndAdministrativeExpenses": 1090000000, "otherExpenses": 2000000, "operatingExpenses": 1270000000, "costAndExpenses": 4126000000, "interestIncome": 3000000, "interestExpense": 82000000, "depreciationAndAmortization": 234000000, "ebitda": 817000000, "ebitdaratio": 0.1735712768, "operatingIncome": 556000000, "operatingIncomeRatio": 0.118121946, "totalOtherIncomeExpensesNet": -33000000, "incomeBeforeTax": 466000000, "incomeBeforeTaxRatio": 0.0990014871, "incomeTaxExpense": 136000000, "netIncome": 331000000, "netIncomeRatio": 0.0703207988, "eps": 1.84, "epsdiluted": 1.83, "weightedAverageShsOut": 179600000, "weightedAverageShsOutDil": 180900000, "link": "https://www.sec.gov/Archives/edgar/data/1524472/000152447218000006/0001524472-18-000006-index.htm", "finalLink": "https://www.sec.gov/Archives/edgar/data/1524472/000152447218000006/xyl1231201710k.htm", "calculatedOtherExpenses": 25000000, "calculatedOperatingExpenses": 1295000000, "calculatedNetInterest": -79000000, "calculatedOtherIncome": -11000000, "calculatedIncomeNonControlling": -1000000, "calculatedEbitda": 790000000}, {"date": "2016-12-31", "symbol": "XYL", "reportedCurrency": "USD", "cik": "0001524472", "fillingDate": "2017-02-23", "acceptedDate": "2017-02-23 11:50:48", "calendarYear": "2016", "period": "FY", "revenue": 3771000000, "costOfRevenue": 2310000000, "grossProfit": 1461000000, "grossProfitRatio": 0.3874303898, "researchAndDevelopmentExpenses": 110000000, "generalAndAdministrativeExpenses": 0, "sellingAndMarketingExpenses": 0, "sellingGeneralAndAdministrativeExpenses": 915000000, "otherExpenses": 4000000, "operatingExpenses": 1025000000, "costAndExpenses": 3335000000, "interestIncome": 2000000, "interestExpense": 70000000, "depreciationAndAmortization": 151000000, "ebitda": 591000000, "ebitdaratio": 0.1567223548, "operatingIncome": 406000000, "operatingIncomeRatio": 0.1076637497, "totalOtherIncomeExpensesNet": -26000000, "incomeBeforeTax": 340000000, "incomeBeforeTaxRatio": 0.0901617608, "incomeTaxExpense": 80000000, "netIncome": 260000000, "netIncomeRatio": 0.0689472289, "eps": 1.45, "epsdiluted": 1.45, "weightedAverageShsOut": 179100000, "weightedAverageShsOutDil": 180000000, "link": "https://www.sec.gov/Archives/edgar/data/1524472/000152447217000008/0001524472-17-000008-index.htm", "finalLink": "https://www.sec.gov/Archives/edgar/data/1524472/000152447217000008/xyl1231201610k.htm", "calculatedOtherExpenses": 30000000, "calculatedOperatingExpenses": 1055000000, "calculatedNetInterest": -68000000, "calculatedOtherIncome": 2000000, "calculatedIncomeNonControlling": 0, "calculatedEbitda": 557000000}, {"date": "2015-12-31", "symbol": "XYL", "reportedCurrency": "USD", "cik": "0001524472", "fillingDate": "2016-02-26", "acceptedDate": "2016-02-26 11:19:24", "calendarYear": "2015", "period": "FY", "revenue": 3653000000, "costOfRevenue": 2249000000, "grossProfit": 1404000000, "grossProfitRatio": 0.384341637, "researchAndDevelopmentExpenses": 95000000, "generalAndAdministrativeExpenses": 0, "sellingAndMarketingExpenses": 0, "sellingGeneralAndAdministrativeExpenses": 854000000, "otherExpenses": -5000000, "operatingExpenses": 949000000, "costAndExpenses": 3198000000, "interestIncome": 2000000, "interestExpense": 55000000, "depreciationAndAmortization": 133000000, "ebitda": 588000000, "ebitdaratio": 0.1609635916, "operatingIncome": 449000000, "operatingIncomeRatio": 0.1229126745, "totalOtherIncomeExpensesNet": 3000000, "incomeBeforeTax": 403000000, "incomeBeforeTaxRatio": 0.1103202847, "incomeTaxExpense": 63000000, "netIncome": 340000000, "netIncomeRatio": 0.0930741856, "eps": 1.88, "epsdiluted": 1.87, "weightedAverageShsOut": 180900000, "weightedAverageShsOutDil": 181700000, "link": "https://www.sec.gov/Archives/edgar/data/1524472/000152447216000027/0001524472-16-000027-index.htm", "finalLink": "https://www.sec.gov/Archives/edgar/data/1524472/000152447216000027/xyl1231201510k.htm", "calculatedOtherExpenses": 6000000, "calculatedOperatingExpenses": 955000000, "calculatedNetInterest": -53000000, "calculatedOtherIncome": 7000000, "calculatedIncomeNonControlling": 0, "calculatedEbitda": 582000000}, {"date": "2014-12-31", "symbol": "XYL", "reportedCurrency": "USD", "cik": "0001524472", "fillingDate": "2015-02-26", "acceptedDate": "2015-02-26 11:33:26", "calendarYear": "2014", "period": "FY", "revenue": 3916000000, "costOfRevenue": 2403000000, "grossProfit": 1513000000, "grossProfitRatio": 0.3863636364, "researchAndDevelopmentExpenses": 104000000, "generalAndAdministrativeExpenses": 0, "sellingAndMarketingExpenses": 0, "sellingGeneralAndAdministrativeExpenses": 920000000, "otherExpenses": 1000000, "operatingExpenses": 1024000000, "costAndExpenses": 3427000000, "interestIncome": 2000000, "interestExpense": 54000000, "depreciationAndAmortization": 142000000, "ebitda": 632000000, "ebitdaratio": 0.1613891726, "operatingIncome": 463000000, "operatingIncomeRatio": 0.1182328907, "totalOtherIncomeExpensesNet": -14000000, "incomeBeforeTax": 421000000, "incomeBeforeTaxRatio": 0.1075076609, "incomeTaxExpense": 84000000, "netIncome": 337000000, "netIncomeRatio": 0.0860572012, "eps": 1.84, "epsdiluted": 1.83, "weightedAverageShsOut": 183100000, "weightedAverageShsOutDil": 184200000, "link": "https://www.sec.gov/Archives/edgar/data/1524472/000152447215000006/0001524472-15-000006-index.htm", "finalLink": "https://www.sec.gov/Archives/edgar/data/1524472/000152447215000006/xyl1231201410k.htm", "calculatedOtherExpenses": 26000000, "calculatedOperatingExpenses": 1050000000, "calculatedNetInterest": -52000000, "calculatedOtherIncome": 10000000, "calculatedIncomeNonControlling": 0, "calculatedEbitda": 605000000}, {"date": "2013-12-31", "symbol": "XYL", "reportedCurrency": "USD", "cik": "0001524472", "fillingDate": "2014-02-27", "acceptedDate": "2014-02-27 11:58:31", "calendarYear": "2013", "period": "FY", "revenue": 3837000000, "costOfRevenue": 2338000000, "grossProfit": 1499000000, "grossProfitRatio": 0.3906697941, "researchAndDevelopmentExpenses": 104000000, "generalAndAdministrativeExpenses": 0, "sellingAndMarketingExpenses": 0, "sellingGeneralAndAdministrativeExpenses": 986000000, "otherExpenses": -10000000, "operatingExpenses": 1090000000, "costAndExpenses": 3428000000, "interestIncome": 3000000, "interestExpense": 55000000, "depreciationAndAmortization": 150000000, "ebitda": 549000000, "ebitdaratio": 0.1430805317, "operatingIncome": 363000000, "operatingIncomeRatio": 0.0946051603, "totalOtherIncomeExpensesNet": -56000000, "incomeBeforeTax": 298000000, "incomeBeforeTaxRatio": 0.0776648423, "incomeTaxExpense": 70000000, "netIncome": 228000000, "netIncomeRatio": 0.059421423, "eps": 1.23, "epsdiluted": 1.22, "weightedAverageShsOut": 185200000, "weightedAverageShsOutDil": 186000000, "link": "https://www.sec.gov/Archives/edgar/data/1524472/000152447214000004/0001524472-14-000004-index.htm", "finalLink": "https://www.sec.gov/Archives/edgar/data/1524472/000152447214000004/xyl1231201310k.htm", "calculatedOtherExpenses": 46000000, "calculatedOperatingExpenses": 1136000000, "calculatedNetInterest": -52000000, "calculatedOtherIncome": -13000000, "calculatedIncomeNonControlling": 0, "calculatedEbitda": 513000000}, {"date": "2012-12-31", "symbol": "XYL", "reportedCurrency": "USD", "cik": "0001524472", "fillingDate": "2013-02-25", "acceptedDate": "2013-02-25 17:26:08", "calendarYear": "2012", "period": "FY", "revenue": 3791000000, "costOfRevenue": 2289000000, "grossProfit": 1502000000, "grossProfitRatio": 0.3962015299, "researchAndDevelopmentExpenses": 106000000, "generalAndAdministrativeExpenses": 0, "sellingAndMarketingExpenses": 0, "sellingGeneralAndAdministrativeExpenses": 914000000, "otherExpenses": -8000000, "operatingExpenses": 1020000000, "costAndExpenses": 3309000000, "interestIncome": 4000000, "interestExpense": 55000000, "depreciationAndAmortization": 142000000, "ebitda": 624000000, "ebitdaratio": 0.1646003693, "operatingIncome": 443000000, "operatingIncomeRatio": 0.1168557109, "totalOtherIncomeExpensesNet": -39000000, "incomeBeforeTax": 388000000, "incomeBeforeTaxRatio": 0.1023476655, "incomeTaxExpense": 91000000, "netIncome": 297000000, "netIncomeRatio": 0.078343445, "eps": 1.6, "epsdiluted": 1.59, "weightedAverageShsOut": 185800000, "weightedAverageShsOutDil": 186200000, "link": "https://www.sec.gov/Archives/edgar/data/1524472/000152447213000003/0001524472-13-000003-index.htm", "finalLink": "https://www.sec.gov/Archives/edgar/data/1524472/000152447213000003/xyl1231201210k.htm", "calculatedOtherExpenses": 39000000, "calculatedOperatingExpenses": 1059000000, "calculatedNetInterest": -51000000, "calculatedOtherIncome": -4000000, "calculatedIncomeNonControlling": 0, "calculatedEbitda": 585000000}, {"date": "2011-12-31", "symbol": "XYL", "reportedCurrency": "USD", "cik": "0001524472", "fillingDate": "2012-02-28", "acceptedDate": "2012-02-28 14:43:15", "calendarYear": "2011", "period": "FY", "revenue": 3803000000, "costOfRevenue": 2342000000, "grossProfit": 1461000000, "grossProfitRatio": 0.3841703918, "researchAndDevelopmentExpenses": 100000000, "generalAndAdministrativeExpenses": 0, "sellingAndMarketingExpenses": 0, "sellingGeneralAndAdministrativeExpenses": 964000000, "otherExpenses": 0, "operatingExpenses": 1064000000, "costAndExpenses": 3406000000, "interestIncome": 3000000, "interestExpense": 17000000, "depreciationAndAmortization": 137000000, "ebitda": 541000000, "ebitdaratio": 0.1422561136, "operatingIncome": 395000000, "operatingIncomeRatio": 0.1038653694, "totalOtherIncomeExpensesNet": -12000000, "incomeBeforeTax": 383000000, "incomeBeforeTaxRatio": 0.1007099658, "incomeTaxExpense": 104000000, "netIncome": 279000000, "netIncomeRatio": 0.0733631344, "eps": 1.51, "epsdiluted": 1.5, "weightedAverageShsOut": 185100000, "weightedAverageShsOutDil": 185300000, "link": "https://www.sec.gov/Archives/edgar/data/1524472/000119312512084766/0001193125-12-084766-index.htm", "finalLink": "https://www.sec.gov/Archives/edgar/data/1524472/000119312512084766/d267556d10k.htm", "calculatedOtherExpenses": 2000000, "calculatedOperatingExpenses": 1066000000, "calculatedNetInterest": -14000000, "calculatedOtherIncome": 2000000, "calculatedIncomeNonControlling": 0, "calculatedEbitda": 532000000}, {"date": "2010-12-31", "symbol": "XYL", "reportedCurrency": "USD", "cik": "0001524472", "fillingDate": "2010-12-31", "acceptedDate": "2010-12-30 19:00:00", "calendarYear": "2010", "period": "FY", "revenue": 3202000000, "costOfRevenue": 1988000000, "grossProfit": 1214000000, "grossProfitRatio": 0.3791380387, "researchAndDevelopmentExpenses": 74000000, "generalAndAdministrativeExpenses": 0, "sellingAndMarketingExpenses": 0, "sellingGeneralAndAdministrativeExpenses": 737000000, "otherExpenses": 0, "operatingExpenses": 811000000, "costAndExpenses": 2799000000, "interestIncome": 0, "interestExpense": 0, "depreciationAndAmortization": 92000000, "ebitda": 510000000, "ebitdaratio": 0.1592754528, "operatingIncome": 388000000, "operatingIncomeRatio": 0.1211742661, "totalOtherIncomeExpensesNet": -15000000, "incomeBeforeTax": 388000000, "incomeBeforeTaxRatio": 0.1211742661, "incomeTaxExpense": 59000000, "netIncome": 329000000, "netIncomeRatio": 0.1027482823, "eps": 1.78, "epsdiluted": 1.78, "weightedAverageShsOut": 184600000, "weightedAverageShsOutDil": 184600000, "link": "", "finalLink": "", "calculatedOtherExpenses": 15000000, "calculatedOperatingExpenses": 826000000, "calculatedNetInterest": 0, "calculatedOtherIncome": 0, "calculatedIncomeNonControlling": 0, "calculatedEbitda": 480000000}, {"date": "2009-12-31", "symbol": "XYL", "reportedCurrency": "USD", "cik": "0001524472", "fillingDate": "2009-12-31", "acceptedDate": "2009-12-30 19:00:00", "calendarYear": "2009", "period": "FY", "revenue": 2849000000, "costOfRevenue": 1812000000, "grossProfit": 1037000000, "grossProfitRatio": 0.363987364, "researchAndDevelopmentExpenses": 63000000, "generalAndAdministrativeExpenses": 0, "sellingAndMarketingExpenses": 0, "sellingGeneralAndAdministrativeExpenses": 667000000, "otherExpenses": 1000000, "operatingExpenses": 730000000, "costAndExpenses": 2542000000, "interestIncome": 0, "interestExpense": 0, "depreciationAndAmortization": 70000000, "ebitda": 408000000, "ebitdaratio": 0.1432081432, "operatingIncome": 276000000, "operatingIncomeRatio": 0.0968760969, "totalOtherIncomeExpensesNet": -30000000, "incomeBeforeTax": 277000000, "incomeBeforeTaxRatio": 0.0972270972, "incomeTaxExpense": 14000000, "netIncome": 263000000, "netIncomeRatio": 0.0923130923, "eps": 1.42, "epsdiluted": 1.42, "weightedAverageShsOut": 184600000, "weightedAverageShsOutDil": 184600000, "link": "", "finalLink": "", "calculatedOtherExpenses": 31000000, "calculatedOperatingExpenses": 761000000, "calculatedNetInterest": 0, "calculatedOtherIncome": 1000000, "calculatedIncomeNonControlling": 0, "calculatedEbitda": 346000000}]}