{"originalCurrency": "USD", "convertedCurrency": "USD", "report": [{"date": "2023-12-31", "symbol": "YELP", "reportedCurrency": "USD", "cik": "0001345016", "fillingDate": "2024-02-27", "acceptedDate": "2024-02-27 17:29:09", "calendarYear": "2023", "period": "FY", "revenue": 1337062000, "costOfRevenue": 156413000, "grossProfit": 1180649000, "grossProfitRatio": 0.8830173919, "researchAndDevelopmentExpenses": 332570000, "generalAndAdministrativeExpenses": 212431000, "sellingAndMarketingExpenses": 556605000, "sellingGeneralAndAdministrativeExpenses": 733221000, "otherExpenses": 6419000, "operatingExpenses": 1065790999, "costAndExpenses": 1222204000, "interestIncome": 19571000, "interestExpense": 0, "depreciationAndAmortization": 70268000, "ebitda": 185126000, "ebitdaratio": 0.1384573041, "operatingIncome": 114858000, "operatingIncomeRatio": 0.0859032715, "totalOtherIncomeExpensesNet": -9776000, "incomeBeforeTax": 105082000, "incomeBeforeTaxRatio": 0.0785917183, "incomeTaxExpense": 5909000, "netIncome": 99173000, "netIncomeRatio": 0.0741723271, "eps": 1.43, "epsdiluted": 1.35, "weightedAverageShsOut": 69221000, "weightedAverageShsOutDil": 73596000, "link": "https://www.sec.gov/Archives/edgar/data/1345016/000134501624000009/0001345016-24-000009-index.htm", "finalLink": "https://www.sec.gov/Archives/edgar/data/1345016/000134501624000009/yelp-20231231.htm", "calculatedOtherExpenses": 0, "calculatedOperatingExpenses": 1065791000, "calculatedNetInterest": 19571000, "calculatedOtherIncome": -29347000, "calculatedIncomeNonControlling": 0, "calculatedEbitda": 185126000}, {"date": "2022-12-31", "symbol": "YELP", "reportedCurrency": "USD", "cik": "0001345016", "fillingDate": "2023-02-24", "acceptedDate": "2023-02-24 16:45:11", "calendarYear": "2022", "period": "FY", "revenue": 1193506000, "costOfRevenue": 105705000, "grossProfit": 1087801000, "grossProfitRatio": 0.911433206, "researchAndDevelopmentExpenses": 305561000, "generalAndAdministrativeExpenses": 164108000, "sellingAndMarketingExpenses": 514927000, "sellingGeneralAndAdministrativeExpenses": 679035000, "otherExpenses": 44852000, "operatingExpenses": 1029448000, "costAndExpenses": 1135153000, "interestIncome": 5762000, "interestExpense": -8425000, "depreciationAndAmortization": 44852000, "ebitda": 103205000, "ebitdaratio": 0.086472125, "operatingIncome": 58353000, "operatingIncomeRatio": 0.0488920877, "totalOtherIncomeExpensesNet": 8425000, "incomeBeforeTax": 66778000, "incomeBeforeTaxRatio": 0.0559511222, "incomeTaxExpense": 30431000, "netIncome": 36347000, "netIncomeRatio": 0.0304539734, "eps": 0.51, "epsdiluted": 0.5, "weightedAverageShsOut": 70867000, "weightedAverageShsOutDil": 73402000, "link": "https://www.sec.gov/Archives/edgar/data/1345016/000134501623000009/0001345016-23-000009-index.htm", "finalLink": "https://www.sec.gov/Archives/edgar/data/1345016/000134501623000009/yelp-20221231.htm", "calculatedOtherExpenses": 44852000, "calculatedOperatingExpenses": 1029448000, "calculatedNetInterest": 14187000, "calculatedOtherIncome": -5762000, "calculatedIncomeNonControlling": 0, "calculatedEbitda": 103205000}, {"date": "2021-12-31", "symbol": "YELP", "reportedCurrency": "USD", "cik": "0001345016", "fillingDate": "2022-02-28", "acceptedDate": "2022-02-28 16:06:45", "calendarYear": "2021", "period": "FY", "revenue": 1031839000, "costOfRevenue": 78097000, "grossProfit": 953742000, "grossProfitRatio": 0.9243128046, "researchAndDevelopmentExpenses": 276473000, "generalAndAdministrativeExpenses": 135816000, "sellingAndMarketingExpenses": 454224000, "sellingGeneralAndAdministrativeExpenses": 590040000, "otherExpenses": 55683000, "operatingExpenses": 922196000, "costAndExpenses": 1000293000, "interestIncome": 116000, "interestExpense": 116000, "depreciationAndAmortization": 55747000, "ebitda": 87261000, "ebitdaratio": 0.0845684259, "operatingIncome": 31514000, "operatingIncomeRatio": 0.0305415864, "totalOtherIncomeExpensesNet": 2204000, "incomeBeforeTax": 33718000, "incomeBeforeTaxRatio": 0.0326775786, "incomeTaxExpense": -5953000, "netIncome": 39671000, "netIncomeRatio": 0.0384468895, "eps": 0.53, "epsdiluted": 0.5, "weightedAverageShsOut": 74221000, "weightedAverageShsOutDil": 78616000, "link": "https://www.sec.gov/Archives/edgar/data/1345016/000134501622000026/0001345016-22-000026-index.htm", "finalLink": "https://www.sec.gov/Archives/edgar/data/1345016/000134501622000026/yelp-20211231.htm", "calculatedOtherExpenses": 55715000, "calculatedOperatingExpenses": 922228000, "calculatedNetInterest": 0, "calculatedOtherIncome": 2204000, "calculatedIncomeNonControlling": 0, "calculatedEbitda": 87261000}, {"date": "2020-12-31", "symbol": "YELP", "reportedCurrency": "USD", "cik": "0001345016", "fillingDate": "2021-02-26", "acceptedDate": "2021-02-26 16:07:04", "calendarYear": "2020", "period": "FY", "revenue": 872933000, "costOfRevenue": 57186000, "grossProfit": 815747000, "grossProfitRatio": 0.9344898177, "researchAndDevelopmentExpenses": 232561000, "generalAndAdministrativeExpenses": 130450000, "sellingAndMarketingExpenses": 437060000, "sellingGeneralAndAdministrativeExpenses": 567510000, "otherExpenses": 50609000, "operatingExpenses": 850680000, "costAndExpenses": 907866000, "interestIncome": 2273000, "interestExpense": 0, "depreciationAndAmortization": 50609000, "ebitda": 19538000, "ebitdaratio": 0.0223820156, "operatingIncome": -31071000, "operatingIncomeRatio": -0.035593797, "totalOtherIncomeExpensesNet": -4054000, "incomeBeforeTax": -35125000, "incomeBeforeTaxRatio": -0.0402379106, "incomeTaxExpense": -15701000, "netIncome": -19424000, "netIncomeRatio": -0.0222514214, "eps": -0.27, "epsdiluted": -0.27, "weightedAverageShsOut": 73005000, "weightedAverageShsOutDil": 73005000, "link": "https://www.sec.gov/Archives/edgar/data/1345016/000134501621000015/0001345016-21-000015-index.htm", "finalLink": "https://www.sec.gov/Archives/edgar/data/1345016/000134501621000015/yelp-20201231.htm", "calculatedOtherExpenses": 46747000, "calculatedOperatingExpenses": 846818000, "calculatedNetInterest": 2273000, "calculatedOtherIncome": -6327000, "calculatedIncomeNonControlling": 0, "calculatedEbitda": 19538000}, {"date": "2019-12-31", "symbol": "YELP", "reportedCurrency": "USD", "cik": "0001345016", "fillingDate": "2020-02-28", "acceptedDate": "2020-02-28 17:17:58", "calendarYear": "2019", "period": "FY", "revenue": 1014194000, "costOfRevenue": 62410000, "grossProfit": 951784000, "grossProfitRatio": 0.9384634498, "researchAndDevelopmentExpenses": 230440000, "generalAndAdministrativeExpenses": 136091000, "sellingAndMarketingExpenses": 500386000, "sellingGeneralAndAdministrativeExpenses": 636477000, "otherExpenses": 49356000, "operatingExpenses": 916273000, "costAndExpenses": 978683000, "interestIncome": 13328000, "interestExpense": 0, "depreciationAndAmortization": 49356000, "ebitda": 84867000, "ebitdaratio": 0.0836792566, "operatingIncome": 35511000, "operatingIncomeRatio": 0.0350140111, "totalOtherIncomeExpensesNet": 14256000, "incomeBeforeTax": 49767000, "incomeBeforeTaxRatio": 0.0490704934, "incomeTaxExpense": 8886000, "netIncome": 40881000, "netIncomeRatio": 0.0403088561, "eps": 0.55, "epsdiluted": 0.52, "weightedAverageShsOut": 74627000, "weightedAverageShsOutDil": 77969000, "link": "https://www.sec.gov/Archives/edgar/data/1345016/000134501620000009/0001345016-20-000009-index.htm", "finalLink": "https://www.sec.gov/Archives/edgar/data/1345016/000134501620000009/yelp-20191231.htm", "calculatedOtherExpenses": 49356000, "calculatedOperatingExpenses": 916273000, "calculatedNetInterest": 13328000, "calculatedOtherIncome": 928000, "calculatedIncomeNonControlling": 0, "calculatedEbitda": 84867000}, {"date": "2018-12-31", "symbol": "YELP", "reportedCurrency": "USD", "cik": "0001345016", "fillingDate": "2019-03-01", "acceptedDate": "2019-02-28 18:39:35", "calendarYear": "2018", "period": "FY", "revenue": 942773000, "costOfRevenue": 57872000, "grossProfit": 884901000, "grossProfitRatio": 0.9386151279, "researchAndDevelopmentExpenses": 212319000, "generalAndAdministrativeExpenses": 120569000, "sellingAndMarketingExpenses": 483309000, "sellingGeneralAndAdministrativeExpenses": 603878000, "otherExpenses": 14109000, "operatingExpenses": 859004000, "costAndExpenses": 916876000, "interestIncome": 13804000, "interestExpense": 0, "depreciationAndAmortization": 42807000, "ebitda": 68704000, "ebitdaratio": 0.0728743823, "operatingIncome": 25897000, "operatingIncomeRatio": 0.0274689665, "totalOtherIncomeExpensesNet": 14109000, "incomeBeforeTax": 40006000, "incomeBeforeTaxRatio": 0.042434393, "incomeTaxExpense": -15344000, "netIncome": 55350000, "netIncomeRatio": 0.0587097849, "eps": 0.62, "epsdiluted": 0.62, "weightedAverageShsOut": 88709000, "weightedAverageShsOutDil": 88709000, "link": "https://www.sec.gov/Archives/edgar/data/1345016/000162828019002312/0001628280-19-002312-index.htm", "finalLink": "https://www.sec.gov/Archives/edgar/data/1345016/000162828019002312/yelp_10-kx12312018.htm", "calculatedOtherExpenses": 42807000, "calculatedOperatingExpenses": 859004000, "calculatedNetInterest": 13804000, "calculatedOtherIncome": 305000, "calculatedIncomeNonControlling": 0, "calculatedEbitda": 68704000}, {"date": "2017-12-31", "symbol": "YELP", "reportedCurrency": "USD", "cik": "0001345016", "fillingDate": "2018-02-28", "acceptedDate": "2018-02-28 17:02:18", "calendarYear": "2017", "period": "FY", "revenue": 846813000, "costOfRevenue": 70518000, "grossProfit": 776295000, "grossProfitRatio": 0.9167254164, "researchAndDevelopmentExpenses": 175787000, "generalAndAdministrativeExpenses": 105673000, "sellingAndMarketingExpenses": 438643000, "sellingGeneralAndAdministrativeExpenses": 544316000, "otherExpenses": 4864000, "operatingExpenses": 761301000, "costAndExpenses": 831819000, "interestIncome": 4189000, "interestExpense": 0, "depreciationAndAmortization": 41198000, "ebitda": -108299000, "ebitdaratio": -0.1278901009, "operatingIncome": 179485000, "operatingIncomeRatio": 0.2119535246, "totalOtherIncomeExpensesNet": 169355000, "incomeBeforeTax": 184349000, "incomeBeforeTaxRatio": 0.2176974137, "incomeTaxExpense": 31491000, "netIncome": 152858000, "netIncomeRatio": 0.1805097465, "eps": 1.87, "epsdiluted": 1.75, "weightedAverageShsOut": 81602000, "weightedAverageShsOutDil": 87170000, "link": "https://www.sec.gov/Archives/edgar/data/1345016/000162828018002519/0001628280-18-002519-index.htm", "finalLink": "https://www.sec.gov/Archives/edgar/data/1345016/000162828018002519/yelp_10-kx12312017.htm", "calculatedOtherExpenses": -123293000, "calculatedOperatingExpenses": 596810000, "calculatedNetInterest": 4189000, "calculatedOtherIncome": 675000, "calculatedIncomeNonControlling": 0, "calculatedEbitda": 220683000}, {"date": "2016-12-31", "symbol": "YELP", "reportedCurrency": "USD", "cik": "0001345016", "fillingDate": "2017-03-01", "acceptedDate": "2017-03-01 17:07:25", "calendarYear": "2016", "period": "FY", "revenue": 713069000, "costOfRevenue": 60363000, "grossProfit": 652706000, "grossProfitRatio": 0.9153476031, "researchAndDevelopmentExpenses": 138549000, "generalAndAdministrativeExpenses": 97481000, "sellingAndMarketingExpenses": 382854000, "sellingGeneralAndAdministrativeExpenses": 480335000, "otherExpenses": 1694000, "operatingExpenses": 654230000, "costAndExpenses": 714593000, "interestIncome": 1724000, "interestExpense": 0, "depreciationAndAmortization": 35346000, "ebitda": 37277000, "ebitdaratio": 0.0522768484, "operatingIncome": -4979000, "operatingIncomeRatio": -0.006982494, "totalOtherIncomeExpensesNet": -1761000, "incomeBeforeTax": -3285000, "incomeBeforeTaxRatio": -0.0046068473, "incomeTaxExpense": 1385000, "netIncome": -4670000, "netIncomeRatio": -0.0065491558, "eps": -0.0605, "epsdiluted": -0.0605, "weightedAverageShsOut": 77186000, "weightedAverageShsOutDil": 77186000, "link": "https://www.sec.gov/Archives/edgar/data/1345016/000120677417000642/0001206774-17-000642-index.htm", "finalLink": "https://www.sec.gov/Archives/edgar/data/1345016/000120677417000642/yelp3063379-10k.htm", "calculatedOtherExpenses": 38801000, "calculatedOperatingExpenses": 657685000, "calculatedNetInterest": 1724000, "calculatedOtherIncome": -30000, "calculatedIncomeNonControlling": 0, "calculatedEbitda": 30367000}, {"date": "2015-12-31", "symbol": "YELP", "reportedCurrency": "USD", "cik": "0001345016", "fillingDate": "2016-02-24", "acceptedDate": "2016-02-24 16:15:29", "calendarYear": "2015", "period": "FY", "revenue": 549711000, "costOfRevenue": 51015000, "grossProfit": 498696000, "grossProfitRatio": 0.9071966906, "researchAndDevelopmentExpenses": 107786000, "generalAndAdministrativeExpenses": 80866000, "sellingAndMarketingExpenses": 301764000, "sellingGeneralAndAdministrativeExpenses": 382630000, "otherExpenses": 386000, "operatingExpenses": 520020000, "costAndExpenses": 571035000, "interestIncome": 622000, "interestExpense": 0, "depreciationAndAmortization": 29604000, "ebitda": 8280000, "ebitdaratio": 0.0150624601, "operatingIncome": -21324000, "operatingIncomeRatio": -0.0387912922, "totalOtherIncomeExpensesNet": 386000, "incomeBeforeTax": -20938000, "incomeBeforeTaxRatio": -0.038089105, "incomeTaxExpense": 11962000, "netIncome": -32900000, "netIncomeRatio": -0.0598496301, "eps": -0.44, "epsdiluted": -0.44, "weightedAverageShsOut": 74683000, "weightedAverageShsOutDil": 74683000, "link": "https://www.sec.gov/Archives/edgar/data/1345016/000120677416004640/0001206774-16-004640-index.htm", "finalLink": "https://www.sec.gov/Archives/edgar/data/1345016/000120677416004640/yelp_10k.htm", "calculatedOtherExpenses": 29604000, "calculatedOperatingExpenses": 520020000, "calculatedNetInterest": 622000, "calculatedOtherIncome": -236000, "calculatedIncomeNonControlling": 0, "calculatedEbitda": 8280000}, {"date": "2014-12-31", "symbol": "YELP", "reportedCurrency": "USD", "cik": "0001345016", "fillingDate": "2015-02-27", "acceptedDate": "2015-02-27 07:13:22", "calendarYear": "2014", "period": "FY", "revenue": 377536000, "costOfRevenue": 24382000, "grossProfit": 353154000, "grossProfitRatio": 0.9354180793, "researchAndDevelopmentExpenses": 65181000, "generalAndAdministrativeExpenses": 58274000, "sellingAndMarketingExpenses": 201050000, "sellingGeneralAndAdministrativeExpenses": 259324000, "otherExpenses": 221000, "operatingExpenses": 342095000, "costAndExpenses": 366477000, "interestIncome": 727000, "interestExpense": 0, "depreciationAndAmortization": 17590000, "ebitda": 28649000, "ebitdaratio": 0.0758841541, "operatingIncome": 11059000, "operatingIncomeRatio": 0.0292925708, "totalOtherIncomeExpensesNet": 221000, "incomeBeforeTax": 11280000, "incomeBeforeTaxRatio": 0.0298779454, "incomeTaxExpense": -25193000, "netIncome": 36473000, "netIncomeRatio": 0.0966080056, "eps": 0.51, "epsdiluted": 0.48, "weightedAverageShsOut": 71936000, "weightedAverageShsOutDil": 76712000, "link": "https://www.sec.gov/Archives/edgar/data/1345016/000120677415000650/0001206774-15-000650-index.htm", "finalLink": "https://www.sec.gov/Archives/edgar/data/1345016/000120677415000650/yelp_10k.htm", "calculatedOtherExpenses": 17590000, "calculatedOperatingExpenses": 342095000, "calculatedNetInterest": 727000, "calculatedOtherIncome": -506000, "calculatedIncomeNonControlling": 0, "calculatedEbitda": 28649000}, {"date": "2013-12-31", "symbol": "YELP", "reportedCurrency": "USD", "cik": "0001345016", "fillingDate": "2014-03-03", "acceptedDate": "2014-03-03 08:00:38", "calendarYear": "2013", "period": "FY", "revenue": 232988000, "costOfRevenue": 16561000, "grossProfit": 216427000, "grossProfitRatio": 0.928919086, "researchAndDevelopmentExpenses": 38243000, "generalAndAdministrativeExpenses": 42907000, "sellingAndMarketingExpenses": 131970000, "sellingGeneralAndAdministrativeExpenses": 174877000, "otherExpenses": -407000, "operatingExpenses": 224575000, "costAndExpenses": 241136000, "interestIncome": 62000, "interestExpense": 0, "depreciationAndAmortization": 11455000, "ebitda": 3982000, "ebitdaratio": 0.017091009, "operatingIncome": -8823000, "operatingIncomeRatio": -0.0378689031, "totalOtherIncomeExpensesNet": -1082000, "incomeBeforeTax": -9230000, "incomeBeforeTaxRatio": -0.0396157742, "incomeTaxExpense": 838000, "netIncome": -10068000, "netIncomeRatio": -0.043212526, "eps": -0.15, "epsdiluted": -0.15, "weightedAverageShsOut": 65665294, "weightedAverageShsOutDil": 65695000, "link": "https://www.sec.gov/Archives/edgar/data/1345016/000120677414000681/0001206774-14-000681-index.htm", "finalLink": "https://www.sec.gov/Archives/edgar/data/1345016/000120677414000681/yelp_10k.htm", "calculatedOtherExpenses": 12130000, "calculatedOperatingExpenses": 225250000, "calculatedNetInterest": 62000, "calculatedOtherIncome": -469000, "calculatedIncomeNonControlling": 0, "calculatedEbitda": 2632000}, {"date": "2012-12-31", "symbol": "YELP", "reportedCurrency": "USD", "cik": "0001345016", "fillingDate": "2013-02-27", "acceptedDate": "2013-02-27 06:09:46", "calendarYear": "2012", "period": "FY", "revenue": 137567000, "costOfRevenue": 9928000, "grossProfit": 127639000, "grossProfitRatio": 0.9278315294, "researchAndDevelopmentExpenses": 20473000, "generalAndAdministrativeExpenses": 31531000, "sellingAndMarketingExpenses": 85915000, "sellingGeneralAndAdministrativeExpenses": 117446000, "otherExpenses": -226000, "operatingExpenses": 145142000, "costAndExpenses": 155070000, "interestIncome": 51000, "interestExpense": 0, "depreciationAndAmortization": 7223000, "ebitda": -9018000, "ebitdaratio": -0.0655535121, "operatingIncome": -18765000, "operatingIncomeRatio": -0.1364062602, "totalOtherIncomeExpensesNet": -1488000, "incomeBeforeTax": -18991000, "incomeBeforeTaxRatio": -0.1380490961, "incomeTaxExpense": 122000, "netIncome": -19113000, "netIncomeRatio": -0.1389359367, "eps": -0.35, "epsdiluted": -0.35, "weightedAverageShsOut": 54149071, "weightedAverageShsOutDil": 54151000, "link": "https://www.sec.gov/Archives/edgar/data/1345016/000120677413000790/0001206774-13-000790-index.htm", "finalLink": "https://www.sec.gov/Archives/edgar/data/1345016/000120677413000790/yelp_10k.htm", "calculatedOtherExpenses": 8485000, "calculatedOperatingExpenses": 146404000, "calculatedNetInterest": 51000, "calculatedOtherIncome": -277000, "calculatedIncomeNonControlling": 0, "calculatedEbitda": -11542000}, {"date": "2011-12-31", "symbol": "YELP", "reportedCurrency": "USD", "cik": "0001345016", "fillingDate": "2011-12-31", "acceptedDate": "2011-12-31 00:00:00", "calendarYear": "2011", "period": "FY", "revenue": 83285000, "costOfRevenue": 5931000, "grossProfit": 77354000, "grossProfitRatio": 0.9287866963, "researchAndDevelopmentExpenses": 11586000, "generalAndAdministrativeExpenses": 23162000, "sellingAndMarketingExpenses": 54539000, "sellingGeneralAndAdministrativeExpenses": 77701000, "otherExpenses": 4238000, "operatingExpenses": 93525000, "costAndExpenses": 99456000, "interestIncome": 13000, "interestExpense": 0, "depreciationAndAmortization": 4238000, "ebitda": -11525000, "ebitdaratio": -0.1383802606, "operatingIncome": -16171000, "operatingIncomeRatio": -0.1941646155, "totalOtherIncomeExpensesNet": -408000, "incomeBeforeTax": -16566000, "incomeBeforeTaxRatio": -0.1989073663, "incomeTaxExpense": 102000, "netIncome": -16668000, "netIncomeRatio": -0.2001320766, "eps": -0.28, "epsdiluted": -0.28, "weightedAverageShsOut": 59873181, "weightedAverageShsOutDil": 59873181, "link": null, "finalLink": null, "calculatedOtherExpenses": 4238000, "calculatedOperatingExpenses": 93525000, "calculatedNetInterest": 13000, "calculatedOtherIncome": -408000, "calculatedIncomeNonControlling": 0, "calculatedEbitda": -11933000}, {"date": "2010-12-31", "symbol": "YELP", "reportedCurrency": "USD", "cik": "0001345016", "fillingDate": "2010-12-31", "acceptedDate": "2010-12-31 00:00:00", "calendarYear": "2010", "period": "FY", "revenue": 47731000, "costOfRevenue": 3137000, "grossProfit": 44594000, "grossProfitRatio": 0.9342775136, "researchAndDevelopmentExpenses": 6560000, "generalAndAdministrativeExpenses": 11287000, "sellingAndMarketingExpenses": 33919000, "sellingGeneralAndAdministrativeExpenses": 45206000, "otherExpenses": 2334000, "operatingExpenses": 54100000, "costAndExpenses": 57237000, "interestIncome": 0, "interestExpense": 0, "depreciationAndAmortization": 2334000, "ebitda": -7187000, "ebitdaratio": -0.1505730029, "operatingIncome": -9506000, "operatingIncomeRatio": -0.1991577801, "totalOtherIncomeExpensesNet": 15000, "incomeBeforeTax": -9491000, "incomeBeforeTaxRatio": -0.1988435189, "incomeTaxExpense": 75000, "netIncome": -9566000, "netIncomeRatio": -0.2004148247, "eps": -0.63, "epsdiluted": -0.63, "weightedAverageShsOut": 15291000, "weightedAverageShsOutDil": 15291000, "link": null, "finalLink": null, "calculatedOtherExpenses": 2334000, "calculatedOperatingExpenses": 54100000, "calculatedNetInterest": 0, "calculatedOtherIncome": 15000, "calculatedIncomeNonControlling": 0, "calculatedEbitda": -7172000}, {"date": "2009-12-31", "symbol": "YELP", "reportedCurrency": "USD", "cik": "0001345016", "fillingDate": "2009-12-31", "acceptedDate": "2009-12-31 00:00:00", "calendarYear": "2009", "period": "FY", "revenue": 25808000, "costOfRevenue": 1121000, "grossProfit": 24687000, "grossProfitRatio": 0.9565638562, "researchAndDevelopmentExpenses": 3243000, "generalAndAdministrativeExpenses": 4597000, "sellingAndMarketingExpenses": 17979000, "sellingGeneralAndAdministrativeExpenses": 22576000, "otherExpenses": 1201000, "operatingExpenses": 27020000, "costAndExpenses": 28141000, "interestIncome": 20000, "interestExpense": 0, "depreciationAndAmortization": 1201000, "ebitda": -1145000, "ebitdaratio": -0.044366088, "operatingIncome": -2333000, "operatingIncomeRatio": -0.0903983261, "totalOtherIncomeExpensesNet": 13000, "incomeBeforeTax": -2300000, "incomeBeforeTaxRatio": -0.0891196528, "incomeTaxExpense": 8000, "netIncome": -2308000, "netIncomeRatio": -0.0894296342, "eps": -0.19, "epsdiluted": -0.19, "weightedAverageShsOut": 12344000, "weightedAverageShsOutDil": 12344000, "link": null, "finalLink": null, "calculatedOtherExpenses": 1201000, "calculatedOperatingExpenses": 27020000, "calculatedNetInterest": 20000, "calculatedOtherIncome": 13000, "calculatedIncomeNonControlling": 0, "calculatedEbitda": -1132000}]}