{"originalCurrency": "USD", "convertedCurrency": "USD", "report": [{"date": "2023-12-30", "symbol": "YETI", "reportedCurrency": "USD", "cik": "0001670592", "fillingDate": "2024-02-26", "acceptedDate": "2024-02-26 16:32:04", "calendarYear": "2023", "period": "FY", "revenue": 1658713000, "costOfRevenue": 715527000, "grossProfit": 943186000, "grossProfitRatio": 0.5686251931, "researchAndDevelopmentExpenses": 15500000, "generalAndAdministrativeExpenses": 501328000, "sellingAndMarketingExpenses": 200900000, "sellingGeneralAndAdministrativeExpenses": 702228000, "otherExpenses": 1430000, "operatingExpenses": 717728000, "costAndExpenses": 1433255000, "interestIncome": 942000, "interestExpense": 942000, "depreciationAndAmortization": 46434000, "ebitda": 271892000, "ebitdaratio": 0.1639174468, "operatingIncome": 225458000, "operatingIncomeRatio": 0.1359234539, "totalOtherIncomeExpensesNet": 488000, "incomeBeforeTax": 225946000, "incomeBeforeTaxRatio": 0.1362176579, "incomeTaxExpense": 56061000, "netIncome": 169885000, "netIncomeRatio": 0.1024197676, "eps": 1.96, "epsdiluted": 1.94, "weightedAverageShsOut": 86717000, "weightedAverageShsOutDil": 87403000, "link": "https://www.sec.gov/Archives/edgar/data/1670592/000167059224000007/0001670592-24-000007-index.htm", "finalLink": "https://www.sec.gov/Archives/edgar/data/1670592/000167059224000007/yeti-20231230.htm", "calculatedOtherExpenses": 0, "calculatedOperatingExpenses": 717728000, "calculatedNetInterest": 0, "calculatedOtherIncome": 488000, "calculatedIncomeNonControlling": 0, "calculatedEbitda": 271892000}, {"date": "2022-12-31", "symbol": "YETI", "reportedCurrency": "USD", "cik": "0001670592", "fillingDate": "2023-02-27", "acceptedDate": "2023-02-27 17:03:15", "calendarYear": "2022", "period": "FY", "revenue": 1595222000, "costOfRevenue": 831821000, "grossProfit": 763401000, "grossProfitRatio": 0.478554709, "researchAndDevelopmentExpenses": 15400000, "generalAndAdministrativeExpenses": 454140000, "sellingAndMarketingExpenses": 182900000, "sellingGeneralAndAdministrativeExpenses": 637040000, "otherExpenses": -5718000, "operatingExpenses": 637040000, "costAndExpenses": 1468861000, "interestIncome": 4466000, "interestExpense": 4466000, "depreciationAndAmortization": 34129000, "ebitda": 160490000, "ebitdaratio": 0.1006066867, "operatingIncome": 126361000, "operatingIncomeRatio": 0.0792121723, "totalOtherIncomeExpensesNet": -10184000, "incomeBeforeTax": 116177000, "incomeBeforeTaxRatio": 0.0728281079, "incomeTaxExpense": 26484000, "netIncome": 89693000, "netIncomeRatio": 0.05622603, "eps": 1.04, "epsdiluted": 1.03, "weightedAverageShsOut": 86521000, "weightedAverageShsOutDil": 87195000, "link": "https://www.sec.gov/Archives/edgar/data/1670592/000167059223000006/0001670592-23-000006-index.htm", "finalLink": "https://www.sec.gov/Archives/edgar/data/1670592/000167059223000006/yeti-20221231.htm", "calculatedOtherExpenses": -15400000, "calculatedOperatingExpenses": 637040000, "calculatedNetInterest": 0, "calculatedOtherIncome": -10184000, "calculatedIncomeNonControlling": 0, "calculatedEbitda": 160490000}, {"date": "2021-12-31", "symbol": "YETI", "reportedCurrency": "USD", "cik": "0001670592", "fillingDate": "2022-02-28", "acceptedDate": "2022-02-28 16:15:46", "calendarYear": "2021", "period": "FY", "revenue": 1410989000, "costOfRevenue": 594876000, "grossProfit": 816113000, "grossProfitRatio": 0.5783978472, "researchAndDevelopmentExpenses": 13700000, "generalAndAdministrativeExpenses": 389575000, "sellingAndMarketingExpenses": 151600000, "sellingGeneralAndAdministrativeExpenses": 541175000, "otherExpenses": -3189000, "operatingExpenses": 541175000, "costAndExpenses": 1136051000, "interestIncome": 3339000, "interestExpense": 3339000, "depreciationAndAmortization": 28881000, "ebitda": 303819000, "ebitdaratio": 0.2153234363, "operatingIncome": 274938000, "operatingIncomeRatio": 0.1948548146, "totalOtherIncomeExpensesNet": -6528000, "incomeBeforeTax": 268410000, "incomeBeforeTaxRatio": 0.1902282725, "incomeTaxExpense": 55808000, "netIncome": 212602000, "netIncomeRatio": 0.1506758734, "eps": 2.43, "epsdiluted": 2.4, "weightedAverageShsOut": 87425000, "weightedAverageShsOutDil": 88666000, "link": "https://www.sec.gov/Archives/edgar/data/1670592/000167059222000009/0001670592-22-000009-index.htm", "finalLink": "https://www.sec.gov/Archives/edgar/data/1670592/000167059222000009/yeti-20220101.htm", "calculatedOtherExpenses": -13700000, "calculatedOperatingExpenses": 541175000, "calculatedNetInterest": 0, "calculatedOtherIncome": -6528000, "calculatedIncomeNonControlling": 0, "calculatedEbitda": 303819000}, {"date": "2020-12-31", "symbol": "YETI", "reportedCurrency": "USD", "cik": "0001670592", "fillingDate": "2021-03-01", "acceptedDate": "2021-03-01 16:10:08", "calendarYear": "2020", "period": "FY", "revenue": 1091721000, "costOfRevenue": 462918000, "grossProfit": 628803000, "grossProfitRatio": 0.5759740813, "researchAndDevelopmentExpenses": 11200000, "generalAndAdministrativeExpenses": 308970000, "sellingAndMarketingExpenses": 105600000, "sellingGeneralAndAdministrativeExpenses": 414570000, "otherExpenses": 123000, "operatingExpenses": 414570000, "costAndExpenses": 877488000, "interestIncome": 9155000, "interestExpense": 9155000, "depreciationAndAmortization": 30658000, "ebitda": 244891000, "ebitdaratio": 0.2243164691, "operatingIncome": 214233000, "operatingIncomeRatio": 0.1962342027, "totalOtherIncomeExpensesNet": -9032000, "incomeBeforeTax": 205201000, "incomeBeforeTaxRatio": 0.1879610267, "incomeTaxExpense": 49400000, "netIncome": 155801000, "netIncomeRatio": 0.1427113704, "eps": 1.79, "epsdiluted": 1.77, "weightedAverageShsOut": 86978000, "weightedAverageShsOutDil": 87847000, "link": "https://www.sec.gov/Archives/edgar/data/1670592/000167059221000004/0001670592-21-000004-index.htm", "finalLink": "https://www.sec.gov/Archives/edgar/data/1670592/000167059221000004/yeti-20210102.htm", "calculatedOtherExpenses": -11200000, "calculatedOperatingExpenses": 414570000, "calculatedNetInterest": 0, "calculatedOtherIncome": -9032000, "calculatedIncomeNonControlling": 0, "calculatedEbitda": 244891000}, {"date": "2019-12-28", "symbol": "YETI", "reportedCurrency": "USD", "cik": "0001670592", "fillingDate": "2020-02-18", "acceptedDate": "2020-02-18 06:06:07", "calendarYear": "2019", "period": "FY", "revenue": 913734000, "costOfRevenue": 438420000, "grossProfit": 475314000, "grossProfitRatio": 0.5201885888, "researchAndDevelopmentExpenses": 20500000, "generalAndAdministrativeExpenses": 306643000, "sellingAndMarketingExpenses": 78900000, "sellingGeneralAndAdministrativeExpenses": 385543000, "otherExpenses": -734000, "operatingExpenses": 385543000, "costAndExpenses": 823963000, "interestIncome": 21779000, "interestExpense": 21779000, "depreciationAndAmortization": 28225000, "ebitda": 117996000, "ebitdaratio": 0.1291360505, "operatingIncome": 89771000, "operatingIncomeRatio": 0.0982463168, "totalOtherIncomeExpensesNet": -22513000, "incomeBeforeTax": 67258000, "incomeBeforeTaxRatio": 0.0736078552, "incomeTaxExpense": 16824000, "netIncome": 50434000, "netIncomeRatio": 0.0551954945, "eps": 0.59, "epsdiluted": 0.58, "weightedAverageShsOut": 85088000, "weightedAverageShsOutDil": 86347000, "link": "https://www.sec.gov/Archives/edgar/data/1670592/000162828020001627/0001628280-20-001627-index.htm", "finalLink": "https://www.sec.gov/Archives/edgar/data/1670592/000162828020001627/yeti-20191228.htm", "calculatedOtherExpenses": -20500000, "calculatedOperatingExpenses": 385543000, "calculatedNetInterest": 0, "calculatedOtherIncome": -22513000, "calculatedIncomeNonControlling": 0, "calculatedEbitda": 117996000}, {"date": "2018-12-29", "symbol": "YETI", "reportedCurrency": "USD", "cik": "0001670592", "fillingDate": "2019-03-20", "acceptedDate": "2019-03-19 18:55:03", "calendarYear": "2018", "period": "FY", "revenue": 778833000, "costOfRevenue": 395705000, "grossProfit": 383128000, "grossProfitRatio": 0.4919257402, "researchAndDevelopmentExpenses": 0, "generalAndAdministrativeExpenses": 280972000, "sellingAndMarketingExpenses": 0, "sellingGeneralAndAdministrativeExpenses": 280972000, "otherExpenses": -1261000, "operatingExpenses": 280972000, "costAndExpenses": 676677000, "interestIncome": 0, "interestExpense": 31280000, "depreciationAndAmortization": 24777000, "ebitda": 125672000, "ebitdaratio": 0.1613593672, "operatingIncome": 102156000, "operatingIncomeRatio": 0.1311654745, "totalOtherIncomeExpensesNet": -1261000, "incomeBeforeTax": 69615000, "incomeBeforeTaxRatio": 0.0893837318, "incomeTaxExpense": 11852000, "netIncome": 57763000, "netIncomeRatio": 0.0741660921, "eps": 0.71, "epsdiluted": 0.69, "weightedAverageShsOut": 81777000, "weightedAverageShsOutDil": 83519000, "link": "https://www.sec.gov/Archives/edgar/data/1670592/000155837019002297/0001558370-19-002297-index.htm", "finalLink": "https://www.sec.gov/Archives/edgar/data/1670592/000155837019002297/yeti-20181229x10k.htm", "calculatedOtherExpenses": 0, "calculatedOperatingExpenses": 280972000, "calculatedNetInterest": -31280000, "calculatedOtherIncome": -1261000, "calculatedIncomeNonControlling": 0, "calculatedEbitda": 126933000}, {"date": "2017-12-31", "symbol": "YETI", "reportedCurrency": "USD", "cik": "0001670592", "fillingDate": "2017-12-31", "acceptedDate": "2017-12-30 19:00:00", "calendarYear": "2017", "period": "FY", "revenue": 639239000, "costOfRevenue": 344638000, "grossProfit": 294601000, "grossProfitRatio": 0.4608620563, "researchAndDevelopmentExpenses": 0, "generalAndAdministrativeExpenses": 0, "sellingAndMarketingExpenses": 0, "sellingGeneralAndAdministrativeExpenses": 230634000, "otherExpenses": 699000, "operatingExpenses": 230634000, "costAndExpenses": 575272000, "interestIncome": 0, "interestExpense": 32607000, "depreciationAndAmortization": 20769000, "ebitda": 85435000, "ebitdaratio": 0.133651107, "operatingIncome": 63967000, "operatingIncomeRatio": 0.1000674239, "totalOtherIncomeExpensesNet": 699000, "incomeBeforeTax": 32059000, "incomeBeforeTaxRatio": 0.0501518211, "incomeTaxExpense": 16658000, "netIncome": 15401000, "netIncomeRatio": 0.0240927102, "eps": 0.18, "epsdiluted": 0.18, "weightedAverageShsOut": 81479012, "weightedAverageShsOutDil": 83647425, "link": "", "finalLink": "", "calculatedOtherExpenses": 0, "calculatedOperatingExpenses": 230634000, "calculatedNetInterest": -32607000, "calculatedOtherIncome": 699000, "calculatedIncomeNonControlling": 0, "calculatedEbitda": 84736000}, {"date": "2016-12-31", "symbol": "YETI", "reportedCurrency": "USD", "cik": "0001670592", "fillingDate": "2016-12-31", "acceptedDate": "2016-12-30 19:00:00", "calendarYear": "2016", "period": "FY", "revenue": 818914000, "costOfRevenue": 404953000, "grossProfit": 413961000, "grossProfitRatio": 0.505499967, "researchAndDevelopmentExpenses": 0, "generalAndAdministrativeExpenses": 0, "sellingAndMarketingExpenses": 0, "sellingGeneralAndAdministrativeExpenses": 325754000, "otherExpenses": -1242000, "operatingExpenses": 325754000, "costAndExpenses": 730707000, "interestIncome": 0, "interestExpense": 21680000, "depreciationAndAmortization": 11670000, "ebitda": 98635000, "ebitdaratio": 0.120446103, "operatingIncome": 88207000, "operatingIncomeRatio": 0.1077121651, "totalOtherIncomeExpensesNet": -1242000, "incomeBeforeTax": 65285000, "incomeBeforeTaxRatio": 0.079721436, "incomeTaxExpense": 16497000, "netIncome": 47977000, "netIncomeRatio": 0.0585861275, "eps": 0.57, "epsdiluted": 0.57, "weightedAverageShsOut": 82718965, "weightedAverageShsOutDil": 83647425, "link": "", "finalLink": "", "calculatedOtherExpenses": 0, "calculatedOperatingExpenses": 325754000, "calculatedNetInterest": -21680000, "calculatedOtherIncome": -1242000, "calculatedIncomeNonControlling": 811000, "calculatedEbitda": 99877000}, {"date": "2015-12-31", "symbol": "YETI", "reportedCurrency": "USD", "cik": "0001670592", "fillingDate": "2015-12-31", "acceptedDate": "2015-12-30 19:00:00", "calendarYear": "2015", "period": "FY", "revenue": 468946000, "costOfRevenue": 250245000, "grossProfit": 218701000, "grossProfitRatio": 0.4663671297, "researchAndDevelopmentExpenses": 0, "generalAndAdministrativeExpenses": 0, "sellingAndMarketingExpenses": 0, "sellingGeneralAndAdministrativeExpenses": 90791000, "otherExpenses": -6474000, "operatingExpenses": 90791000, "costAndExpenses": 341036000, "interestIncome": 0, "interestExpense": 6075000, "depreciationAndAmortization": 7531000, "ebitda": 128967000, "ebitdaratio": 0.2750146072, "operatingIncome": 127910000, "operatingIncomeRatio": 0.2727606164, "totalOtherIncomeExpensesNet": -6474000, "incomeBeforeTax": 115361000, "incomeBeforeTaxRatio": 0.2460006056, "incomeTaxExpense": 41139000, "netIncome": 74222000, "netIncomeRatio": 0.158274087, "eps": 0.89, "epsdiluted": 0.89, "weightedAverageShsOut": 79774805, "weightedAverageShsOutDil": 83647425, "link": "", "finalLink": "", "calculatedOtherExpenses": 0, "calculatedOperatingExpenses": 90791000, "calculatedNetInterest": -6075000, "calculatedOtherIncome": -6474000, "calculatedIncomeNonControlling": 0, "calculatedEbitda": 135441000}, {"date": "2014-12-31", "symbol": "YETI", "reportedCurrency": "USD", "cik": "0001670592", "fillingDate": "2014-12-31", "acceptedDate": "2014-12-30 19:00:00", "calendarYear": "2014", "period": "FY", "revenue": 147729000, "costOfRevenue": 80543000, "grossProfit": 67186000, "grossProfitRatio": 0.4547922209, "researchAndDevelopmentExpenses": 0, "generalAndAdministrativeExpenses": 0, "sellingAndMarketingExpenses": 0, "sellingGeneralAndAdministrativeExpenses": 41519000, "otherExpenses": -221000, "operatingExpenses": 41519000, "costAndExpenses": 122062000, "interestIncome": 0, "interestExpense": 3522000, "depreciationAndAmortization": 6803000, "ebitda": 32249000, "ebitdaratio": 0.2182983707, "operatingIncome": 25667000, "operatingIncomeRatio": 0.1737438147, "totalOtherIncomeExpensesNet": -221000, "incomeBeforeTax": 21924000, "incomeBeforeTaxRatio": 0.1484068802, "incomeTaxExpense": 7714000, "netIncome": 14210000, "netIncomeRatio": 0.0961896446, "eps": 0.17, "epsdiluted": 0.17, "weightedAverageShsOut": 80601705, "weightedAverageShsOutDil": 83647425, "link": "", "finalLink": "", "calculatedOtherExpenses": 0, "calculatedOperatingExpenses": 41519000, "calculatedNetInterest": -3522000, "calculatedOtherIncome": -221000, "calculatedIncomeNonControlling": 0, "calculatedEbitda": 32470000}, {"date": "2013-12-31", "symbol": "YETI", "reportedCurrency": "USD", "cik": "0001670592", "fillingDate": "2013-12-31", "acceptedDate": "2013-12-30 19:00:00", "calendarYear": "2013", "period": "FY", "revenue": 89923000, "costOfRevenue": 45541000, "grossProfit": 44382000, "grossProfitRatio": 0.4935555976, "researchAndDevelopmentExpenses": 0, "generalAndAdministrativeExpenses": 0, "sellingAndMarketingExpenses": 0, "sellingGeneralAndAdministrativeExpenses": 29210000, "otherExpenses": -221000, "operatingExpenses": 29210000, "costAndExpenses": 74751000, "interestIncome": 0, "interestExpense": 3884000, "depreciationAndAmortization": 5713000, "ebitda": 20664000, "ebitdaratio": 0.2297966038, "operatingIncome": 15172000, "operatingIncomeRatio": 0.1687221289, "totalOtherIncomeExpensesNet": -221000, "incomeBeforeTax": 11067000, "incomeBeforeTaxRatio": 0.1230719616, "incomeTaxExpense": 3806000, "netIncome": 7261000, "netIncomeRatio": 0.0807468612, "eps": 0.0868, "epsdiluted": 0.0868, "weightedAverageShsOut": 83647425, "weightedAverageShsOutDil": 83647425, "link": "", "finalLink": "", "calculatedOtherExpenses": 0, "calculatedOperatingExpenses": 29210000, "calculatedNetInterest": -3884000, "calculatedOtherIncome": -221000, "calculatedIncomeNonControlling": 0, "calculatedEbitda": 20885000}]}