{"originalCurrency": "USD", "convertedCurrency": "USD", "report": [{"date": "2023-12-31", "symbol": "YUM", "reportedCurrency": "USD", "cik": "0001041061", "fillingDate": "2024-02-20", "acceptedDate": "2024-02-20 16:33:54", "calendarYear": "2023", "period": "FY", "revenue": 7076000000, "costOfRevenue": 3580000000, "grossProfit": 3496000000, "grossProfitRatio": 0.4940644432, "researchAndDevelopmentExpenses": 0, "generalAndAdministrativeExpenses": 1187000000, "sellingAndMarketingExpenses": 6000000, "sellingGeneralAndAdministrativeExpenses": 1193000000, "otherExpenses": 3000000, "operatingExpenses": 1193000000, "costAndExpenses": 4773000000, "interestIncome": 506000000, "interestExpense": 513000000, "depreciationAndAmortization": 153000000, "ebitda": 2456000000, "ebitdaratio": 0.3470887507, "operatingIncome": 2303000000, "operatingIncomeRatio": 0.3254663652, "totalOtherIncomeExpensesNet": -485000000, "incomeBeforeTax": 1818000000, "incomeBeforeTaxRatio": 0.2569248163, "incomeTaxExpense": 221000000, "netIncome": 1597000000, "netIncomeRatio": 0.2256924816, "eps": 5.68, "epsdiluted": 5.6, "weightedAverageShsOut": 281000000, "weightedAverageShsOutDil": 285000000, "link": "https://www.sec.gov/Archives/edgar/data/1041061/000104106124000011/0001041061-24-000011-index.htm", "finalLink": "https://www.sec.gov/Archives/edgar/data/1041061/000104106124000011/yum-20231231.htm", "calculatedOtherExpenses": 0, "calculatedOperatingExpenses": 1193000000, "calculatedNetInterest": -7000000, "calculatedOtherIncome": -478000000, "calculatedIncomeNonControlling": 0, "calculatedEbitda": 2456000000}, {"date": "2022-12-31", "symbol": "YUM", "reportedCurrency": "USD", "cik": "0001041061", "fillingDate": "2023-02-27", "acceptedDate": "2023-02-24 18:07:33", "calendarYear": "2022", "period": "FY", "revenue": 6842000000, "costOfRevenue": 3535000000, "grossProfit": 3307000000, "grossProfitRatio": 0.4833382052, "researchAndDevelopmentExpenses": 0, "generalAndAdministrativeExpenses": 1140000000, "sellingAndMarketingExpenses": 0, "sellingGeneralAndAdministrativeExpenses": 1140000000, "otherExpenses": 9000000, "operatingExpenses": 1149000000, "costAndExpenses": 4675000000, "interestIncome": 31000000, "interestExpense": 527000000, "depreciationAndAmortization": 110000000, "ebitda": 2297000000, "ebitdaratio": 0.3357205495, "operatingIncome": 2187000000, "operatingIncomeRatio": 0.3196433791, "totalOtherIncomeExpensesNet": -525000000, "incomeBeforeTax": 1662000000, "incomeBeforeTaxRatio": 0.2429114294, "incomeTaxExpense": 337000000, "netIncome": 1325000000, "netIncomeRatio": 0.1936568255, "eps": 4.63, "epsdiluted": 4.57, "weightedAverageShsOut": 286000000, "weightedAverageShsOutDil": 290000000, "link": "https://www.sec.gov/Archives/edgar/data/1041061/000104106123000009/0001041061-23-000009-index.htm", "finalLink": "https://www.sec.gov/Archives/edgar/data/1041061/000104106123000009/yum-20221231.htm", "calculatedOtherExpenses": -20000000, "calculatedOperatingExpenses": 1120000000, "calculatedNetInterest": -496000000, "calculatedOtherIncome": -29000000, "calculatedIncomeNonControlling": 0, "calculatedEbitda": 2297000000}, {"date": "2021-12-31", "symbol": "YUM", "reportedCurrency": "USD", "cik": "0001041061", "fillingDate": "2022-02-23", "acceptedDate": "2022-02-22 18:00:26", "calendarYear": "2021", "period": "FY", "revenue": 6584000000, "costOfRevenue": 3418000000, "grossProfit": 3166000000, "grossProfitRatio": 0.4808626974, "researchAndDevelopmentExpenses": 0, "generalAndAdministrativeExpenses": 1067000000, "sellingAndMarketingExpenses": 0, "sellingGeneralAndAdministrativeExpenses": 1067000000, "otherExpenses": -2000000, "operatingExpenses": 1067000000, "costAndExpenses": 4485000000, "interestIncome": 7000000, "interestExpense": 544000000, "depreciationAndAmortization": 122000000, "ebitda": 2261000000, "ebitdaratio": 0.3434082625, "operatingIncome": 2139000000, "operatingIncomeRatio": 0.3248784933, "totalOtherIncomeExpensesNet": -465000000, "incomeBeforeTax": 1674000000, "incomeBeforeTaxRatio": 0.2542527339, "incomeTaxExpense": 99000000, "netIncome": 1575000000, "netIncomeRatio": 0.2392162819, "eps": 5.3, "epsdiluted": 5.22, "weightedAverageShsOut": 297000000, "weightedAverageShsOutDil": 302000000, "link": "https://www.sec.gov/Archives/edgar/data/1041061/000104106122000009/0001041061-22-000009-index.htm", "finalLink": "https://www.sec.gov/Archives/edgar/data/1041061/000104106122000009/yum-20211231.htm", "calculatedOtherExpenses": -40000000, "calculatedOperatingExpenses": 1027000000, "calculatedNetInterest": -537000000, "calculatedOtherIncome": 72000000, "calculatedIncomeNonControlling": 0, "calculatedEbitda": 2261000000}, {"date": "2020-12-31", "symbol": "YUM", "reportedCurrency": "USD", "cik": "0001041061", "fillingDate": "2021-02-22", "acceptedDate": "2021-02-19 18:02:05", "calendarYear": "2020", "period": "FY", "revenue": 5652000000, "costOfRevenue": 2965000000, "grossProfit": 2687000000, "grossProfitRatio": 0.4754069356, "researchAndDevelopmentExpenses": 0, "generalAndAdministrativeExpenses": 1078000000, "sellingAndMarketingExpenses": 0, "sellingGeneralAndAdministrativeExpenses": 1078000000, "otherExpenses": -154000000, "operatingExpenses": 1078000000, "costAndExpenses": 4043000000, "interestIncome": 15000000, "interestExpense": 543000000, "depreciationAndAmortization": 98000000, "ebitda": 1601000000, "ebitdaratio": 0.2832625619, "operatingIncome": 1503000000, "operatingIncomeRatio": 0.2659235669, "totalOtherIncomeExpensesNet": -483000000, "incomeBeforeTax": 1020000000, "incomeBeforeTaxRatio": 0.1804670913, "incomeTaxExpense": 116000000, "netIncome": 904000000, "netIncomeRatio": 0.1599433829, "eps": 2.99, "epsdiluted": 2.94, "weightedAverageShsOut": 302000000, "weightedAverageShsOutDil": 307000000, "link": "https://www.sec.gov/Archives/edgar/data/1041061/000104106121000012/0001041061-21-000012-index.htm", "finalLink": "https://www.sec.gov/Archives/edgar/data/1041061/000104106121000012/yum-20201231.htm", "calculatedOtherExpenses": 106000000, "calculatedOperatingExpenses": 1184000000, "calculatedNetInterest": -528000000, "calculatedOtherIncome": 45000000, "calculatedIncomeNonControlling": 0, "calculatedEbitda": 1601000000}, {"date": "2019-12-31", "symbol": "YUM", "reportedCurrency": "USD", "cik": "0001041061", "fillingDate": "2020-02-20", "acceptedDate": "2020-02-20 07:34:37", "calendarYear": "2019", "period": "FY", "revenue": 5597000000, "costOfRevenue": 2783000000, "grossProfit": 2814000000, "grossProfitRatio": 0.5027693407, "researchAndDevelopmentExpenses": 0, "generalAndAdministrativeExpenses": 921000000, "sellingAndMarketingExpenses": 1368000000, "sellingGeneralAndAdministrativeExpenses": 921000000, "otherExpenses": -4000000, "operatingExpenses": 921000000, "costAndExpenses": 3704000000, "interestIncome": 10000000, "interestExpense": 486000000, "depreciationAndAmortization": 71000000, "ebitda": 2001000000, "ebitdaratio": 0.3575129534, "operatingIncome": 1930000000, "operatingIncomeRatio": 0.3448275862, "totalOtherIncomeExpensesNet": -557000000, "incomeBeforeTax": 1373000000, "incomeBeforeTaxRatio": 0.2453099875, "incomeTaxExpense": 79000000, "netIncome": 1294000000, "netIncomeRatio": 0.2311952832, "eps": 4.23, "epsdiluted": 4.13, "weightedAverageShsOut": 306000000, "weightedAverageShsOutDil": 313000000, "link": "https://www.sec.gov/Archives/edgar/data/1041061/000104106120000015/0001041061-20-000015-index.htm", "finalLink": "https://www.sec.gov/Archives/edgar/data/1041061/000104106120000015/yum10k12312019.htm", "calculatedOtherExpenses": -37000000, "calculatedOperatingExpenses": 884000000, "calculatedNetInterest": -476000000, "calculatedOtherIncome": -81000000, "calculatedIncomeNonControlling": 0, "calculatedEbitda": 2001000000}, {"date": "2018-12-31", "symbol": "YUM", "reportedCurrency": "USD", "cik": "0001041061", "fillingDate": "2019-02-21", "acceptedDate": "2019-02-21 08:05:55", "calendarYear": "2018", "period": "FY", "revenue": 5688000000, "costOfRevenue": 3030000000, "grossProfit": 2658000000, "grossProfitRatio": 0.4672995781, "researchAndDevelopmentExpenses": 0, "generalAndAdministrativeExpenses": 909000000, "sellingAndMarketingExpenses": 1208000000, "sellingGeneralAndAdministrativeExpenses": 909000000, "otherExpenses": -7000000, "operatingExpenses": 909000000, "costAndExpenses": 3939000000, "interestIncome": 0, "interestExpense": 452000000, "depreciationAndAmortization": 137000000, "ebitda": 1879000000, "ebitdaratio": 0.3303445851, "operatingIncome": 2296000000, "operatingIncomeRatio": 0.4036568214, "totalOtherIncomeExpensesNet": 542000000, "incomeBeforeTax": 1839000000, "incomeBeforeTaxRatio": 0.3233122363, "incomeTaxExpense": 297000000, "netIncome": 1542000000, "netIncomeRatio": 0.2710970464, "eps": 4.79, "epsdiluted": 4.69, "weightedAverageShsOut": 322000000, "weightedAverageShsOutDil": 329000000, "link": "https://www.sec.gov/Archives/edgar/data/1041061/000104106119000010/0001041061-19-000010-index.htm", "finalLink": "https://www.sec.gov/Archives/edgar/data/1041061/000104106119000010/yum10k12312018.htm", "calculatedOtherExpenses": -547000000, "calculatedOperatingExpenses": 362000000, "calculatedNetInterest": -452000000, "calculatedOtherIncome": -5000000, "calculatedIncomeNonControlling": 0, "calculatedEbitda": 2433000000}, {"date": "2017-12-31", "symbol": "YUM", "reportedCurrency": "USD", "cik": "0001041061", "fillingDate": "2018-02-22", "acceptedDate": "2018-02-21 18:48:05", "calendarYear": "2017", "period": "FY", "revenue": 5878000000, "costOfRevenue": 3191000000, "grossProfit": 2687000000, "grossProfitRatio": 0.4571282749, "researchAndDevelopmentExpenses": 22000000, "generalAndAdministrativeExpenses": 1046000000, "sellingAndMarketingExpenses": 0, "sellingGeneralAndAdministrativeExpenses": 1046000000, "otherExpenses": -7000000, "operatingExpenses": 1046000000, "costAndExpenses": 4237000000, "interestIncome": 0, "interestExpense": 440000000, "depreciationAndAmortization": 253000000, "ebitda": 1887000000, "ebitdaratio": 0.3210275604, "operatingIncome": 2761000000, "operatingIncomeRatio": 0.469717591, "totalOtherIncomeExpensesNet": 1073000000, "incomeBeforeTax": 2274000000, "incomeBeforeTaxRatio": 0.386866281, "incomeTaxExpense": 934000000, "netIncome": 1340000000, "netIncomeRatio": 0.2279686968, "eps": 3.86, "epsdiluted": 3.77, "weightedAverageShsOut": 347000000, "weightedAverageShsOutDil": 355000000, "link": "https://www.sec.gov/Archives/edgar/data/1041061/000104106118000013/0001041061-18-000013-index.htm", "finalLink": "https://www.sec.gov/Archives/edgar/data/1041061/000104106118000013/yum10k12312017.htm", "calculatedOtherExpenses": -1142000000, "calculatedOperatingExpenses": -74000000, "calculatedNetInterest": -440000000, "calculatedOtherIncome": -47000000, "calculatedIncomeNonControlling": 0, "calculatedEbitda": 3014000000}, {"date": "2016-12-31", "symbol": "YUM", "reportedCurrency": "USD", "cik": "0001041061", "fillingDate": "2017-02-22", "acceptedDate": "2017-02-22 06:16:42", "calendarYear": "2016", "period": "FY", "revenue": 6356000000, "costOfRevenue": 3690000000, "grossProfit": 2666000000, "grossProfitRatio": 0.4194461926, "researchAndDevelopmentExpenses": 24000000, "generalAndAdministrativeExpenses": 1161000000, "sellingAndMarketingExpenses": 0, "sellingGeneralAndAdministrativeExpenses": 1161000000, "otherExpenses": -3000000, "operatingExpenses": 1161000000, "costAndExpenses": 4851000000, "interestIncome": 0, "interestExpense": 305000000, "depreciationAndAmortization": 309000000, "ebitda": 1502000000, "ebitdaratio": 0.236312146, "operatingIncome": 1682000000, "operatingIncomeRatio": 0.2646318439, "totalOtherIncomeExpensesNet": 145000000, "incomeBeforeTax": 1345000000, "incomeBeforeTaxRatio": 0.2116110761, "incomeTaxExpense": 327000000, "netIncome": 1643000000, "netIncomeRatio": 0.2584959094, "eps": 4.17, "epsdiluted": 4.1, "weightedAverageShsOut": 394000000, "weightedAverageShsOutDil": 400000000, "link": "https://www.sec.gov/Archives/edgar/data/1041061/000104106117000016/0001041061-17-000016-index.htm", "finalLink": "https://www.sec.gov/Archives/edgar/data/1041061/000104106117000016/yum10k12312016.htm", "calculatedOtherExpenses": -201000000, "calculatedOperatingExpenses": 984000000, "calculatedNetInterest": -305000000, "calculatedOtherIncome": -32000000, "calculatedIncomeNonControlling": -625000000, "calculatedEbitda": 1991000000}, {"date": "2015-12-26", "symbol": "YUM", "reportedCurrency": "USD", "cik": "0001041061", "fillingDate": "2016-02-16", "acceptedDate": "2016-02-16 16:52:10", "calendarYear": "2015", "period": "FY", "revenue": 13105000000, "costOfRevenue": 9601000000, "grossProfit": 3504000000, "grossProfitRatio": 0.267378863, "researchAndDevelopmentExpenses": 24000000, "generalAndAdministrativeExpenses": 1504000000, "sellingAndMarketingExpenses": 0, "sellingGeneralAndAdministrativeExpenses": 1504000000, "otherExpenses": 10000000, "operatingExpenses": 1504000000, "costAndExpenses": 11105000000, "interestIncome": 0, "interestExpense": 134000000, "depreciationAndAmortization": 747000000, "ebitda": 2757000000, "ebitdaratio": 0.2103777184, "operatingIncome": 1921000000, "operatingIncomeRatio": 0.1465852728, "totalOtherIncomeExpensesNet": -79000000, "incomeBeforeTax": 1787000000, "incomeBeforeTaxRatio": 0.1363601679, "incomeTaxExpense": 489000000, "netIncome": 1293000000, "netIncomeRatio": 0.0986646318, "eps": 2.95, "epsdiluted": 2.9, "weightedAverageShsOut": 435000000, "weightedAverageShsOutDil": 443000000, "link": "https://www.sec.gov/Archives/edgar/data/1041061/000104106116000056/0001041061-16-000056-index.htm", "finalLink": "https://www.sec.gov/Archives/edgar/data/1041061/000104106116000056/yum10k12262015.htm", "calculatedOtherExpenses": 55000000, "calculatedOperatingExpenses": 1583000000, "calculatedNetInterest": -134000000, "calculatedOtherIncome": 0, "calculatedIncomeNonControlling": 5000000, "calculatedEbitda": 2668000000}, {"date": "2014-12-27", "symbol": "YUM", "reportedCurrency": "USD", "cik": "0001041061", "fillingDate": "2015-02-17", "acceptedDate": "2015-02-17 16:47:44", "calendarYear": "2014", "period": "FY", "revenue": 13279000000, "costOfRevenue": 9842000000, "grossProfit": 3437000000, "grossProfitRatio": 0.2588297312, "researchAndDevelopmentExpenses": 25000000, "generalAndAdministrativeExpenses": 1419000000, "sellingAndMarketingExpenses": 0, "sellingGeneralAndAdministrativeExpenses": 1419000000, "otherExpenses": 41000000, "operatingExpenses": 1419000000, "costAndExpenses": 11261000000, "interestIncome": 0, "interestExpense": 130000000, "depreciationAndAmortization": 739000000, "ebitda": 2798000000, "ebitdaratio": 0.2107086377, "operatingIncome": 1557000000, "operatingIncomeRatio": 0.1172528052, "totalOtherIncomeExpensesNet": -461000000, "incomeBeforeTax": 1427000000, "incomeBeforeTaxRatio": 0.1074629114, "incomeTaxExpense": 406000000, "netIncome": 1051000000, "netIncomeRatio": 0.0791475262, "eps": 2.37, "epsdiluted": 2.32, "weightedAverageShsOut": 444000000, "weightedAverageShsOutDil": 453000000, "link": "https://www.sec.gov/Archives/edgar/data/1041061/000104106115000007/0001041061-15-000007-index.htm", "finalLink": "https://www.sec.gov/Archives/edgar/data/1041061/000104106115000007/yum10k12272014.htm", "calculatedOtherExpenses": 436000000, "calculatedOperatingExpenses": 1880000000, "calculatedNetInterest": -130000000, "calculatedOtherIncome": 0, "calculatedIncomeNonControlling": -30000000, "calculatedEbitda": 2296000000}, {"date": "2013-12-28", "symbol": "YUM", "reportedCurrency": "USD", "cik": "0001041061", "fillingDate": "2014-02-18", "acceptedDate": "2014-02-18 17:26:37", "calendarYear": "2013", "period": "FY", "revenue": 13084000000, "costOfRevenue": 9501000000, "grossProfit": 3583000000, "grossProfitRatio": 0.2738459187, "researchAndDevelopmentExpenses": 31000000, "generalAndAdministrativeExpenses": 1412000000, "sellingAndMarketingExpenses": 0, "sellingGeneralAndAdministrativeExpenses": 1412000000, "otherExpenses": 6541000000, "operatingExpenses": 1412000000, "costAndExpenses": 9501000000, "interestIncome": 23000000, "interestExpense": 270000000, "depreciationAndAmortization": 721000000, "ebitda": 1798000000, "ebitdaratio": 0.1374197493, "operatingIncome": 1798000000, "operatingIncomeRatio": 0.1374197493, "totalOtherIncomeExpensesNet": -215000000, "incomeBeforeTax": 1551000000, "incomeBeforeTaxRatio": 0.1185417304, "incomeTaxExpense": 487000000, "netIncome": 1091000000, "netIncomeRatio": 0.0833842862, "eps": 2.41, "epsdiluted": 2.36, "weightedAverageShsOut": 452000000, "weightedAverageShsOutDil": 461000000, "link": "https://www.sec.gov/Archives/edgar/data/1041061/000104106114000007/0001041061-14-000007-index.htm", "finalLink": "https://www.sec.gov/Archives/edgar/data/1041061/000104106114000007/yum10k12282013.htm", "calculatedOtherExpenses": 342000000, "calculatedOperatingExpenses": 1785000000, "calculatedNetInterest": -247000000, "calculatedOtherIncome": 0, "calculatedIncomeNonControlling": -27000000, "calculatedEbitda": 2519000000}, {"date": "2012-12-29", "symbol": "YUM", "reportedCurrency": "USD", "cik": "0001041061", "fillingDate": "2013-02-20", "acceptedDate": "2013-02-19 17:34:03", "calendarYear": "2012", "period": "FY", "revenue": 13633000000, "costOfRevenue": 9985000000, "grossProfit": 3648000000, "grossProfitRatio": 0.2675860045, "researchAndDevelopmentExpenses": 30000000, "generalAndAdministrativeExpenses": 1510000000, "sellingAndMarketingExpenses": 0, "sellingGeneralAndAdministrativeExpenses": 1510000000, "otherExpenses": 115000000, "operatingExpenses": 1510000000, "costAndExpenses": 11495000000, "interestIncome": 20000000, "interestExpense": 149000000, "depreciationAndAmortization": 645000000, "ebitda": 2898000000, "ebitdaratio": 0.2125724345, "operatingIncome": 2294000000, "operatingIncomeRatio": 0.1682681728, "totalOtherIncomeExpensesNet": 156000000, "incomeBeforeTax": 2145000000, "incomeBeforeTaxRatio": 0.1573388102, "incomeTaxExpense": 537000000, "netIncome": 1597000000, "netIncomeRatio": 0.1171422284, "eps": 3.46, "epsdiluted": 3.38, "weightedAverageShsOut": 461000000, "weightedAverageShsOutDil": 473000000, "link": "https://www.sec.gov/Archives/edgar/data/1041061/000104106113000007/0001041061-13-000007-index.htm", "finalLink": "https://www.sec.gov/Archives/edgar/data/1041061/000104106113000007/yum10k12292012.htm", "calculatedOtherExpenses": -186000000, "calculatedOperatingExpenses": 1354000000, "calculatedNetInterest": -129000000, "calculatedOtherIncome": -20000000, "calculatedIncomeNonControlling": 11000000, "calculatedEbitda": 2939000000}, {"date": "2011-12-31", "symbol": "YUM", "reportedCurrency": "USD", "cik": "0001041061", "fillingDate": "2012-02-21", "acceptedDate": "2012-02-21 08:59:16", "calendarYear": "2011", "period": "FY", "revenue": 12626000000, "costOfRevenue": 9140000000, "grossProfit": 3486000000, "grossProfitRatio": 0.2760969428, "researchAndDevelopmentExpenses": 0, "generalAndAdministrativeExpenses": 1372000000, "sellingAndMarketingExpenses": 145000000, "sellingGeneralAndAdministrativeExpenses": 1517000000, "otherExpenses": 6350000000, "operatingExpenses": 1464000000, "costAndExpenses": 10604000000, "interestIncome": 28000000, "interestExpense": 184000000, "depreciationAndAmortization": 628000000, "ebitda": 2857000000, "ebitdaratio": 0.2262791066, "operatingIncome": 1815000000, "operatingIncomeRatio": 0.14375099, "totalOtherIncomeExpensesNet": -207000000, "incomeBeforeTax": 1659000000, "incomeBeforeTaxRatio": 0.131395533, "incomeTaxExpense": 324000000, "netIncome": 1319000000, "netIncomeRatio": 0.1044669729, "eps": 2.81, "epsdiluted": 2.74, "weightedAverageShsOut": 469000000, "weightedAverageShsOutDil": 481000000, "link": "https://www.sec.gov/Archives/edgar/data/1041061/000104106112000005/0001041061-12-000005-index.htm", "finalLink": "https://www.sec.gov/Archives/edgar/data/1041061/000104106112000005/yum10k123111.htm", "calculatedOtherExpenses": 154000000, "calculatedOperatingExpenses": 1671000000, "calculatedNetInterest": -156000000, "calculatedOtherIncome": 0, "calculatedIncomeNonControlling": 16000000, "calculatedEbitda": 2443000000}, {"date": "2010-12-25", "symbol": "YUM", "reportedCurrency": "USD", "cik": "0001041061", "fillingDate": "2011-02-15", "acceptedDate": "2011-02-15 15:16:03", "calendarYear": "2010", "period": "FY", "revenue": 11343000000, "costOfRevenue": 8120000000, "grossProfit": 3223000000, "grossProfitRatio": 0.2841399982, "researchAndDevelopmentExpenses": 0, "generalAndAdministrativeExpenses": 0, "sellingAndMarketingExpenses": 0, "sellingGeneralAndAdministrativeExpenses": 1387000000, "otherExpenses": 0, "operatingExpenses": 1407000000, "costAndExpenses": 9527000000, "interestIncome": 20000000, "interestExpense": 195000000, "depreciationAndAmortization": 589000000, "ebitda": 2452000000, "ebitdaratio": 0.2161685621, "operatingIncome": 1769000000, "operatingIncomeRatio": 0.1559552147, "totalOtherIncomeExpensesNet": -47000000, "incomeBeforeTax": 1594000000, "incomeBeforeTaxRatio": 0.1405271974, "incomeTaxExpense": 416000000, "netIncome": 1158000000, "netIncomeRatio": 0.1020893943, "eps": 2.44, "epsdiluted": 2.38, "weightedAverageShsOut": 474000000, "weightedAverageShsOutDil": 486000000, "link": "https://www.sec.gov/Archives/edgar/data/1041061/000104106111000009/0001041061-11-000009-index.htm", "finalLink": "https://www.sec.gov/Archives/edgar/data/1041061/000104106111000009/form_10k122510.htm", "calculatedOtherExpenses": 67000000, "calculatedOperatingExpenses": 1454000000, "calculatedNetInterest": -175000000, "calculatedOtherIncome": 0, "calculatedIncomeNonControlling": 20000000, "calculatedEbitda": 2358000000}, {"date": "2009-12-26", "symbol": "YUM", "reportedCurrency": "USD", "cik": "0001041061", "fillingDate": "2010-02-17", "acceptedDate": "2010-02-17 16:00:59", "calendarYear": "2009", "period": "FY", "revenue": 10836000000, "costOfRevenue": 8052000000, "grossProfit": 2784000000, "grossProfitRatio": 0.2569213732, "researchAndDevelopmentExpenses": 0, "generalAndAdministrativeExpenses": 0, "sellingAndMarketingExpenses": 0, "sellingGeneralAndAdministrativeExpenses": 1324000000, "otherExpenses": -130000000, "operatingExpenses": 1194000000, "costAndExpenses": 9246000000, "interestIncome": 18000000, "interestExpense": 212000000, "depreciationAndAmortization": 580000000, "ebitda": 2188000000, "ebitdaratio": 0.2019195275, "operatingIncome": 1590000000, "operatingIncomeRatio": 0.1467331118, "totalOtherIncomeExpensesNet": -194000000, "incomeBeforeTax": 1396000000, "incomeBeforeTaxRatio": 0.1288298265, "incomeTaxExpense": 313000000, "netIncome": 1071000000, "netIncomeRatio": 0.0988372093, "eps": 2.28, "epsdiluted": 2.22, "weightedAverageShsOut": 471000000, "weightedAverageShsOutDil": 483000000, "link": "https://www.sec.gov/Archives/edgar/data/1041061/000104106110000011/0001041061-10-000011-index.htm", "finalLink": "https://www.sec.gov/Archives/edgar/data/1041061/000104106110000011/form_10k122609.htm", "calculatedOtherExpenses": -130000000, "calculatedOperatingExpenses": 1194000000, "calculatedNetInterest": -194000000, "calculatedOtherIncome": 0, "calculatedIncomeNonControlling": 12000000, "calculatedEbitda": 2170000000}, {"date": "2008-12-27", "symbol": "YUM", "reportedCurrency": "USD", "cik": "0001041061", "fillingDate": "2009-02-23", "acceptedDate": "2009-02-23 17:27:29", "calendarYear": "2008", "period": "FY", "revenue": 11279000000, "costOfRevenue": 8539000000, "grossProfit": 2740000000, "grossProfitRatio": 0.2429293377, "researchAndDevelopmentExpenses": 0, "generalAndAdministrativeExpenses": 0, "sellingAndMarketingExpenses": 0, "sellingGeneralAndAdministrativeExpenses": 1342000000, "otherExpenses": -151000000, "operatingExpenses": 1196000000, "costAndExpenses": 9735000000, "interestIncome": 27000000, "interestExpense": 226000000, "depreciationAndAmortization": 556000000, "ebitda": 2100000000, "ebitdaratio": 0.1861867187, "operatingIncome": 1506000000, "operatingIncomeRatio": 0.1335224754, "totalOtherIncomeExpensesNet": -38000000, "incomeBeforeTax": 1280000000, "incomeBeforeTaxRatio": 0.1134852381, "incomeTaxExpense": 316000000, "netIncome": 964000000, "netIncomeRatio": 0.0854685699, "eps": 2.03, "epsdiluted": 1.96, "weightedAverageShsOut": 475000000, "weightedAverageShsOutDil": 491000000, "link": "https://www.sec.gov/Archives/edgar/data/1041061/000104106109000077/0001041061-09-000077-index.htm", "finalLink": "https://www.sec.gov/Archives/edgar/data/1041061/000104106109000077/form_10-k22309.htm", "calculatedOtherExpenses": -108000000, "calculatedOperatingExpenses": 1234000000, "calculatedNetInterest": -199000000, "calculatedOtherIncome": -27000000, "calculatedIncomeNonControlling": 0, "calculatedEbitda": 2062000000}, {"date": "2007-12-31", "symbol": "YUM", "reportedCurrency": "USD", "cik": "0001041061", "fillingDate": "2008-02-25", "acceptedDate": "2008-02-25 17:06:11", "calendarYear": "2007", "period": "FY", "revenue": 10416000000, "costOfRevenue": 7813000000, "grossProfit": 2603000000, "grossProfitRatio": 0.2499039939, "researchAndDevelopmentExpenses": 0, "generalAndAdministrativeExpenses": 0, "sellingAndMarketingExpenses": 0, "sellingGeneralAndAdministrativeExpenses": 1293000000, "otherExpenses": -71000000, "operatingExpenses": 1222000000, "costAndExpenses": 9035000000, "interestIncome": 0, "interestExpense": 166000000, "depreciationAndAmortization": 542000000, "ebitda": 1933000000, "ebitdaratio": 0.1855798771, "operatingIncome": 1357000000, "operatingIncomeRatio": 0.1302803379, "totalOtherIncomeExpensesNet": 47000000, "incomeBeforeTax": 1191000000, "incomeBeforeTaxRatio": 0.114343318, "incomeTaxExpense": 282000000, "netIncome": 909000000, "netIncomeRatio": 0.0872695853, "eps": 1.74, "epsdiluted": 1.68, "weightedAverageShsOut": 522000000, "weightedAverageShsOutDil": 541000000, "link": "https://www.sec.gov/Archives/edgar/data/1041061/000104106108000092/0001041061-08-000092-index.htm", "finalLink": "https://www.sec.gov/Archives/edgar/data/1041061/000104106108000092/form10k.htm", "calculatedOtherExpenses": -47000000, "calculatedOperatingExpenses": 1246000000, "calculatedNetInterest": -166000000, "calculatedOtherIncome": 0, "calculatedIncomeNonControlling": 0, "calculatedEbitda": 1899000000}, {"date": "2006-12-31", "symbol": "YUM", "reportedCurrency": "USD", "cik": "0001041061", "fillingDate": "2007-02-28", "acceptedDate": "2007-02-28 12:06:08", "calendarYear": "2006", "period": "FY", "revenue": 9561000000, "costOfRevenue": 7094000000, "grossProfit": 2467000000, "grossProfitRatio": 0.258027403, "researchAndDevelopmentExpenses": 0, "generalAndAdministrativeExpenses": 0, "sellingAndMarketingExpenses": 0, "sellingGeneralAndAdministrativeExpenses": 1222000000, "otherExpenses": -76000000, "operatingExpenses": 1146000000, "costAndExpenses": 8240000000, "interestIncome": 0, "interestExpense": 127000000, "depreciationAndAmortization": 479000000, "ebitda": 1783000000, "ebitdaratio": 0.1864867692, "operatingIncome": 1262000000, "operatingIncomeRatio": 0.1319945612, "totalOtherIncomeExpensesNet": 17000000, "incomeBeforeTax": 1108000000, "incomeBeforeTaxRatio": 0.1158874595, "incomeTaxExpense": 284000000, "netIncome": 824000000, "netIncomeRatio": 0.0861834536, "eps": 1.51, "epsdiluted": 1.46, "weightedAverageShsOut": 545695364, "weightedAverageShsOutDil": 564383562, "link": "https://www.sec.gov/Archives/edgar/data/1041061/000104106107000140/0001041061-07-000140-index.htm", "finalLink": "https://www.sec.gov/Archives/edgar/data/1041061/000104106107000140/form10k06.htm", "calculatedOtherExpenses": -17000000, "calculatedOperatingExpenses": 1205000000, "calculatedNetInterest": -127000000, "calculatedOtherIncome": -27000000, "calculatedIncomeNonControlling": 0, "calculatedEbitda": 1741000000}, {"date": "2005-12-31", "symbol": "YUM", "reportedCurrency": "USD", "cik": "0001041061", "fillingDate": "2005-12-31", "acceptedDate": "2005-12-30 19:00:00", "calendarYear": "2005", "period": "FY", "revenue": 9349000000, "costOfRevenue": 7122000000, "grossProfit": 2227000000, "grossProfitRatio": 0.2382072949, "researchAndDevelopmentExpenses": 0, "generalAndAdministrativeExpenses": 0, "sellingAndMarketingExpenses": 0, "sellingGeneralAndAdministrativeExpenses": 1158000000, "otherExpenses": -84000000, "operatingExpenses": 1074000000, "costAndExpenses": 8196000000, "interestIncome": 0, "interestExpense": 127000000, "depreciationAndAmortization": 469000000, "ebitda": 1538000000, "ebitdaratio": 0.1645095732, "operatingIncome": 1153000000, "operatingIncomeRatio": 0.1233286983, "totalOtherIncomeExpensesNet": 84000000, "incomeBeforeTax": 1026000000, "incomeBeforeTaxRatio": 0.1097443577, "incomeTaxExpense": 264000000, "netIncome": 762000000, "netIncomeRatio": 0.0815060434, "eps": 1.33, "epsdiluted": 1.27, "weightedAverageShsOut": 572000000, "weightedAverageShsOutDil": 596000000, "link": "", "finalLink": "", "calculatedOtherExpenses": -84000000, "calculatedOperatingExpenses": 1074000000, "calculatedNetInterest": -127000000, "calculatedOtherIncome": 0, "calculatedIncomeNonControlling": 0, "calculatedEbitda": 1622000000}, {"date": "2004-12-25", "symbol": "YUM", "reportedCurrency": "USD", "cik": "0001041061", "fillingDate": "2005-02-28", "acceptedDate": "2005-02-28 16:37:41", "calendarYear": "2004", "period": "FY", "revenue": 9011000000, "costOfRevenue": 4721000000, "grossProfit": 4290000000, "grossProfitRatio": 0.4760847853, "researchAndDevelopmentExpenses": 0, "generalAndAdministrativeExpenses": 0, "sellingAndMarketingExpenses": 0, "sellingGeneralAndAdministrativeExpenses": 3220000000, "otherExpenses": -85000000, "operatingExpenses": 3135000000, "costAndExpenses": 7856000000, "interestIncome": 0, "interestExpense": 173000000, "depreciationAndAmortization": 448000000, "ebitda": 1572000000, "ebitdaratio": 0.1744534458, "operatingIncome": 1155000000, "operatingIncomeRatio": 0.128176673, "totalOtherIncomeExpensesNet": 85000000, "incomeBeforeTax": 1026000000, "incomeBeforeTaxRatio": 0.1138608368, "incomeTaxExpense": 286000000, "netIncome": 740000000, "netIncomeRatio": 0.0821218511, "eps": 1.27, "epsdiluted": 1.21, "weightedAverageShsOut": 582000000, "weightedAverageShsOutDil": 610000000, "link": "https://www.sec.gov/Archives/edgar/data/1041061/000104106105000102/0001041061-05-000102-index.htm", "finalLink": "https://www.sec.gov/Archives/edgar/data/1041061/000104106105000102/finalform10k.htm", "calculatedOtherExpenses": -85000000, "calculatedOperatingExpenses": 3135000000, "calculatedNetInterest": -173000000, "calculatedOtherIncome": 44000000, "calculatedIncomeNonControlling": 0, "calculatedEbitda": 1603000000}, {"date": "2003-12-27", "symbol": "YUM", "reportedCurrency": "USD", "cik": "0001041061", "fillingDate": "2004-03-05", "acceptedDate": "2004-03-05 16:33:55", "calendarYear": "2003", "period": "FY", "revenue": 8380000000, "costOfRevenue": 4341000000, "grossProfit": 4039000000, "grossProfitRatio": 0.4819809069, "researchAndDevelopmentExpenses": 0, "generalAndAdministrativeExpenses": 0, "sellingAndMarketingExpenses": 0, "sellingGeneralAndAdministrativeExpenses": 3005000000, "otherExpenses": -25000000, "operatingExpenses": 2980000000, "costAndExpenses": 7321000000, "interestIncome": 0, "interestExpense": 173000000, "depreciationAndAmortization": 401000000, "ebitda": 1435000000, "ebitdaratio": 0.1712410501, "operatingIncome": 1059000000, "operatingIncomeRatio": 0.126372315, "totalOtherIncomeExpensesNet": 25000000, "incomeBeforeTax": 886000000, "incomeBeforeTaxRatio": 0.1057279236, "incomeTaxExpense": 268000000, "netIncome": 617000000, "netIncomeRatio": 0.073627685, "eps": 1.05, "epsdiluted": 1.01, "weightedAverageShsOut": 587619048, "weightedAverageShsOutDil": 610891089, "link": "https://www.sec.gov/Archives/edgar/data/1041061/000104106104000122/0001041061-04-000122-index.htm", "finalLink": "https://www.sec.gov/Archives/edgar/data/1041061/000104106104000122/form10k03.htm", "calculatedOtherExpenses": -25000000, "calculatedOperatingExpenses": 2980000000, "calculatedNetInterest": -173000000, "calculatedOtherIncome": 0, "calculatedIncomeNonControlling": 1000000, "calculatedEbitda": 1460000000}, {"date": "2002-12-28", "symbol": "YUM", "reportedCurrency": "USD", "cik": "0001041061", "fillingDate": "2003-03-11", "acceptedDate": "2003-03-11 14:26:50", "calendarYear": "2002", "period": "FY", "revenue": 7757000000, "costOfRevenue": 3915000000, "grossProfit": 3842000000, "grossProfitRatio": 0.4952945726, "researchAndDevelopmentExpenses": 0, "generalAndAdministrativeExpenses": 0, "sellingAndMarketingExpenses": 0, "sellingGeneralAndAdministrativeExpenses": 2837000000, "otherExpenses": 0, "operatingExpenses": 2837000000, "costAndExpenses": 6752000000, "interestIncome": 0, "interestExpense": 176000000, "depreciationAndAmortization": 370000000, "ebitda": 1350000000, "ebitdaratio": 0.1740363543, "operatingIncome": 1005000000, "operatingIncomeRatio": 0.1295603971, "totalOtherIncomeExpensesNet": 25000000, "incomeBeforeTax": 858000000, "incomeBeforeTaxRatio": 0.1106097718, "incomeTaxExpense": 275000000, "netIncome": 583000000, "netIncomeRatio": 0.0751579219, "eps": 0.99, "epsdiluted": 0.94, "weightedAverageShsOut": 591878173, "weightedAverageShsOutDil": 620212766, "link": "https://www.sec.gov/Archives/edgar/data/1041061/000104106103000003/0001041061-03-000003-index.htm", "finalLink": "https://www.sec.gov/Archives/edgar/data/1041061/000104106103000003/form10k02.htm", "calculatedOtherExpenses": 0, "calculatedOperatingExpenses": 2837000000, "calculatedNetInterest": -176000000, "calculatedOtherIncome": 29000000, "calculatedIncomeNonControlling": 0, "calculatedEbitda": 1375000000}, {"date": "2001-12-29", "symbol": "YUM", "reportedCurrency": "USD", "cik": "0001041061", "fillingDate": "2002-03-11", "acceptedDate": "2002-03-11 00:00:00", "calendarYear": "2001", "period": "FY", "revenue": 6953000000, "costOfRevenue": 3566000000, "grossProfit": 3387000000, "grossProfitRatio": 0.4871278585, "researchAndDevelopmentExpenses": 0, "generalAndAdministrativeExpenses": 0, "sellingAndMarketingExpenses": 0, "sellingGeneralAndAdministrativeExpenses": 2521000000, "otherExpenses": 0, "operatingExpenses": 2521000000, "costAndExpenses": 6087000000, "interestIncome": 0, "interestExpense": 0, "depreciationAndAmortization": 354000000, "ebitda": 1195000000, "ebitdaratio": 0.1718682583, "operatingIncome": 866000000, "operatingIncomeRatio": 0.1245505537, "totalOtherIncomeExpensesNet": 25000000, "incomeBeforeTax": 733000000, "incomeBeforeTaxRatio": 0.1054221199, "incomeTaxExpense": 241000000, "netIncome": 492000000, "netIncomeRatio": 0.0707608227, "eps": 0.84, "epsdiluted": 0.81, "weightedAverageShsOut": 585714286, "weightedAverageShsOutDil": 607407407, "link": "https://www.sec.gov/Archives/edgar/data/1041061/000104106102000003/0001041061-02-000003-index.htm", "finalLink": "https://www.sec.gov/Archives/edgar/data/1041061/000104106102000003/form10k2001.htm", "calculatedOtherExpenses": 0, "calculatedOperatingExpenses": 2521000000, "calculatedNetInterest": 0, "calculatedOtherIncome": -133000000, "calculatedIncomeNonControlling": 0, "calculatedEbitda": 1220000000}, {"date": "2000-12-30", "symbol": "YUM", "reportedCurrency": "USD", "cik": "0001041061", "fillingDate": "2001-03-28", "acceptedDate": "2001-03-28 00:00:00", "calendarYear": "2000", "period": "FY", "revenue": 7093000000, "costOfRevenue": 3253000000, "grossProfit": 3840000000, "grossProfitRatio": 0.5413788242, "researchAndDevelopmentExpenses": 0, "generalAndAdministrativeExpenses": 0, "sellingAndMarketingExpenses": 0, "sellingGeneralAndAdministrativeExpenses": 2623000000, "otherExpenses": 354000000, "operatingExpenses": 2977000000, "costAndExpenses": 6230000000, "interestIncome": 0, "interestExpense": 0, "depreciationAndAmortization": 354000000, "ebitda": 1220000000, "ebitdaratio": 0.1720005639, "operatingIncome": 863000000, "operatingIncomeRatio": 0.1216692514, "totalOtherIncomeExpensesNet": -3000000, "incomeBeforeTax": 684000000, "incomeBeforeTaxRatio": 0.0964331031, "incomeTaxExpense": 271000000, "netIncome": 413000000, "netIncomeRatio": 0.0582264204, "eps": 0.7, "epsdiluted": 0.69, "weightedAverageShsOut": 587900356, "weightedAverageShsOutDil": 596389892, "link": "https://www.sec.gov/Archives/edgar/data/1041061/000104106101500003/0001041061-01-500003-index.htm", "finalLink": "https://www.sec.gov/Archives/edgar/data/1041061/000104106101500003/formk2000.htm", "calculatedOtherExpenses": 354000000, "calculatedOperatingExpenses": 2977000000, "calculatedNetInterest": 0, "calculatedOtherIncome": -179000000, "calculatedIncomeNonControlling": 0, "calculatedEbitda": 1217000000}, {"date": "1999-12-25", "symbol": "YUM", "reportedCurrency": "USD", "cik": "0001041061", "fillingDate": "2000-03-06", "acceptedDate": "2000-03-06 00:00:00", "calendarYear": "1999", "period": "FY", "revenue": 7822000000, "costOfRevenue": 3666000000, "grossProfit": 4156000000, "grossProfitRatio": 0.5313219126, "researchAndDevelopmentExpenses": 0, "generalAndAdministrativeExpenses": 0, "sellingAndMarketingExpenses": 0, "sellingGeneralAndAdministrativeExpenses": 2860000000, "otherExpenses": 386000000, "operatingExpenses": 3246000000, "costAndExpenses": 6912000000, "interestIncome": 0, "interestExpense": 0, "depreciationAndAmortization": 386000000, "ebitda": 966000000, "ebitdaratio": 0.1234978266, "operatingIncome": 910000000, "operatingIncomeRatio": 0.1163385323, "totalOtherIncomeExpensesNet": 330000000, "incomeBeforeTax": 1038000000, "incomeBeforeTaxRatio": 0.1327026336, "incomeTaxExpense": 411000000, "netIncome": 627000000, "netIncomeRatio": 0.0801585272, "eps": 1.02, "epsdiluted": 0.98, "weightedAverageShsOut": 613202934, "weightedAverageShsOutDil": 639795918, "link": "https://www.sec.gov/Archives/edgar/data/1041061/000104106100000007/0001041061-00-000007-index.html", "finalLink": "https://www.sec.gov/Archives/edgar/data/1041061/000104106100000007/", "calculatedOtherExpenses": 386000000, "calculatedOperatingExpenses": 3246000000, "calculatedNetInterest": 0, "calculatedOtherIncome": 128000000, "calculatedIncomeNonControlling": 0, "calculatedEbitda": 1296000000}, {"date": "1998-12-26", "symbol": "YUM", "reportedCurrency": "USD", "cik": "0001041061", "fillingDate": "1999-03-23", "acceptedDate": "1999-03-23 00:00:00", "calendarYear": "1998", "period": "FY", "revenue": 8468000000, "costOfRevenue": 4134000000, "grossProfit": 4334000000, "grossProfitRatio": 0.5118091639, "researchAndDevelopmentExpenses": 0, "generalAndAdministrativeExpenses": 0, "sellingAndMarketingExpenses": 0, "sellingGeneralAndAdministrativeExpenses": 3149000000, "otherExpenses": 417000000, "operatingExpenses": 3566000000, "costAndExpenses": 7700000000, "interestIncome": 0, "interestExpense": 0, "depreciationAndAmortization": 417000000, "ebitda": 925000000, "ebitdaratio": 0.1092347662, "operatingIncome": 768000000, "operatingIncomeRatio": 0.0906943788, "totalOtherIncomeExpensesNet": 260000000, "incomeBeforeTax": 756000000, "incomeBeforeTaxRatio": 0.0892772792, "incomeTaxExpense": 311000000, "netIncome": 445000000, "netIncomeRatio": 0.0525507794, "eps": 0.73, "epsdiluted": 0.71, "weightedAverageShsOut": 609589041, "weightedAverageShsOutDil": 626760563, "link": "https://www.sec.gov/Archives/edgar/data/1041061/000104106199000003/0001041061-99-000003-index.html", "finalLink": "https://www.sec.gov/Archives/edgar/data/1041061/", "calculatedOtherExpenses": 417000000, "calculatedOperatingExpenses": 3566000000, "calculatedNetInterest": 0, "calculatedOtherIncome": -12000000, "calculatedIncomeNonControlling": 0, "calculatedEbitda": 1185000000}, {"date": "1997-12-27", "symbol": "YUM", "reportedCurrency": "USD", "cik": "0001041061", "fillingDate": "1998-03-26", "acceptedDate": "1998-03-26 00:00:00", "calendarYear": "1997", "period": "FY", "revenue": 9681000000, "costOfRevenue": 4907000000, "grossProfit": 4774000000, "grossProfitRatio": 0.4931308749, "researchAndDevelopmentExpenses": 0, "generalAndAdministrativeExpenses": 0, "sellingAndMarketingExpenses": 0, "sellingGeneralAndAdministrativeExpenses": 3576000000, "otherExpenses": 536000000, "operatingExpenses": 4112000000, "costAndExpenses": 9019000000, "interestIncome": 0, "interestExpense": 0, "depreciationAndAmortization": 536000000, "ebitda": 1619000000, "ebitdaratio": 0.1672347898, "operatingIncome": 662000000, "operatingIncomeRatio": 0.0683813656, "totalOtherIncomeExpensesNet": -421000000, "incomeBeforeTax": -35000000, "incomeBeforeTaxRatio": -0.003615329, "incomeTaxExpense": 76000000, "netIncome": -111000000, "netIncomeRatio": -0.0114657577, "eps": -0.19, "epsdiluted": -0.19, "weightedAverageShsOut": 576623377, "weightedAverageShsOutDil": 576623377, "link": "https://www.sec.gov/Archives/edgar/data/1041061/000104106198000004/0001041061-98-000004-index.html", "finalLink": "https://www.sec.gov/Archives/edgar/data/1041061/", "calculatedOtherExpenses": 536000000, "calculatedOperatingExpenses": 4112000000, "calculatedNetInterest": 0, "calculatedOtherIncome": -697000000, "calculatedIncomeNonControlling": 0, "calculatedEbitda": 1198000000}]}