{"originalCurrency": "USD", "convertedCurrency": "USD", "report": [{"date": "2023-12-31", "symbol": "YUMC", "reportedCurrency": "USD", "cik": "0001673358", "fillingDate": "2024-02-29", "acceptedDate": "2024-02-29 16:30:54", "calendarYear": "2023", "period": "FY", "revenue": 10978000000, "costOfRevenue": 9095000000, "grossProfit": 1883000000, "grossProfitRatio": 0.1715248679, "researchAndDevelopmentExpenses": 6000000, "generalAndAdministrativeExpenses": 638000000, "sellingAndMarketingExpenses": 399000000, "sellingGeneralAndAdministrativeExpenses": 632000000, "otherExpenses": 2000000, "operatingExpenses": 636000000, "costAndExpenses": 9731000000, "interestIncome": 169000000, "interestExpense": 0, "depreciationAndAmortization": 453000000, "ebitda": 1700000000, "ebitdaratio": 0.1548551649, "operatingIncome": 1247000000, "operatingIncomeRatio": 0.113590818, "totalOtherIncomeExpensesNet": -20999999, "incomeBeforeTax": 1226000000, "incomeBeforeTaxRatio": 0.1116779013, "incomeTaxExpense": 329000000, "netIncome": 827000000, "netIncomeRatio": 0.0753324831, "eps": 1.99, "epsdiluted": 1.97, "weightedAverageShsOut": 416000000, "weightedAverageShsOutDil": 420000000, "link": "https://www.sec.gov/Archives/edgar/data/1673358/000095017024023147/0000950170-24-023147-index.htm", "finalLink": "https://www.sec.gov/Archives/edgar/data/1673358/000095017024023147/yumc-20231231.htm", "calculatedOtherExpenses": -2000000, "calculatedOperatingExpenses": 636000000, "calculatedNetInterest": 169000000, "calculatedOtherIncome": -190000000, "calculatedIncomeNonControlling": 70000000, "calculatedEbitda": 1700000000}, {"date": "2022-12-31", "symbol": "YUMC", "reportedCurrency": "USD", "cik": "0001673358", "fillingDate": "2023-03-01", "acceptedDate": "2023-03-01 16:34:01", "calendarYear": "2022", "period": "FY", "revenue": 9569000000, "costOfRevenue": 8239000000, "grossProfit": 1330000000, "grossProfitRatio": 0.1389904901, "researchAndDevelopmentExpenses": 6000000, "generalAndAdministrativeExpenses": 594000000, "sellingAndMarketingExpenses": 366000000, "sellingGeneralAndAdministrativeExpenses": 588000000, "otherExpenses": 97000000, "operatingExpenses": 497000000, "costAndExpenses": 8736000000, "interestIncome": 84000000, "interestExpense": 0, "depreciationAndAmortization": 1031000000, "ebitda": 1864000000, "ebitdaratio": 0.1947956944, "operatingIncome": 833000000, "operatingIncomeRatio": 0.0870519386, "totalOtherIncomeExpensesNet": -145999999, "incomeBeforeTax": 687000000, "incomeBeforeTaxRatio": 0.0717943359, "incomeTaxExpense": 207000000, "netIncome": 442000000, "netIncomeRatio": 0.0461908245, "eps": 1.05, "epsdiluted": 1.04, "weightedAverageShsOut": 421000000, "weightedAverageShsOutDil": 425000000, "link": "https://www.sec.gov/Archives/edgar/data/1673358/000095017023005571/0000950170-23-005571-index.htm", "finalLink": "https://www.sec.gov/Archives/edgar/data/1673358/000095017023005571/yumc-20221231.htm", "calculatedOtherExpenses": -97000000, "calculatedOperatingExpenses": 497000000, "calculatedNetInterest": 84000000, "calculatedOtherIncome": -230000000, "calculatedIncomeNonControlling": 38000000, "calculatedEbitda": 1864000000}, {"date": "2021-12-31", "symbol": "YUMC", "reportedCurrency": "USD", "cik": "0001673358", "fillingDate": "2022-02-28", "acceptedDate": "2022-02-28 16:32:04", "calendarYear": "2021", "period": "FY", "revenue": 9853000000, "costOfRevenue": 8490000000, "grossProfit": 1363000000, "grossProfitRatio": 0.1383335025, "researchAndDevelopmentExpenses": 6000000, "generalAndAdministrativeExpenses": 564000000, "sellingAndMarketingExpenses": 423000000, "sellingGeneralAndAdministrativeExpenses": 558000000, "otherExpenses": 42999999, "operatingExpenses": 521000000, "costAndExpenses": 9011000000, "interestIncome": 60000000, "interestExpense": 0, "depreciationAndAmortization": 934000000, "ebitda": 1776000000, "ebitdaratio": 0.1802496702, "operatingIncome": 842000000, "operatingIncomeRatio": 0.0854562062, "totalOtherIncomeExpensesNet": 507000000, "incomeBeforeTax": 1349000000, "incomeBeforeTaxRatio": 0.1369126154, "incomeTaxExpense": 369000000, "netIncome": 990000000, "netIncomeRatio": 0.1004770121, "eps": 2.35, "epsdiluted": 2.28, "weightedAverageShsOut": 422000000, "weightedAverageShsOutDil": 434000000, "link": "https://www.sec.gov/Archives/edgar/data/1673358/000156459022007640/0001564590-22-007640-index.htm", "finalLink": "https://www.sec.gov/Archives/edgar/data/1673358/000156459022007640/yumc-10k_20211231.htm", "calculatedOtherExpenses": -43000000, "calculatedOperatingExpenses": 521000000, "calculatedNetInterest": 60000000, "calculatedOtherIncome": 447000000, "calculatedIncomeNonControlling": -10000000, "calculatedEbitda": 1776000000}, {"date": "2020-12-31", "symbol": "YUMC", "reportedCurrency": "USD", "cik": "0001673358", "fillingDate": "2021-02-26", "acceptedDate": "2021-02-26 16:31:56", "calendarYear": "2020", "period": "FY", "revenue": 8263000000, "costOfRevenue": 6996000000, "grossProfit": 1267000000, "grossProfitRatio": 0.1533341401, "researchAndDevelopmentExpenses": 3000000, "generalAndAdministrativeExpenses": 479000000, "sellingAndMarketingExpenses": 367000000, "sellingGeneralAndAdministrativeExpenses": 476000000, "otherExpenses": 285000000, "operatingExpenses": 479000000, "costAndExpenses": 7475000000, "interestIncome": 43000000, "interestExpense": 0, "depreciationAndAmortization": 813000000, "ebitda": 1601000000, "ebitdaratio": 0.1937552947, "operatingIncome": 788000000, "operatingIncomeRatio": 0.0953648796, "totalOtherIncomeExpensesNet": 258000000, "incomeBeforeTax": 1046000000, "incomeBeforeTaxRatio": 0.1265884061, "incomeTaxExpense": 295000000, "netIncome": 784000000, "netIncomeRatio": 0.0948807939, "eps": 2.01, "epsdiluted": 1.95, "weightedAverageShsOut": 390000000, "weightedAverageShsOutDil": 402000000, "link": "https://www.sec.gov/Archives/edgar/data/1673358/000156459021009460/0001564590-21-009460-index.htm", "finalLink": "https://www.sec.gov/Archives/edgar/data/1673358/000156459021009460/yumc-10k_20201231.htm", "calculatedOtherExpenses": 0, "calculatedOperatingExpenses": 479000000, "calculatedNetInterest": 43000000, "calculatedOtherIncome": 215000000, "calculatedIncomeNonControlling": -33000000, "calculatedEbitda": 1601000000}, {"date": "2019-12-31", "symbol": "YUMC", "reportedCurrency": "USD", "cik": "0001673358", "fillingDate": "2020-02-27", "acceptedDate": "2020-02-27 16:33:14", "calendarYear": "2019", "period": "FY", "revenue": 8776000000, "costOfRevenue": 7375000000, "grossProfit": 1401000000, "grossProfitRatio": 0.1596399271, "researchAndDevelopmentExpenses": 4000000, "generalAndAdministrativeExpenses": 487000000, "sellingAndMarketingExpenses": 409000000, "sellingGeneralAndAdministrativeExpenses": 483000000, "otherExpenses": 60000000, "operatingExpenses": 487000000, "costAndExpenses": 7862000000, "interestIncome": 39000000, "interestExpense": 0, "depreciationAndAmortization": 763000000, "ebitda": 1677000000, "ebitdaratio": 0.1910893345, "operatingIncome": 914000000, "operatingIncomeRatio": 0.1041476755, "totalOtherIncomeExpensesNet": 20000000, "incomeBeforeTax": 934000000, "incomeBeforeTaxRatio": 0.106426618, "incomeTaxExpense": 260000000, "netIncome": 713000000, "netIncomeRatio": 0.0812443026, "eps": 1.89, "epsdiluted": 1.84, "weightedAverageShsOut": 377000000, "weightedAverageShsOutDil": 388000000, "link": "https://www.sec.gov/Archives/edgar/data/1673358/000156459020007403/0001564590-20-007403-index.htm", "finalLink": "https://www.sec.gov/Archives/edgar/data/1673358/000156459020007403/yumc-10k_20191231.htm", "calculatedOtherExpenses": 0, "calculatedOperatingExpenses": 487000000, "calculatedNetInterest": 39000000, "calculatedOtherIncome": -19000000, "calculatedIncomeNonControlling": -39000000, "calculatedEbitda": 1677000000}, {"date": "2018-12-31", "symbol": "YUMC", "reportedCurrency": "USD", "cik": "0001673358", "fillingDate": "2019-02-27", "acceptedDate": "2019-02-27 16:37:24", "calendarYear": "2018", "period": "FY", "revenue": 8415000000, "costOfRevenue": 7100000000, "grossProfit": 1315000000, "grossProfitRatio": 0.156268568, "researchAndDevelopmentExpenses": 4000000, "generalAndAdministrativeExpenses": 456000000, "sellingAndMarketingExpenses": 403000000, "sellingGeneralAndAdministrativeExpenses": 452000000, "otherExpenses": 152000000, "operatingExpenses": 456000000, "costAndExpenses": 7556000000, "interestIncome": 36000000, "interestExpense": 0, "depreciationAndAmortization": 440000000, "ebitda": 1299000000, "ebitdaratio": 0.1543672014, "operatingIncome": 859000000, "operatingIncomeRatio": 0.1020796197, "totalOtherIncomeExpensesNet": 26000000, "incomeBeforeTax": 885000000, "incomeBeforeTaxRatio": 0.1051693405, "incomeTaxExpense": 214000000, "netIncome": 708000000, "netIncomeRatio": 0.0841354724, "eps": 1.84, "epsdiluted": 1.79, "weightedAverageShsOut": 384000000, "weightedAverageShsOutDil": 395000000, "link": "https://www.sec.gov/Archives/edgar/data/1673358/000156459019004944/0001564590-19-004944-index.htm", "finalLink": "https://www.sec.gov/Archives/edgar/data/1673358/000156459019004944/yumc-10k_20181231.htm", "calculatedOtherExpenses": 0, "calculatedOperatingExpenses": 456000000, "calculatedNetInterest": 36000000, "calculatedOtherIncome": -10000000, "calculatedIncomeNonControlling": -37000000, "calculatedEbitda": 1299000000}, {"date": "2017-12-31", "symbol": "YUMC", "reportedCurrency": "USD", "cik": "0001673358", "fillingDate": "2018-02-27", "acceptedDate": "2018-02-27 16:31:59", "calendarYear": "2017", "period": "FY", "revenue": 7769000000, "costOfRevenue": 6485000000, "grossProfit": 1284000000, "grossProfitRatio": 0.1652722358, "researchAndDevelopmentExpenses": 5000000, "generalAndAdministrativeExpenses": 495000000, "sellingAndMarketingExpenses": 402000000, "sellingGeneralAndAdministrativeExpenses": 490000000, "otherExpenses": 59000000, "operatingExpenses": 495000000, "costAndExpenses": 6980000000, "interestIncome": 25000000, "interestExpense": 0, "depreciationAndAmortization": 405000000, "ebitda": 1194000000, "ebitdaratio": 0.1536877333, "operatingIncome": 789000000, "operatingIncomeRatio": 0.101557472, "totalOtherIncomeExpensesNet": -50999999, "incomeBeforeTax": 738000000, "incomeBeforeTaxRatio": 0.0949929206, "incomeTaxExpense": 379000000, "netIncome": 398000000, "netIncomeRatio": 0.0512292444, "eps": 1.03, "epsdiluted": 1, "weightedAverageShsOut": 387000000, "weightedAverageShsOutDil": 398000000, "link": "https://www.sec.gov/Archives/edgar/data/1673358/000156459018003524/0001564590-18-003524-index.htm", "finalLink": "https://www.sec.gov/Archives/edgar/data/1673358/000156459018003524/yumc-10k_20171231.htm", "calculatedOtherExpenses": 0, "calculatedOperatingExpenses": 495000000, "calculatedNetInterest": 25000000, "calculatedOtherIncome": -76000000, "calculatedIncomeNonControlling": -39000000, "calculatedEbitda": 1194000000}, {"date": "2016-12-31", "symbol": "YUMC", "reportedCurrency": "USD", "cik": "0001673358", "fillingDate": "2017-03-08", "acceptedDate": "2017-03-08 16:08:00", "calendarYear": "2016", "period": "FY", "revenue": 6752000000, "costOfRevenue": 5681000000, "grossProfit": 1071000000, "grossProfitRatio": 0.1586196682, "researchAndDevelopmentExpenses": 5000000, "generalAndAdministrativeExpenses": 424000000, "sellingAndMarketingExpenses": 393000000, "sellingGeneralAndAdministrativeExpenses": 419000000, "otherExpenses": 56000000, "operatingExpenses": 424000000, "costAndExpenses": 6105000000, "interestIncome": 11000000, "interestExpense": 0, "depreciationAndAmortization": 402000000, "ebitda": 1049000000, "ebitdaratio": 0.1553613744, "operatingIncome": 647000000, "operatingIncomeRatio": 0.0958234597, "totalOtherIncomeExpensesNet": -28999999, "incomeBeforeTax": 618000000, "incomeBeforeTaxRatio": 0.091528436, "incomeTaxExpense": 158000000, "netIncome": 502000000, "netIncomeRatio": 0.0743483412, "eps": 1.37, "epsdiluted": 1.36, "weightedAverageShsOut": 367744992, "weightedAverageShsOutDil": 369143838, "link": "https://www.sec.gov/Archives/edgar/data/1673358/000156459017003681/0001564590-17-003681-index.htm", "finalLink": "https://www.sec.gov/Archives/edgar/data/1673358/000156459017003681/yumc-10k_20161231.htm", "calculatedOtherExpenses": 0, "calculatedOperatingExpenses": 424000000, "calculatedNetInterest": 11000000, "calculatedOtherIncome": -40000000, "calculatedIncomeNonControlling": -42000000, "calculatedEbitda": 1049000000}, {"date": "2015-12-31", "symbol": "YUMC", "reportedCurrency": "USD", "cik": "0001673358", "fillingDate": "2015-12-31", "acceptedDate": "2015-12-30 19:00:00", "calendarYear": "2015", "period": "FY", "revenue": 6909000000, "costOfRevenue": 6001000000, "grossProfit": 908000000, "grossProfitRatio": 0.1314227819, "researchAndDevelopmentExpenses": 5000000, "generalAndAdministrativeExpenses": 395000000, "sellingAndMarketingExpenses": 327000000, "sellingGeneralAndAdministrativeExpenses": 390000000, "otherExpenses": -7.199123501777649e-07, "operatingExpenses": 395000000, "costAndExpenses": 6396000000, "interestIncome": 8000000, "interestExpense": 0, "depreciationAndAmortization": 425000000, "ebitda": 938000000, "ebitdaratio": 0.1357649443, "operatingIncome": 513000000, "operatingIncomeRatio": 0.074250977, "totalOtherIncomeExpensesNet": -25000000.00000842, "incomeBeforeTax": 496000000, "incomeBeforeTaxRatio": 0.0717904183, "incomeTaxExpense": 168000000, "netIncome": 323000000, "netIncomeRatio": 0.0467506151, "eps": 0.84, "epsdiluted": 0.84, "weightedAverageShsOut": 383141924, "weightedAverageShsOutDil": 383141924, "link": null, "finalLink": null, "calculatedOtherExpenses": 0, "calculatedOperatingExpenses": 395000000, "calculatedNetInterest": 8000000, "calculatedOtherIncome": -25000000, "calculatedIncomeNonControlling": 5000000, "calculatedEbitda": 938000000}, {"date": "2014-12-31", "symbol": "YUMC", "reportedCurrency": "USD", "cik": "0001673358", "fillingDate": "2014-12-31", "acceptedDate": "2014-12-30 19:00:00", "calendarYear": "2014", "period": "FY", "revenue": 6934000000, "costOfRevenue": 6093000000, "grossProfit": 841000000, "grossProfitRatio": 0.1212864148, "researchAndDevelopmentExpenses": 5000000, "generalAndAdministrativeExpenses": 389000000, "sellingAndMarketingExpenses": 328000000, "sellingGeneralAndAdministrativeExpenses": 389000000, "otherExpenses": 0, "operatingExpenses": 372000000, "costAndExpenses": 6465000000, "interestIncome": 14000000, "interestExpense": 0, "depreciationAndAmortization": 411000000, "ebitda": 1376000000, "ebitdaratio": 0.1984424575, "operatingIncome": 3000000, "operatingIncomeRatio": 0.0004326507, "totalOtherIncomeExpensesNet": -466000000, "incomeBeforeTax": 17000000, "incomeBeforeTaxRatio": 0.0024516873, "incomeTaxExpense": 54000000, "netIncome": -7000000, "netIncomeRatio": -0.0010095183, "eps": -0.0179, "epsdiluted": -0.0179, "weightedAverageShsOut": 390000000, "weightedAverageShsOutDil": 390000000, "link": null, "finalLink": null, "calculatedOtherExpenses": 444000000, "calculatedOperatingExpenses": 838000000, "calculatedNetInterest": 14000000, "calculatedOtherIncome": 0, "calculatedIncomeNonControlling": -30000000, "calculatedEbitda": 414000000}, {"date": "2013-12-31", "symbol": "YUMC", "reportedCurrency": "USD", "cik": "0001673358", "fillingDate": "2013-12-31", "acceptedDate": "2013-12-30 19:00:00", "calendarYear": "2013", "period": "FY", "revenue": 6905000000, "costOfRevenue": 6025000000, "grossProfit": 880000000, "grossProfitRatio": 0.1274438812, "researchAndDevelopmentExpenses": 5000000, "generalAndAdministrativeExpenses": 356000000, "sellingAndMarketingExpenses": 346000000, "sellingGeneralAndAdministrativeExpenses": 356000000, "otherExpenses": 0, "operatingExpenses": 351000000, "costAndExpenses": 6376000000, "interestIncome": 5000000, "interestExpense": 0, "depreciationAndAmortization": 394000000, "ebitda": 1249000000, "ebitdaratio": 0.1808834178, "operatingIncome": 229000000, "operatingIncomeRatio": 0.0331643736, "totalOtherIncomeExpensesNet": -300000000, "incomeBeforeTax": 234000000, "incomeBeforeTaxRatio": 0.0338884866, "incomeTaxExpense": 135000000, "netIncome": 126000000, "netIncomeRatio": 0.0182476466, "eps": 0.32, "epsdiluted": 0.32, "weightedAverageShsOut": 390000000, "weightedAverageShsOutDil": 390000000, "link": null, "finalLink": null, "calculatedOtherExpenses": 290000000, "calculatedOperatingExpenses": 651000000, "calculatedNetInterest": 5000000, "calculatedOtherIncome": 0, "calculatedIncomeNonControlling": -27000000, "calculatedEbitda": 623000000}]}