{"originalCurrency": "USD", "convertedCurrency": "USD", "report": [{"date": "2023-12-31", "symbol": "ZIONP", "reportedCurrency": "USD", "cik": "0000109380", "fillingDate": "2024-02-23", "acceptedDate": "2024-02-23 12:52:26", "calendarYear": "2023", "period": "FY", "revenue": 4628000000, "costOfRevenue": 1923000000, "grossProfit": 2705000000, "grossProfitRatio": 0.584485739, "researchAndDevelopmentExpenses": 0, "generalAndAdministrativeExpenses": 1354000000, "sellingAndMarketingExpenses": 46000000, "sellingGeneralAndAdministrativeExpenses": 1400000000, "otherExpenses": -522000000, "operatingExpenses": 522000000, "costAndExpenses": 3742000000, "interestIncome": 3947000000, "interestExpense": 277000000, "depreciationAndAmortization": 140000000, "ebitda": 1152000000, "ebitdaratio": 0.2489196197, "operatingIncome": 1152000000, "operatingIncomeRatio": 0.2489196197, "totalOtherIncomeExpensesNet": 886000000, "incomeBeforeTax": 886000000, "incomeBeforeTaxRatio": 0.1914433881, "incomeTaxExpense": 206000000, "netIncome": 680000000, "netIncomeRatio": 0.14693172, "eps": 4.35, "epsdiluted": 4.35, "weightedAverageShsOut": 147748000, "weightedAverageShsOutDil": 147756000, "link": "https://www.sec.gov/Archives/edgar/data/109380/000010938024000061/0000109380-24-000061-index.htm", "finalLink": "https://www.sec.gov/Archives/edgar/data/109380/000010938024000061/zions-20231231.htm", "calculatedOtherExpenses": 153000000, "calculatedOperatingExpenses": 1553000000, "calculatedNetInterest": 3670000000, "calculatedOtherIncome": -3936000000, "calculatedIncomeNonControlling": 0, "calculatedEbitda": 1292000000}, {"date": "2022-12-31", "symbol": "ZIONP", "reportedCurrency": "USD", "cik": "0000109380", "fillingDate": "2023-02-23", "acceptedDate": "2023-02-23 15:53:40", "calendarYear": "2022", "period": "FY", "revenue": 3337000000, "costOfRevenue": 0, "grossProfit": 3337000000, "grossProfitRatio": 1, "researchAndDevelopmentExpenses": 0, "generalAndAdministrativeExpenses": 1285000000, "sellingAndMarketingExpenses": 39000000, "sellingGeneralAndAdministrativeExpenses": 1324000000, "otherExpenses": -1285000000, "operatingExpenses": 39000000, "costAndExpenses": 39000000, "interestIncome": 2705000000, "interestExpense": 185000000, "depreciationAndAmortization": 110000000, "ebitda": 1447000000, "ebitdaratio": 0.4336230147, "operatingIncome": 1337000000, "operatingIncomeRatio": 0.4006592748, "totalOtherIncomeExpensesNet": -185000000, "incomeBeforeTax": 1152000000, "incomeBeforeTaxRatio": 0.3452202577, "incomeTaxExpense": 245000000, "netIncome": 907000000, "netIncomeRatio": 0.2718010189, "eps": 5.8, "epsdiluted": 5.79, "weightedAverageShsOut": 150064000, "weightedAverageShsOutDil": 150271000, "link": "https://www.sec.gov/Archives/edgar/data/109380/000010938023000074/0000109380-23-000074-index.htm", "finalLink": "https://www.sec.gov/Archives/edgar/data/109380/000010938023000074/zions-20221231.htm", "calculatedOtherExpenses": 676000000, "calculatedOperatingExpenses": 2000000000, "calculatedNetInterest": 2520000000, "calculatedOtherIncome": -2705000000, "calculatedIncomeNonControlling": 0, "calculatedEbitda": 1447000000}, {"date": "2021-12-31", "symbol": "ZIONP", "reportedCurrency": "USD", "cik": "0000109380", "fillingDate": "2022-02-25", "acceptedDate": "2022-02-24 19:58:10", "calendarYear": "2021", "period": "FY", "revenue": 2911000000, "costOfRevenue": 0, "grossProfit": 2911000000, "grossProfitRatio": 1, "researchAndDevelopmentExpenses": 0, "generalAndAdministrativeExpenses": 1152000000, "sellingAndMarketingExpenses": 19000000, "sellingGeneralAndAdministrativeExpenses": 1171000000, "otherExpenses": -2636000000, "operatingExpenses": -1465000000, "costAndExpenses": -1465000000, "interestIncome": 2267000000, "interestExpense": 59000000, "depreciationAndAmortization": -14000000, "ebitda": 1432000000, "ebitdaratio": 0.4919271728, "operatingIncome": 1446000000, "operatingIncomeRatio": 0.4967365167, "totalOtherIncomeExpensesNet": 1446000000, "incomeBeforeTax": 1446000000, "incomeBeforeTaxRatio": 0.4967365167, "incomeTaxExpense": 317000000, "netIncome": 1129000000, "netIncomeRatio": 0.3878392305, "eps": 6.8, "epsdiluted": 6.79, "weightedAverageShsOut": 159913000, "weightedAverageShsOutDil": 160234000, "link": "https://www.sec.gov/Archives/edgar/data/109380/000010938022000072/0000109380-22-000072-index.htm", "finalLink": "https://www.sec.gov/Archives/edgar/data/109380/000010938022000072/zions-20211231.htm", "calculatedOtherExpenses": 294000000, "calculatedOperatingExpenses": 1465000000, "calculatedNetInterest": 2208000000, "calculatedOtherIncome": -2208000000, "calculatedIncomeNonControlling": 0, "calculatedEbitda": 1432000000}, {"date": "2020-12-31", "symbol": "ZIONP", "reportedCurrency": "USD", "cik": "0000109380", "fillingDate": "2021-02-25", "acceptedDate": "2021-02-25 16:20:16", "calendarYear": "2020", "period": "FY", "revenue": 2789000000, "costOfRevenue": 0, "grossProfit": 2789000000, "grossProfitRatio": 1, "researchAndDevelopmentExpenses": 0, "generalAndAdministrativeExpenses": 1112000000, "sellingAndMarketingExpenses": 19000000, "sellingGeneralAndAdministrativeExpenses": 1131000000, "otherExpenses": -3248000000, "operatingExpenses": -2117000000, "costAndExpenses": -2117000000, "interestIncome": 2368000000, "interestExpense": 153000000, "depreciationAndAmortization": 86000000, "ebitda": 758000000, "ebitdaratio": 0.2717820007, "operatingIncome": 672000000, "operatingIncomeRatio": 0.2409465758, "totalOtherIncomeExpensesNet": 672000000, "incomeBeforeTax": 672000000, "incomeBeforeTaxRatio": 0.2409465758, "incomeTaxExpense": 133000000, "netIncome": 539000000, "netIncomeRatio": 0.1932592327, "eps": 3.06, "epsdiluted": 3.03, "weightedAverageShsOut": 163737000, "weightedAverageShsOutDil": 165613000, "link": "https://www.sec.gov/Archives/edgar/data/109380/000010938021000082/0000109380-21-000082-index.htm", "finalLink": "https://www.sec.gov/Archives/edgar/data/109380/000010938021000082/zions-20201231.htm", "calculatedOtherExpenses": 986000000, "calculatedOperatingExpenses": 2117000000, "calculatedNetInterest": 2215000000, "calculatedOtherIncome": -2215000000, "calculatedIncomeNonControlling": 0, "calculatedEbitda": 758000000}, {"date": "2019-12-31", "symbol": "ZIONP", "reportedCurrency": "USD", "cik": "0000109380", "fillingDate": "2020-02-26", "acceptedDate": "2020-02-25 20:15:50", "calendarYear": "2019", "period": "FY", "revenue": 2834000000, "costOfRevenue": 0, "grossProfit": 2834000000, "grossProfitRatio": 1, "researchAndDevelopmentExpenses": 0, "generalAndAdministrativeExpenses": 1166000000, "sellingAndMarketingExpenses": 19000000, "sellingGeneralAndAdministrativeExpenses": 1185000000, "otherExpenses": -2966000000, "operatingExpenses": -1781000000, "costAndExpenses": -1781000000, "interestIncome": 2683000000, "interestExpense": 411000000, "depreciationAndAmortization": 188000000, "ebitda": 1241000000, "ebitdaratio": 0.4378969654, "operatingIncome": 1053000000, "operatingIncomeRatio": 0.371559633, "totalOtherIncomeExpensesNet": 1053000000, "incomeBeforeTax": 1053000000, "incomeBeforeTaxRatio": 0.371559633, "incomeTaxExpense": 237000000, "netIncome": 816000000, "netIncomeRatio": 0.2879322512, "eps": 4.41, "epsdiluted": 4.16, "weightedAverageShsOut": 175984000, "weightedAverageShsOutDil": 186504000, "link": "https://www.sec.gov/Archives/edgar/data/109380/000010938020000092/0000109380-20-000092-index.htm", "finalLink": "https://www.sec.gov/Archives/edgar/data/109380/000010938020000092/zions-20191231.htm", "calculatedOtherExpenses": 596000000, "calculatedOperatingExpenses": 1781000000, "calculatedNetInterest": 2272000000, "calculatedOtherIncome": -2272000000, "calculatedIncomeNonControlling": 0, "calculatedEbitda": 1241000000}, {"date": "2018-12-31", "symbol": "ZIONP", "reportedCurrency": "USD", "cik": "0000109380", "fillingDate": "2019-02-26", "acceptedDate": "2019-02-25 21:41:25", "calendarYear": "2018", "period": "FY", "revenue": 2782000000, "costOfRevenue": 0, "grossProfit": 2782000000, "grossProfitRatio": 1, "researchAndDevelopmentExpenses": 0, "generalAndAdministrativeExpenses": 1120000000, "sellingAndMarketingExpenses": 26000000, "sellingGeneralAndAdministrativeExpenses": 1146000000, "otherExpenses": -2534000000, "operatingExpenses": -1388000000, "costAndExpenses": -1388000000, "interestIncome": 2481000000, "interestExpense": 251000000, "depreciationAndAmortization": 193000000, "ebitda": 1587000000, "ebitdaratio": 0.5704529116, "operatingIncome": 1394000000, "operatingIncomeRatio": 0.5010783609, "totalOtherIncomeExpensesNet": -251000000, "incomeBeforeTax": 1143000000, "incomeBeforeTaxRatio": 0.4108554996, "incomeTaxExpense": 259000000, "netIncome": 884000000, "netIncomeRatio": 0.3177570093, "eps": 4.28, "epsdiluted": 4.28, "weightedAverageShsOut": 206501000, "weightedAverageShsOutDil": 206501000, "link": "https://www.sec.gov/Archives/edgar/data/109380/000010938019000040/0000109380-19-000040-index.htm", "finalLink": "https://www.sec.gov/Archives/edgar/data/109380/000010938019000040/zion-20181231x10k123118.htm", "calculatedOtherExpenses": 242000000, "calculatedOperatingExpenses": 1388000000, "calculatedNetInterest": 2230000000, "calculatedOtherIncome": -2481000000, "calculatedIncomeNonControlling": 0, "calculatedEbitda": 1587000000}, {"date": "2017-12-31", "symbol": "ZIONP", "reportedCurrency": "USD", "cik": "0000109380", "fillingDate": "2018-03-01", "acceptedDate": "2018-02-28 18:11:28", "calendarYear": "2017", "period": "FY", "revenue": 2609000000, "costOfRevenue": 0, "grossProfit": 2609000000, "grossProfitRatio": 1, "researchAndDevelopmentExpenses": 0, "generalAndAdministrativeExpenses": 1064000000, "sellingAndMarketingExpenses": 22000000, "sellingGeneralAndAdministrativeExpenses": 1086000000, "otherExpenses": -208000000, "operatingExpenses": 22000000, "costAndExpenses": 22000000, "interestIncome": 2192000000, "interestExpense": 127000000, "depreciationAndAmortization": 179000000, "ebitda": 1242000000, "ebitdaratio": 0.4760444615, "operatingIncome": 1063000000, "operatingIncomeRatio": 0.4074357992, "totalOtherIncomeExpensesNet": -127000000, "incomeBeforeTax": 936000000, "incomeBeforeTaxRatio": 0.3587581449, "incomeTaxExpense": 344000000, "netIncome": 592000000, "netIncomeRatio": 0.2269068609, "eps": 2.71, "epsdiluted": 2.6, "weightedAverageShsOut": 200776000, "weightedAverageShsOutDil": 209653000, "link": "https://www.sec.gov/Archives/edgar/data/109380/000010938018000102/0000109380-18-000102-index.htm", "finalLink": "https://www.sec.gov/Archives/edgar/data/109380/000010938018000102/zion-20171231x10k.htm", "calculatedOtherExpenses": 460000000, "calculatedOperatingExpenses": 1546000000, "calculatedNetInterest": 2065000000, "calculatedOtherIncome": -2192000000, "calculatedIncomeNonControlling": 0, "calculatedEbitda": 1242000000}, {"date": "2016-12-31", "symbol": "ZIONP", "reportedCurrency": "USD", "cik": "0000109380", "fillingDate": "2017-02-28", "acceptedDate": "2017-02-27 18:55:27", "calendarYear": "2016", "period": "FY", "revenue": 2382957000, "costOfRevenue": 0, "grossProfit": 2382957000, "grossProfitRatio": 1, "researchAndDevelopmentExpenses": 0, "generalAndAdministrativeExpenses": 1022206000, "sellingAndMarketingExpenses": 22143000, "sellingGeneralAndAdministrativeExpenses": 1044349000, "otherExpenses": -240878000, "operatingExpenses": 22143000, "costAndExpenses": 22143000, "interestIncome": 1954314000, "interestExpense": 86966000, "depreciationAndAmortization": 123086000, "ebitda": 914960000, "ebitdaratio": 0.3839599288, "operatingIncome": 791874000, "operatingIncomeRatio": 0.3323072972, "totalOtherIncomeExpensesNet": -86966000, "incomeBeforeTax": 704908000, "incomeBeforeTaxRatio": 0.2958123038, "incomeTaxExpense": 235858000, "netIncome": 469050000, "netIncomeRatio": 0.1968352765, "eps": 2, "epsdiluted": 1.99, "weightedAverageShsOut": 203855000, "weightedAverageShsOutDil": 204269000, "link": "https://www.sec.gov/Archives/edgar/data/109380/000010938017000050/0000109380-17-000050-index.htm", "finalLink": "https://www.sec.gov/Archives/edgar/data/109380/000010938017000050/zion-20161231x10k.htm", "calculatedOtherExpenses": 546734000, "calculatedOperatingExpenses": 1591083000, "calculatedNetInterest": 1867348000, "calculatedOtherIncome": -1954314000, "calculatedIncomeNonControlling": 0, "calculatedEbitda": 914960000}, {"date": "2015-12-31", "symbol": "ZIONP", "reportedCurrency": "USD", "cik": "0000109380", "fillingDate": "2016-02-29", "acceptedDate": "2016-02-29 16:51:10", "calendarYear": "2015", "period": "FY", "revenue": 2092380000, "costOfRevenue": 0, "grossProfit": 2092380000, "grossProfitRatio": 1, "researchAndDevelopmentExpenses": 0, "generalAndAdministrativeExpenses": 1007134000, "sellingAndMarketingExpenses": 25314000, "sellingGeneralAndAdministrativeExpenses": 1032448000, "otherExpenses": 0, "operatingExpenses": 25314000, "costAndExpenses": 25314000, "interestIncome": 1833471000, "interestExpense": 118211000, "depreciationAndAmortization": 151088000, "ebitda": 721158000, "ebitdaratio": 0.3446591919, "operatingIncome": 570070000, "operatingIncomeRatio": 0.2724505109, "totalOtherIncomeExpensesNet": -118211000, "incomeBeforeTax": 451859000, "incomeBeforeTaxRatio": 0.2159545589, "incomeTaxExpense": 142388000, "netIncome": 309471000, "netIncomeRatio": 0.1479038224, "eps": 1.2, "epsdiluted": 1.2, "weightedAverageShsOut": 203265000, "weightedAverageShsOutDil": 203698000, "link": "https://www.sec.gov/Archives/edgar/data/109380/000010938016000345/0000109380-16-000345-index.htm", "finalLink": "https://www.sec.gov/Archives/edgar/data/109380/000010938016000345/zion-20151231x10k.htm", "calculatedOtherExpenses": 489862000, "calculatedOperatingExpenses": 1522310000, "calculatedNetInterest": 1715260000, "calculatedOtherIncome": -1833471000, "calculatedIncomeNonControlling": 0, "calculatedEbitda": 721158000}, {"date": "2014-12-31", "symbol": "ZIONP", "reportedCurrency": "USD", "cik": "0000109380", "fillingDate": "2015-02-27", "acceptedDate": "2015-02-27 17:27:17", "calendarYear": "2014", "period": "FY", "revenue": 2188633000, "costOfRevenue": 0, "grossProfit": 2188633000, "grossProfitRatio": 1, "researchAndDevelopmentExpenses": 0, "generalAndAdministrativeExpenses": 988602000, "sellingAndMarketingExpenses": 25100000, "sellingGeneralAndAdministrativeExpenses": 1013702000, "otherExpenses": 0, "operatingExpenses": 25100000, "costAndExpenses": 25100000, "interestIncome": 1852993000, "interestExpense": 172998000, "depreciationAndAmortization": 128648000, "ebitda": 923069000, "ebitdaratio": 0.4217559545, "operatingIncome": 794421000, "operatingIncomeRatio": 0.3629758849, "totalOtherIncomeExpensesNet": -172998000, "incomeBeforeTax": 621423000, "incomeBeforeTaxRatio": 0.2839320251, "incomeTaxExpense": 222961000, "netIncome": 404907000, "netIncomeRatio": 0.1850045211, "eps": 1.72, "epsdiluted": 1.71, "weightedAverageShsOut": 192207000, "weightedAverageShsOutDil": 192789000, "link": "https://www.sec.gov/Archives/edgar/data/109380/000010938015000046/0000109380-15-000046-index.htm", "finalLink": "https://www.sec.gov/Archives/edgar/data/109380/000010938015000046/zion-20141231x10k.htm", "calculatedOtherExpenses": 380510000, "calculatedOperatingExpenses": 1394212000, "calculatedNetInterest": 1679995000, "calculatedOtherIncome": -1852993000, "calculatedIncomeNonControlling": -6445000, "calculatedEbitda": 923069000}, {"date": "2013-12-31", "symbol": "ZIONP", "reportedCurrency": "USD", "cik": "0000109380", "fillingDate": "2014-03-03", "acceptedDate": "2014-03-03 13:37:53", "calendarYear": "2013", "period": "FY", "revenue": 2033735000, "costOfRevenue": 0, "grossProfit": 2033735000, "grossProfitRatio": 1, "researchAndDevelopmentExpenses": 0, "generalAndAdministrativeExpenses": 950937000, "sellingAndMarketingExpenses": 23362000, "sellingGeneralAndAdministrativeExpenses": 974299000, "otherExpenses": 0, "operatingExpenses": 23362000, "costAndExpenses": 23362000, "interestIncome": 1941405000, "interestExpense": 245077000, "depreciationAndAmortization": 130616000, "ebitda": 782461000, "ebitdaratio": 0.3847408832, "operatingIncome": 651845000, "operatingIncomeRatio": 0.3205161931, "totalOtherIncomeExpensesNet": -245413000, "incomeBeforeTax": 406432000, "incomeBeforeTaxRatio": 0.1998451126, "incomeTaxExpense": 142977000, "netIncome": 263791000, "netIncomeRatio": 0.1297076561, "eps": 1.58, "epsdiluted": 1.58, "weightedAverageShsOut": 183844000, "weightedAverageShsOutDil": 184297000, "link": "https://www.sec.gov/Archives/edgar/data/109380/000010938014000048/0000109380-14-000048-index.htm", "finalLink": "https://www.sec.gov/Archives/edgar/data/109380/000010938014000048/zion-20131231x10k.htm", "calculatedOtherExpenses": 407591000, "calculatedOperatingExpenses": 1381890000, "calculatedNetInterest": 1696328000, "calculatedOtherIncome": -1941741000, "calculatedIncomeNonControlling": -336000, "calculatedEbitda": 782461000}, {"date": "2012-12-31", "symbol": "ZIONP", "reportedCurrency": "USD", "cik": "0000109380", "fillingDate": "2013-02-28", "acceptedDate": "2013-02-28 16:11:56", "calendarYear": "2012", "period": "FY", "revenue": 2151810000, "costOfRevenue": 0, "grossProfit": 2151810000, "grossProfitRatio": 1, "researchAndDevelopmentExpenses": 0, "generalAndAdministrativeExpenses": 929062000, "sellingAndMarketingExpenses": 25720000, "sellingGeneralAndAdministrativeExpenses": 954782000, "otherExpenses": 0, "operatingExpenses": 25720000, "costAndExpenses": 25720000, "interestIncome": 2038722000, "interestExpense": 306782000, "depreciationAndAmortization": 214617000, "ebitda": 1064331000, "ebitdaratio": 0.4946212723, "operatingIncome": 849714000, "operatingIncomeRatio": 0.3948833772, "totalOtherIncomeExpensesNet": -308148000, "incomeBeforeTax": 541566000, "incomeBeforeTaxRatio": 0.251679284, "incomeTaxExpense": 193416000, "netIncome": 349516000, "netIncomeRatio": 0.162428839, "eps": 0.97, "epsdiluted": 0.97, "weightedAverageShsOut": 183081000, "weightedAverageShsOutDil": 183236000, "link": "https://www.sec.gov/Archives/edgar/data/109380/000010938013000081/0000109380-13-000081-index.htm", "finalLink": "https://www.sec.gov/Archives/edgar/data/109380/000010938013000081/zion-20121231x10k.htm", "calculatedOtherExpenses": 347314000, "calculatedOperatingExpenses": 1302096000, "calculatedNetInterest": 1731940000, "calculatedOtherIncome": -2040088000, "calculatedIncomeNonControlling": -1366000, "calculatedEbitda": 1064331000}, {"date": "2011-12-31", "symbol": "ZIONP", "reportedCurrency": "USD", "cik": "0000109380", "fillingDate": "2012-02-29", "acceptedDate": "2012-02-29 16:41:17", "calendarYear": "2011", "period": "FY", "revenue": 2254369000, "costOfRevenue": 0, "grossProfit": 2254369000, "grossProfitRatio": 1, "researchAndDevelopmentExpenses": 0, "generalAndAdministrativeExpenses": 938211000, "sellingAndMarketingExpenses": 27164000, "sellingGeneralAndAdministrativeExpenses": 965375000, "otherExpenses": 33683000, "operatingExpenses": 27164000, "costAndExpenses": 27164000, "interestIncome": 2204927000, "interestExpense": 432396000, "depreciationAndAmortization": 299948000, "ebitda": 1254731000, "ebitdaratio": 0.5565774725, "operatingIncome": 954783000, "operatingIncomeRatio": 0.4235256074, "totalOtherIncomeExpensesNet": -433510000, "incomeBeforeTax": 521273000, "incomeBeforeTaxRatio": 0.2312278957, "incomeTaxExpense": 198583000, "netIncome": 323804000, "netIncomeRatio": 0.1436339836, "eps": 0.83, "epsdiluted": 0.83, "weightedAverageShsOut": 182393000, "weightedAverageShsOutDil": 182605000, "link": "https://www.sec.gov/Archives/edgar/data/109380/000119312512089333/0001193125-12-089333-index.htm", "finalLink": "https://www.sec.gov/Archives/edgar/data/109380/000119312512089333/d260873d10k.htm", "calculatedOtherExpenses": 334211000, "calculatedOperatingExpenses": 1299586000, "calculatedNetInterest": 1772531000, "calculatedOtherIncome": -2206041000, "calculatedIncomeNonControlling": -1114000, "calculatedEbitda": 1254731000}, {"date": "2010-12-31", "symbol": "ZIONP", "reportedCurrency": "USD", "cik": "0000109380", "fillingDate": "2011-03-01", "acceptedDate": "2011-03-01 15:44:04", "calendarYear": "2010", "period": "FY", "revenue": 2215433000, "costOfRevenue": 47582000, "grossProfit": 2167851000, "grossProfitRatio": 0.978522483, "researchAndDevelopmentExpenses": 0, "generalAndAdministrativeExpenses": 879148000, "sellingAndMarketingExpenses": 24820000, "sellingGeneralAndAdministrativeExpenses": 903968000, "otherExpenses": 85355000, "operatingExpenses": 24820000, "costAndExpenses": 72402000, "interestIncome": 2319845000, "interestExpense": 592456000, "depreciationAndAmortization": 25517000, "ebitda": 565663000, "ebitdaratio": 0.2553284166, "operatingIncome": 540146000, "operatingIncomeRatio": 0.2438105779, "totalOtherIncomeExpensesNet": -943314000, "incomeBeforeTax": -403168000, "incomeBeforeTaxRatio": -0.181981581, "incomeTaxExpense": -106819000, "netIncome": -292728000, "netIncomeRatio": -0.1321312809, "eps": -1.76, "epsdiluted": -1.76, "weightedAverageShsOut": 165961500, "weightedAverageShsOutDil": 165961500, "link": "https://www.sec.gov/Archives/edgar/data/109380/000119312511051989/0001193125-11-051989-index.htm", "finalLink": "https://www.sec.gov/Archives/edgar/data/109380/000119312511051989/d10k.htm", "calculatedOtherExpenses": 723737000, "calculatedOperatingExpenses": 1627705000, "calculatedNetInterest": 1727389000, "calculatedOtherIncome": -2670703000, "calculatedIncomeNonControlling": -3621000, "calculatedEbitda": 565663000}, {"date": "2009-12-31", "symbol": "ZIONP", "reportedCurrency": "USD", "cik": "0000109380", "fillingDate": "2010-03-01", "acceptedDate": "2010-03-01 16:30:46", "calendarYear": "2009", "period": "FY", "revenue": 2532447000, "costOfRevenue": 0, "grossProfit": 2532447000, "grossProfitRatio": 1, "researchAndDevelopmentExpenses": 0, "generalAndAdministrativeExpenses": 951359000, "sellingAndMarketingExpenses": 22982000, "sellingGeneralAndAdministrativeExpenses": 974341000, "otherExpenses": 280463000, "operatingExpenses": 1254804000, "costAndExpenses": 1254804000, "interestIncome": 2515326000, "interestExpense": 617794000, "depreciationAndAmortization": 31674000, "ebitda": -786620000, "ebitdaratio": -0.3106165697, "operatingIncome": -818294000, "operatingIncomeRatio": -0.3231238403, "totalOtherIncomeExpensesNet": -804726000, "incomeBeforeTax": -1623020000, "incomeBeforeTaxRatio": -0.6408900167, "incomeTaxExpense": -401343000, "netIncome": -1216111000, "netIncomeRatio": -0.4802118267, "eps": -9.77, "epsdiluted": -9.77, "weightedAverageShsOut": 124443000, "weightedAverageShsOutDil": 124443000, "link": "https://www.sec.gov/Archives/edgar/data/109380/000119312510044760/0001193125-10-044760-index.htm", "finalLink": "https://www.sec.gov/Archives/edgar/data/109380/000119312510044760/d10k.htm", "calculatedOtherExpenses": 2376400000, "calculatedOperatingExpenses": 3350741000, "calculatedNetInterest": 1897532000, "calculatedOtherIncome": -2702258000, "calculatedIncomeNonControlling": -5566000, "calculatedEbitda": -786620000}, {"date": "2008-12-31", "symbol": "ZIONP", "reportedCurrency": "USD", "cik": "0000109380", "fillingDate": "2009-02-27", "acceptedDate": "2009-02-27 16:03:00", "calendarYear": "2008", "period": "FY", "revenue": 2162338000, "costOfRevenue": 0, "grossProfit": 2162338000, "grossProfitRatio": 1, "researchAndDevelopmentExpenses": 0, "generalAndAdministrativeExpenses": 847956000, "sellingAndMarketingExpenses": 30731000, "sellingGeneralAndAdministrativeExpenses": 878687000, "otherExpenses": -2241367000, "operatingExpenses": -1362680000, "costAndExpenses": -1362680000, "interestIncome": 2973899000, "interestExpense": 1002253000, "depreciationAndAmortization": 33162000, "ebitda": 832820000, "ebitdaratio": 0.3851479278, "operatingIncome": 799658000, "operatingIncomeRatio": 0.3698117501, "totalOtherIncomeExpensesNet": -1114356000, "incomeBeforeTax": -314698000, "incomeBeforeTaxRatio": -0.1455359893, "incomeTaxExpense": -43365000, "netIncome": -266269000, "netIncomeRatio": -0.1231393982, "eps": -2.44, "epsdiluted": -2.44, "weightedAverageShsOut": 108908000, "weightedAverageShsOutDil": 109145000, "link": "https://www.sec.gov/Archives/edgar/data/109380/000119312509040927/0001193125-09-040927-index.htm", "finalLink": "https://www.sec.gov/Archives/edgar/data/109380/000119312509040927/d10k.htm", "calculatedOtherExpenses": 483993000, "calculatedOperatingExpenses": 1362680000, "calculatedNetInterest": 1971646000, "calculatedOtherIncome": -3086002000, "calculatedIncomeNonControlling": -5064000, "calculatedEbitda": 832820000}, {"date": "2007-12-31", "symbol": "ZIONP", "reportedCurrency": "USD", "cik": "0000109380", "fillingDate": "2008-02-28", "acceptedDate": "2008-02-28 17:05:49", "calendarYear": "2007", "period": "FY", "revenue": 2294296000, "costOfRevenue": 0, "grossProfit": 2294296000, "grossProfitRatio": 1, "researchAndDevelopmentExpenses": 0, "generalAndAdministrativeExpenses": 836396000, "sellingAndMarketingExpenses": 26920000, "sellingGeneralAndAdministrativeExpenses": 863316000, "otherExpenses": -1104756000, "operatingExpenses": -241440000, "costAndExpenses": -241440000, "interestIncome": 3205326000, "interestExpense": 1323374000, "depreciationAndAmortization": 124973000, "ebitda": 2177829000, "ebitdaratio": 0.9492362799, "operatingIncome": 2052856000, "operatingIncomeRatio": 0.8947651044, "totalOtherIncomeExpensesNet": -1315358000, "incomeBeforeTax": 737498000, "incomeBeforeTaxRatio": 0.3214484966, "incomeTaxExpense": 235737000, "netIncome": 493745000, "netIncomeRatio": 0.2152054486, "eps": 4.47, "epsdiluted": 4.42, "weightedAverageShsOut": 107365000, "weightedAverageShsOutDil": 108523000, "link": "https://www.sec.gov/Archives/edgar/data/109380/000119312508041960/0001193125-08-041960-index.htm", "finalLink": "https://www.sec.gov/Archives/edgar/data/109380/000119312508041960/d10k.htm", "calculatedOtherExpenses": -621876000, "calculatedOperatingExpenses": 241440000, "calculatedNetInterest": 1881952000, "calculatedOtherIncome": -3197310000, "calculatedIncomeNonControlling": 8016000, "calculatedEbitda": 2177829000}, {"date": "2006-12-31", "symbol": "ZIONP", "reportedCurrency": "USD", "cik": "0000109380", "fillingDate": "2007-03-01", "acceptedDate": "2007-03-01 15:27:18", "calendarYear": "2006", "period": "FY", "revenue": 2315933000, "costOfRevenue": 0, "grossProfit": 2315933000, "grossProfitRatio": 1, "researchAndDevelopmentExpenses": 0, "generalAndAdministrativeExpenses": 784755000, "sellingAndMarketingExpenses": 26465000, "sellingGeneralAndAdministrativeExpenses": 811220000, "otherExpenses": -1172681000, "operatingExpenses": -361461000, "costAndExpenses": -361461000, "interestIncome": 2818121000, "interestExpense": 1053397000, "depreciationAndAmortization": 133771000, "ebitda": 2088243000, "ebitdaratio": 0.9016854115, "operatingIncome": 1954472000, "operatingIncomeRatio": 0.8439242413, "totalOtherIncomeExpensesNet": -1041548000, "incomeBeforeTax": 912924000, "incomeBeforeTaxRatio": 0.3941927508, "incomeTaxExpense": 317950000, "netIncome": 583125000, "netIncomeRatio": 0.2517883721, "eps": 5.46, "epsdiluted": 5.36, "weightedAverageShsOut": 106057000, "weightedAverageShsOutDil": 108028000, "link": "https://www.sec.gov/Archives/edgar/data/109380/000119312507044275/0001193125-07-044275-index.htm", "finalLink": "https://www.sec.gov/Archives/edgar/data/109380/000119312507044275/d10k.htm", "calculatedOtherExpenses": -449759000, "calculatedOperatingExpenses": 361461000, "calculatedNetInterest": 1764724000, "calculatedOtherIncome": -2806272000, "calculatedIncomeNonControlling": 11849000, "calculatedEbitda": 2088243000}, {"date": "2005-12-31", "symbol": "ZIONP", "reportedCurrency": "USD", "cik": "0000109380", "fillingDate": "2006-03-15", "acceptedDate": "2006-03-15 13:16:20", "calendarYear": "2005", "period": "FY", "revenue": 1800193000, "costOfRevenue": 0, "grossProfit": 1800193000, "grossProfitRatio": 1, "researchAndDevelopmentExpenses": 0, "generalAndAdministrativeExpenses": 573902000, "sellingAndMarketingExpenses": 21364000, "sellingGeneralAndAdministrativeExpenses": 595266000, "otherExpenses": -1103014000, "operatingExpenses": -507748000, "costAndExpenses": -507748000, "interestIncome": 1910256000, "interestExpense": 548906000, "depreciationAndAmortization": 100667000, "ebitda": 1393112000, "ebitdaratio": 0.7738681352, "operatingIncome": 1292445000, "operatingIncomeRatio": 0.71794802, "totalOtherIncomeExpensesNet": -548906000, "incomeBeforeTax": 743539000, "incomeBeforeTaxRatio": 0.4130329359, "incomeTaxExpense": 263418000, "netIncome": 480121000, "netIncomeRatio": 0.2667052922, "eps": 5.27, "epsdiluted": 5.16, "weightedAverageShsOut": 91187000, "weightedAverageShsOutDil": 92994000, "link": "https://www.sec.gov/Archives/edgar/data/109380/000119312506054744/0001193125-06-054744-index.htm", "finalLink": "https://www.sec.gov/Archives/edgar/data/109380/000119312506054744/d10k.htm", "calculatedOtherExpenses": -87518000, "calculatedOperatingExpenses": 507748000, "calculatedNetInterest": 1361350000, "calculatedOtherIncome": -1910256000, "calculatedIncomeNonControlling": 0, "calculatedEbitda": 1393112000}, {"date": "2004-12-31", "symbol": "ZIONP", "reportedCurrency": "USD", "cik": "0000109380", "fillingDate": "2005-03-03", "acceptedDate": "2005-03-03 17:01:01", "calendarYear": "2004", "period": "FY", "revenue": 1592359000, "costOfRevenue": 0, "grossProfit": 1592359000, "grossProfitRatio": 1, "researchAndDevelopmentExpenses": 0, "generalAndAdministrativeExpenses": 531303000, "sellingAndMarketingExpenses": 19747000, "sellingGeneralAndAdministrativeExpenses": 551050000, "otherExpenses": -1186654000, "operatingExpenses": -635604000, "costAndExpenses": -635604000, "interestIncome": 1505138000, "interestExpense": 330642000, "depreciationAndAmortization": 94777000, "ebitda": 1051532000, "ebitdaratio": 0.6603611372, "operatingIncome": 956755000, "operatingIncomeRatio": 0.6008412676, "totalOtherIncomeExpensesNet": -330642000, "incomeBeforeTax": 626113000, "incomeBeforeTaxRatio": 0.3931983931, "incomeTaxExpense": 220126000, "netIncome": 405987000, "netIncomeRatio": 0.2549594658, "eps": 4.53, "epsdiluted": 4.47, "weightedAverageShsOut": 89663000, "weightedAverageShsOutDil": 90882000, "link": "https://www.sec.gov/Archives/edgar/data/109380/000119312505041747/0001193125-05-041747-index.htm", "finalLink": "https://www.sec.gov/Archives/edgar/data/109380/000119312505041747/d10k.htm", "calculatedOtherExpenses": 84554000, "calculatedOperatingExpenses": 635604000, "calculatedNetInterest": 1174496000, "calculatedOtherIncome": -1505138000, "calculatedIncomeNonControlling": 0, "calculatedEbitda": 1051532000}, {"date": "2003-12-31", "symbol": "ZIONP", "reportedCurrency": "USD", "cik": "0000109380", "fillingDate": "2004-03-15", "acceptedDate": "2004-03-15 14:20:59", "calendarYear": "2003", "period": "FY", "revenue": 1585589000, "costOfRevenue": 0, "grossProfit": 1585589000, "grossProfitRatio": 1, "researchAndDevelopmentExpenses": 0, "generalAndAdministrativeExpenses": 491563000, "sellingAndMarketingExpenses": 18212000, "sellingGeneralAndAdministrativeExpenses": 509775000, "otherExpenses": -1239896000, "operatingExpenses": -730121000, "costAndExpenses": -730121000, "interestIncome": 1399388000, "interestExpense": 303894000, "depreciationAndAmortization": 94536000, "ebitda": 950004000, "ebitdaratio": 0.5991489598, "operatingIncome": 855468000, "operatingIncomeRatio": 0.5395269518, "totalOtherIncomeExpensesNet": -302124000, "incomeBeforeTax": 553344000, "incomeBeforeTaxRatio": 0.3489832485, "incomeTaxExpense": 213751000, "netIncome": 337823000, "netIncomeRatio": 0.2130583651, "eps": 3.75, "epsdiluted": 3.72, "weightedAverageShsOut": 90048000, "weightedAverageShsOutDil": 90734000, "link": "https://www.sec.gov/Archives/edgar/data/109380/000119312504042018/0001193125-04-042018-index.htm", "finalLink": "https://www.sec.gov/Archives/edgar/data/109380/000119312504042018/d10k.htm", "calculatedOtherExpenses": 220346000, "calculatedOperatingExpenses": 730121000, "calculatedNetInterest": 1095494000, "calculatedOtherIncome": -1397618000, "calculatedIncomeNonControlling": 1770000, "calculatedEbitda": 950004000}, {"date": "2002-12-31", "symbol": "ZIONP", "reportedCurrency": "USD", "cik": "0000109380", "fillingDate": "2003-03-20", "acceptedDate": "2003-03-20 15:06:33", "calendarYear": "2002", "period": "FY", "revenue": 1411956000, "costOfRevenue": 0, "grossProfit": 1411956000, "grossProfitRatio": 1, "researchAndDevelopmentExpenses": 0, "generalAndAdministrativeExpenses": 478028000, "sellingAndMarketingExpenses": 20577000, "sellingGeneralAndAdministrativeExpenses": 498605000, "otherExpenses": -1065804000, "operatingExpenses": -567199000, "costAndExpenses": -567199000, "interestIncome": 1455919000, "interestExpense": 420777000, "depreciationAndAmortization": 87093000, "ebitda": 931850000, "ebitdaratio": 0.6599709906, "operatingIncome": 844757000, "operatingIncomeRatio": 0.5982884736, "totalOtherIncomeExpensesNet": -359948000, "incomeBeforeTax": 484809000, "incomeBeforeTaxRatio": 0.3433598497, "incomeTaxExpense": 167702000, "netIncome": 256278000, "netIncomeRatio": 0.181505656, "eps": 2.8, "epsdiluted": 2.78, "weightedAverageShsOut": 91566000, "weightedAverageShsOutDil": 92079000, "link": "https://www.sec.gov/Archives/edgar/data/109380/000102140803004570/0001021408-03-004570-index.htm", "finalLink": "https://www.sec.gov/Archives/edgar/data/109380/000102140803004570/d10k.htm", "calculatedOtherExpenses": 68594000, "calculatedOperatingExpenses": 567199000, "calculatedNetInterest": 1035142000, "calculatedOtherIncome": -1395090000, "calculatedIncomeNonControlling": 60829000, "calculatedEbitda": 931850000}, {"date": "2001-12-31", "symbol": "ZIONP", "reportedCurrency": "USD", "cik": "0000109380", "fillingDate": "2002-03-26", "acceptedDate": "2002-03-26 00:00:00", "calendarYear": "2001", "period": "FY", "revenue": 1368495000, "costOfRevenue": 0, "grossProfit": 1368495000, "grossProfitRatio": 1, "researchAndDevelopmentExpenses": 0, "generalAndAdministrativeExpenses": 441450000, "sellingAndMarketingExpenses": 22784000, "sellingGeneralAndAdministrativeExpenses": 464234000, "otherExpenses": -749746000, "operatingExpenses": -285512000, "costAndExpenses": -285512000, "interestIncome": 1591952000, "interestExpense": 642163000, "depreciationAndAmortization": 119614000, "ebitda": 1202597000, "ebitdaratio": 0.8787733971, "operatingIncome": 1082983000, "operatingIncomeRatio": 0.7913678895, "totalOtherIncomeExpensesNet": -635004000, "incomeBeforeTax": 447979000, "incomeBeforeTaxRatio": 0.3273515797, "incomeTaxExpense": 157800000, "netIncome": 283020000, "netIncomeRatio": 0.2068111319, "eps": 3.1, "epsdiluted": 3.07, "weightedAverageShsOut": 91202000, "weightedAverageShsOutDil": 92174000, "link": "https://www.sec.gov/Archives/edgar/data/109380/000091205702011672/0000912057-02-011672-index.htm", "finalLink": "https://www.sec.gov/Archives/edgar/data/109380/000091205702011672/a2074086z10-k.htm", "calculatedOtherExpenses": -178722000, "calculatedOperatingExpenses": 285512000, "calculatedNetInterest": 949789000, "calculatedOtherIncome": -1584793000, "calculatedIncomeNonControlling": 7159000, "calculatedEbitda": 1202597000}, {"date": "2000-12-31", "symbol": "ZIONP", "reportedCurrency": "USD", "cik": "0000109380", "fillingDate": "2001-04-02", "acceptedDate": "2001-04-02 00:00:00", "calendarYear": "2000", "period": "FY", "revenue": 1092453000, "costOfRevenue": 0, "grossProfit": 1092453000, "grossProfitRatio": 1, "researchAndDevelopmentExpenses": 0, "generalAndAdministrativeExpenses": 349293000, "sellingAndMarketingExpenses": 25416000, "sellingGeneralAndAdministrativeExpenses": 374709000, "otherExpenses": -402987000, "operatingExpenses": -28278000, "costAndExpenses": -28278000, "interestIncome": 1626183000, "interestExpense": 822805000, "depreciationAndAmortization": 114972000, "ebitda": 1179147000, "ebitdaratio": 1.0793571897, "operatingIncome": 1064175000, "operatingIncomeRatio": 0.9741151336, "totalOtherIncomeExpensesNet": -822805000, "incomeBeforeTax": 241370000, "incomeBeforeTaxRatio": 0.2209431435, "incomeTaxExpense": 79661000, "netIncome": 161709000, "netIncomeRatio": 0.1480237594, "eps": 1.87, "epsdiluted": 1.86, "weightedAverageShsOut": 86320000, "weightedAverageShsOutDil": 87120000, "link": "https://www.sec.gov/Archives/edgar/data/109380/000010938001000048/0000109380-01-000048-index.htm", "finalLink": "https://www.sec.gov/Archives/edgar/data/109380/000010938001000048/0000109380-01-000048-0001.txt", "calculatedOtherExpenses": -346431000, "calculatedOperatingExpenses": 28278000, "calculatedNetInterest": 803378000, "calculatedOtherIncome": -1626183000, "calculatedIncomeNonControlling": 0, "calculatedEbitda": 1179147000}, {"date": "1999-12-31", "symbol": "ZIONP", "reportedCurrency": "USD", "cik": "0000109380", "fillingDate": "2000-03-30", "acceptedDate": "2000-03-30 00:00:00", "calendarYear": "1999", "period": "FY", "revenue": 1008000000, "costOfRevenue": 0, "grossProfit": 1008000000, "grossProfitRatio": 1, "researchAndDevelopmentExpenses": 0, "generalAndAdministrativeExpenses": 346700000, "sellingAndMarketingExpenses": 18500000, "sellingGeneralAndAdministrativeExpenses": 365200000, "otherExpenses": -451800000, "operatingExpenses": -86600000, "costAndExpenses": -86600000, "interestIncome": 1359300000, "interestExpense": 617800000, "depreciationAndAmortization": 90600000, "ebitda": 1012000000, "ebitdaratio": 1.003968254, "operatingIncome": 921400000, "operatingIncomeRatio": 0.9140873016, "totalOtherIncomeExpensesNet": -617800000, "incomeBeforeTax": 303600000, "incomeBeforeTaxRatio": 0.3011904762, "incomeTaxExpense": 109500000, "netIncome": 194100000, "netIncomeRatio": 0.1925595238, "eps": 2.29, "epsdiluted": 2.26, "weightedAverageShsOut": 85695000, "weightedAverageShsOutDil": 85884956, "link": "https://www.sec.gov/Archives/edgar/data/109380/000095014900000683/0000950149-00-000683-index.html", "finalLink": "https://www.sec.gov/Archives/edgar/data/109380/000095014900000683/", "calculatedOtherExpenses": -278600000, "calculatedOperatingExpenses": 86600000, "calculatedNetInterest": 741500000, "calculatedOtherIncome": -1359300000, "calculatedIncomeNonControlling": 0, "calculatedEbitda": 1012000000}, {"date": "1998-12-31", "symbol": "ZIONP", "reportedCurrency": "USD", "cik": "0000109380", "fillingDate": "1999-03-30", "acceptedDate": "1999-03-30 00:00:00", "calendarYear": "1998", "period": "FY", "revenue": 744500000, "costOfRevenue": 0, "grossProfit": 744500000, "grossProfitRatio": 1, "researchAndDevelopmentExpenses": 0, "generalAndAdministrativeExpenses": 249600000, "sellingAndMarketingExpenses": 11900000, "sellingGeneralAndAdministrativeExpenses": 261500000, "otherExpenses": -356000000, "operatingExpenses": -94500000, "costAndExpenses": -94500000, "interestIncome": 976100000, "interestExpense": 432300000, "depreciationAndAmortization": 52100000, "ebitda": 702100000, "ebitdaratio": 0.9430490262, "operatingIncome": 650000000, "operatingIncomeRatio": 0.8730691739, "totalOtherIncomeExpensesNet": -432300000, "incomeBeforeTax": 217700000, "incomeBeforeTaxRatio": 0.2924110141, "incomeTaxExpense": 70900000, "netIncome": 146800000, "netIncomeRatio": 0.197179315, "eps": 1.77, "epsdiluted": 1.75, "weightedAverageShsOut": 81918000, "weightedAverageShsOutDil": 81942857, "link": "https://www.sec.gov/Archives/edgar/data/109380/000010938099000004/0000109380-99-000004-index.html", "finalLink": "https://www.sec.gov/Archives/edgar/data/109380/", "calculatedOtherExpenses": -167000000, "calculatedOperatingExpenses": 94500000, "calculatedNetInterest": 543800000, "calculatedOtherIncome": -976100000, "calculatedIncomeNonControlling": 0, "calculatedEbitda": 702100000}, {"date": "1997-12-31", "symbol": "ZIONP", "reportedCurrency": "USD", "cik": "0000109380", "fillingDate": "1998-03-27", "acceptedDate": "1998-03-27 00:00:00", "calendarYear": "1997", "period": "FY", "revenue": 495000000, "costOfRevenue": 0, "grossProfit": 495000000, "grossProfitRatio": 1, "researchAndDevelopmentExpenses": 0, "generalAndAdministrativeExpenses": 160000000, "sellingAndMarketingExpenses": 7400000, "sellingGeneralAndAdministrativeExpenses": 167400000, "otherExpenses": -144300000, "operatingExpenses": 23100000, "costAndExpenses": 23100000, "interestIncome": 682300000, "interestExpense": 330500000, "depreciationAndAmortization": 31500000, "ebitda": 549600000, "ebitdaratio": 1.1103030303, "operatingIncome": 518100000, "operatingIncomeRatio": 1.0466666667, "totalOtherIncomeExpensesNet": -330500000, "incomeBeforeTax": 187600000, "incomeBeforeTaxRatio": 0.378989899, "incomeTaxExpense": 65200000, "netIncome": 122400000, "netIncomeRatio": 0.2472727273, "eps": 1.88, "epsdiluted": 1.84, "weightedAverageShsOut": 72813000, "weightedAverageShsOutDil": 72813000, "link": "https://www.sec.gov/Archives/edgar/data/109380/000095014998000522/0000950149-98-000522-index.html", "finalLink": "https://www.sec.gov/Archives/edgar/data/109380/", "calculatedOtherExpenses": -190500000, "calculatedOperatingExpenses": -23100000, "calculatedNetInterest": 351800000, "calculatedOtherIncome": -682300000, "calculatedIncomeNonControlling": 0, "calculatedEbitda": 549600000}, {"date": "1996-12-31", "symbol": "ZIONP", "reportedCurrency": "USD", "cik": "0000109380", "fillingDate": "1997-03-26", "acceptedDate": "1997-03-26 00:00:00", "calendarYear": "1996", "period": "FY", "revenue": 371400000, "costOfRevenue": 0, "grossProfit": 371400000, "grossProfitRatio": 1, "researchAndDevelopmentExpenses": 0, "generalAndAdministrativeExpenses": 118100000, "sellingAndMarketingExpenses": 5300000, "sellingGeneralAndAdministrativeExpenses": 123400000, "otherExpenses": -122800000, "operatingExpenses": 600000, "costAndExpenses": 600000, "interestIncome": 479000000, "interestExpense": 218500000, "depreciationAndAmortization": 21900000, "ebitda": 393900000, "ebitdaratio": 1.0605815832, "operatingIncome": 372000000, "operatingIncomeRatio": 1.0016155089, "totalOtherIncomeExpensesNet": -218500000, "incomeBeforeTax": 153500000, "incomeBeforeTaxRatio": 0.4133010232, "incomeTaxExpense": 52100000, "netIncome": 101400000, "netIncomeRatio": 0.2730210016, "eps": 1.7, "epsdiluted": 1.68, "weightedAverageShsOut": 63787000, "weightedAverageShsOutDil": 71666667, "link": "https://www.sec.gov/Archives/edgar/data/109380/000095014997000649/0000950149-97-000649-index.html", "finalLink": "https://www.sec.gov/Archives/edgar/data/109380/", "calculatedOtherExpenses": -124000000, "calculatedOperatingExpenses": -600000, "calculatedNetInterest": 260500000, "calculatedOtherIncome": -479000000, "calculatedIncomeNonControlling": 0, "calculatedEbitda": 393900000}, {"date": "1995-12-31", "symbol": "ZIONP", "reportedCurrency": "USD", "cik": "0000109380", "fillingDate": "1996-03-22", "acceptedDate": "1996-03-22 00:00:00", "calendarYear": "1995", "period": "FY", "revenue": 313700000, "costOfRevenue": 0, "grossProfit": 313700000, "grossProfitRatio": 1, "researchAndDevelopmentExpenses": 0, "generalAndAdministrativeExpenses": 103000000, "sellingAndMarketingExpenses": 5200000, "sellingGeneralAndAdministrativeExpenses": 108200000, "otherExpenses": -96100000, "operatingExpenses": 12100000, "costAndExpenses": 12100000, "interestIncome": 430500000, "interestExpense": 203500000, "depreciationAndAmortization": 18100000, "ebitda": 343900000, "ebitdaratio": 1.096270322, "operatingIncome": 325800000, "operatingIncomeRatio": 1.038571884, "totalOtherIncomeExpensesNet": -203500000, "incomeBeforeTax": 122300000, "incomeBeforeTaxRatio": 0.3898629264, "incomeTaxExpense": 41000000, "netIncome": 81300000, "netIncomeRatio": 0.2591648071, "eps": 1.39, "epsdiluted": 1.37, "weightedAverageShsOut": 59280576, "weightedAverageShsOutDil": 60145985, "link": "https://www.sec.gov/Archives/edgar/data/109380/000095014996000262/0000950149-96-000262-index.html", "finalLink": "https://www.sec.gov/Archives/edgar/data/109380/", "calculatedOtherExpenses": -120300000, "calculatedOperatingExpenses": -12100000, "calculatedNetInterest": 227000000, "calculatedOtherIncome": -430500000, "calculatedIncomeNonControlling": 0, "calculatedEbitda": 343900000}, {"date": "1994-12-31", "symbol": "ZIONP", "reportedCurrency": "USD", "cik": "0000109380", "fillingDate": "1995-03-28", "acceptedDate": "1995-03-28 00:00:00", "calendarYear": "1994", "period": "FY", "revenue": 271800000, "costOfRevenue": 0, "grossProfit": 271800000, "grossProfitRatio": 1, "researchAndDevelopmentExpenses": 0, "generalAndAdministrativeExpenses": 93300000, "sellingAndMarketingExpenses": 0, "sellingGeneralAndAdministrativeExpenses": 93300000, "otherExpenses": -115000000, "operatingExpenses": -21700000, "costAndExpenses": -21700000, "interestIncome": 354000000, "interestExpense": 155400000, "depreciationAndAmortization": 17700000, "ebitda": 267800000, "ebitdaratio": 0.9852832965, "operatingIncome": 250100000, "operatingIncomeRatio": 0.9201618837, "totalOtherIncomeExpensesNet": -155400000, "incomeBeforeTax": 94700000, "incomeBeforeTaxRatio": 0.3484179544, "incomeTaxExpense": 30900000, "netIncome": 63800000, "netIncomeRatio": 0.2347314202, "eps": 1.09, "epsdiluted": 1.09, "weightedAverageShsOut": 58404000, "weightedAverageShsOutDil": 58404000, "link": "https://www.sec.gov/Archives/edgar/data/109380/000095014995000149/0000950149-95-000149-index.html", "finalLink": "https://www.sec.gov/Archives/edgar/data/109380/", "calculatedOtherExpenses": -71600000, "calculatedOperatingExpenses": 21700000, "calculatedNetInterest": 198600000, "calculatedOtherIncome": -354000000, "calculatedIncomeNonControlling": 0, "calculatedEbitda": 267800000}, {"date": "1993-12-31", "symbol": "ZIONP", "reportedCurrency": "USD", "cik": "0000109380", "fillingDate": "1994-03-29", "acceptedDate": "1994-03-29 00:00:00", "calendarYear": "1993", "period": "FY", "revenue": 234900000, "costOfRevenue": 0, "grossProfit": 234900000, "grossProfitRatio": 1, "researchAndDevelopmentExpenses": 0, "generalAndAdministrativeExpenses": 79200000, "sellingAndMarketingExpenses": 0, "sellingGeneralAndAdministrativeExpenses": 79200000, "otherExpenses": -125500000, "operatingExpenses": -46300000, "costAndExpenses": -46300000, "interestIncome": 267700000, "interestExpense": 110900000, "depreciationAndAmortization": 17000000, "ebitda": 205600000, "ebitdaratio": 0.8752660707, "operatingIncome": 188600000, "operatingIncomeRatio": 0.8028948489, "totalOtherIncomeExpensesNet": -112500000, "incomeBeforeTax": 76100000, "incomeBeforeTaxRatio": 0.3239676458, "incomeTaxExpense": 24700000, "netIncome": 53000000, "netIncomeRatio": 0.2256279268, "eps": 1.06, "epsdiluted": 1.05, "weightedAverageShsOut": 50000000, "weightedAverageShsOutDil": 50476190, "link": "https://www.sec.gov/Archives/edgar/data/109380/000095014994000073/0000950149-94-000073-index.html", "finalLink": "https://www.sec.gov/Archives/edgar/data/109380/", "calculatedOtherExpenses": -32900000, "calculatedOperatingExpenses": 46300000, "calculatedNetInterest": 156800000, "calculatedOtherIncome": -269300000, "calculatedIncomeNonControlling": -1600000, "calculatedEbitda": 205600000}, {"date": "1992-12-31", "symbol": "ZIONP", "reportedCurrency": "USD", "cik": "0000109380", "fillingDate": "1992-12-31", "acceptedDate": "1992-12-30 19:00:00", "calendarYear": "1992", "period": "FY", "revenue": 205900000, "costOfRevenue": 0, "grossProfit": 205900000, "grossProfitRatio": 1, "researchAndDevelopmentExpenses": 0, "generalAndAdministrativeExpenses": 66000000, "sellingAndMarketingExpenses": 0, "sellingGeneralAndAdministrativeExpenses": 66000000, "otherExpenses": -93100000, "operatingExpenses": -27100000, "costAndExpenses": -27100000, "interestIncome": 258200000, "interestExpense": 114200000, "depreciationAndAmortization": 15800000, "ebitda": 194600000, "ebitdaratio": 0.9451189898, "operatingIncome": 178800000, "operatingIncomeRatio": 0.8683827101, "totalOtherIncomeExpensesNet": -114200000, "incomeBeforeTax": 64600000, "incomeBeforeTaxRatio": 0.3137445362, "incomeTaxExpense": 21200000, "netIncome": 43400000, "netIncomeRatio": 0.210781933, "eps": 0.88, "epsdiluted": 0.88, "weightedAverageShsOut": 49318182, "weightedAverageShsOutDil": 49318182, "link": "", "finalLink": "", "calculatedOtherExpenses": -38900000, "calculatedOperatingExpenses": 27100000, "calculatedNetInterest": 144000000, "calculatedOtherIncome": -258200000, "calculatedIncomeNonControlling": 0, "calculatedEbitda": 194600000}, {"date": "1991-12-31", "symbol": "ZIONP", "reportedCurrency": "USD", "cik": "0000109380", "fillingDate": "1991-12-31", "acceptedDate": "1991-12-30 19:00:00", "calendarYear": "1991", "period": "FY", "revenue": 190400000, "costOfRevenue": 0, "grossProfit": 190400000, "grossProfitRatio": 1, "researchAndDevelopmentExpenses": 0, "generalAndAdministrativeExpenses": 58500000, "sellingAndMarketingExpenses": 0, "sellingGeneralAndAdministrativeExpenses": 58500000, "otherExpenses": -52700000, "operatingExpenses": 5800000, "costAndExpenses": 5800000, "interestIncome": 285600000, "interestExpense": 154100000, "depreciationAndAmortization": 5300000, "ebitda": 201500000, "ebitdaratio": 1.0582983193, "operatingIncome": 196200000, "operatingIncomeRatio": 1.0304621849, "totalOtherIncomeExpensesNet": -154100000, "incomeBeforeTax": 42100000, "incomeBeforeTaxRatio": 0.2211134454, "incomeTaxExpense": 13000000, "netIncome": 29100000, "netIncomeRatio": 0.1528361345, "eps": 0.6, "epsdiluted": 0.6, "weightedAverageShsOut": 48500000, "weightedAverageShsOutDil": 48500000, "link": "", "finalLink": "", "calculatedOtherExpenses": -64300000, "calculatedOperatingExpenses": -5800000, "calculatedNetInterest": 131500000, "calculatedOtherIncome": -285600000, "calculatedIncomeNonControlling": 0, "calculatedEbitda": 201500000}, {"date": "1990-12-31", "symbol": "ZIONP", "reportedCurrency": "USD", "cik": "0000109380", "fillingDate": "1990-12-31", "acceptedDate": "1990-12-30 19:00:00", "calendarYear": "1990", "period": "FY", "revenue": 178300000, "costOfRevenue": 0, "grossProfit": 178300000, "grossProfitRatio": 1, "researchAndDevelopmentExpenses": 0, "generalAndAdministrativeExpenses": 56300000, "sellingAndMarketingExpenses": 0, "sellingGeneralAndAdministrativeExpenses": 56300000, "otherExpenses": -30300000, "operatingExpenses": 26000000, "costAndExpenses": 26000000, "interestIncome": 287300000, "interestExpense": 166100000, "depreciationAndAmortization": 5400000, "ebitda": 209700000, "ebitdaratio": 1.1761076837, "operatingIncome": 204300000, "operatingIncomeRatio": 1.1458216489, "totalOtherIncomeExpensesNet": -166100000, "incomeBeforeTax": 38200000, "incomeBeforeTaxRatio": 0.2142456534, "incomeTaxExpense": 11600000, "netIncome": 26600000, "netIncomeRatio": 0.1491867639, "eps": 0.56, "epsdiluted": 0.56, "weightedAverageShsOut": 47500000, "weightedAverageShsOutDil": 47500000, "link": "", "finalLink": "", "calculatedOtherExpenses": -82300000, "calculatedOperatingExpenses": -26000000, "calculatedNetInterest": 121200000, "calculatedOtherIncome": -287300000, "calculatedIncomeNonControlling": 0, "calculatedEbitda": 209700000}, {"date": "1989-12-31", "symbol": "ZIONP", "reportedCurrency": "USD", "cik": "0000109380", "fillingDate": "1989-12-31", "acceptedDate": "1989-12-30 19:00:00", "calendarYear": "1989", "period": "FY", "revenue": 159100000, "costOfRevenue": 0, "grossProfit": 159100000, "grossProfitRatio": 1, "researchAndDevelopmentExpenses": 0, "generalAndAdministrativeExpenses": 49200000, "sellingAndMarketingExpenses": 0, "sellingGeneralAndAdministrativeExpenses": 49200000, "otherExpenses": -23600000, "operatingExpenses": 25600000, "costAndExpenses": 25600000, "interestIncome": 282600000, "interestExpense": 161900000, "depreciationAndAmortization": 5400000, "ebitda": 190100000, "ebitdaratio": 1.1948460088, "operatingIncome": 184700000, "operatingIncomeRatio": 1.1609050911, "totalOtherIncomeExpensesNet": -165700000, "incomeBeforeTax": 19000000, "incomeBeforeTaxRatio": 0.1194217473, "incomeTaxExpense": 5100000, "netIncome": 17700000, "netIncomeRatio": 0.1112507857, "eps": 0.38, "epsdiluted": 0.38, "weightedAverageShsOut": 46578947, "weightedAverageShsOutDil": 46578947, "link": "", "finalLink": "", "calculatedOtherExpenses": -74800000, "calculatedOperatingExpenses": -25600000, "calculatedNetInterest": 120700000, "calculatedOtherIncome": -286400000, "calculatedIncomeNonControlling": -3800000, "calculatedEbitda": 190100000}, {"date": "1988-12-31", "symbol": "ZIONP", "reportedCurrency": "USD", "cik": "0000109380", "fillingDate": "1988-12-31", "acceptedDate": "1988-12-30 19:00:00", "calendarYear": "1988", "period": "FY", "revenue": 0, "costOfRevenue": 0, "grossProfit": 0, "grossProfitRatio": 0, "researchAndDevelopmentExpenses": 0, "generalAndAdministrativeExpenses": 0, "sellingAndMarketingExpenses": 0, "sellingGeneralAndAdministrativeExpenses": 0, "otherExpenses": -17900000, "operatingExpenses": -17900000, "costAndExpenses": -17900000, "interestIncome": 0, "interestExpense": 0, "depreciationAndAmortization": 12400000, "ebitda": -5500000, "ebitdaratio": 0, "operatingIncome": -17900000, "operatingIncomeRatio": 0, "totalOtherIncomeExpensesNet": 0, "incomeBeforeTax": 0, "incomeBeforeTaxRatio": 0, "incomeTaxExpense": 0, "netIncome": -17900000, "netIncomeRatio": 0, "eps": -0.38, "epsdiluted": -0.38, "weightedAverageShsOut": 47105263, "weightedAverageShsOutDil": 47105263, "link": "", "finalLink": "", "calculatedOtherExpenses": 17900000, "calculatedOperatingExpenses": 17900000, "calculatedNetInterest": 0, "calculatedOtherIncome": 17900000, "calculatedIncomeNonControlling": 17900000, "calculatedEbitda": -5500000}, {"date": "1987-12-31", "symbol": "ZIONP", "reportedCurrency": "USD", "cik": "0000109380", "fillingDate": "1987-12-31", "acceptedDate": "1987-12-30 19:00:00", "calendarYear": "1987", "period": "FY", "revenue": 0, "costOfRevenue": 0, "grossProfit": 0, "grossProfitRatio": 0, "researchAndDevelopmentExpenses": 0, "generalAndAdministrativeExpenses": 0, "sellingAndMarketingExpenses": 0, "sellingGeneralAndAdministrativeExpenses": 0, "otherExpenses": -14400000, "operatingExpenses": -14400000, "costAndExpenses": -14400000, "interestIncome": 0, "interestExpense": 0, "depreciationAndAmortization": 0, "ebitda": -14400000, "ebitdaratio": 0, "operatingIncome": -14400000, "operatingIncomeRatio": 0, "totalOtherIncomeExpensesNet": 0, "incomeBeforeTax": 0, "incomeBeforeTaxRatio": 0, "incomeTaxExpense": 14400000, "netIncome": -14400000, "netIncomeRatio": 0, "eps": -0.32, "epsdiluted": -0.32, "weightedAverageShsOut": 45000000, "weightedAverageShsOutDil": 45000000, "link": "", "finalLink": "", "calculatedOtherExpenses": 14400000, "calculatedOperatingExpenses": 14400000, "calculatedNetInterest": 0, "calculatedOtherIncome": 14400000, "calculatedIncomeNonControlling": 0, "calculatedEbitda": -14400000}, {"date": "1986-12-31", "symbol": "ZIONP", "reportedCurrency": "USD", "cik": "0000109380", "fillingDate": "1986-12-31", "acceptedDate": "1986-12-30 19:00:00", "calendarYear": "1986", "period": "FY", "revenue": 0, "costOfRevenue": 0, "grossProfit": 0, "grossProfitRatio": 0, "researchAndDevelopmentExpenses": 0, "generalAndAdministrativeExpenses": 0, "sellingAndMarketingExpenses": 0, "sellingGeneralAndAdministrativeExpenses": 0, "otherExpenses": 20600000, "operatingExpenses": 20600000, "costAndExpenses": 20600000, "interestIncome": 0, "interestExpense": 0, "depreciationAndAmortization": 0, "ebitda": 20600000, "ebitdaratio": 0, "operatingIncome": 20600000, "operatingIncomeRatio": 0, "totalOtherIncomeExpensesNet": 0, "incomeBeforeTax": 0, "incomeBeforeTaxRatio": 0, "incomeTaxExpense": -20600000, "netIncome": 20600000, "netIncomeRatio": 0, "eps": 0.45, "epsdiluted": 0.45, "weightedAverageShsOut": 45813953, "weightedAverageShsOutDil": 45813953, "link": "", "finalLink": "", "calculatedOtherExpenses": -20600000, "calculatedOperatingExpenses": -20600000, "calculatedNetInterest": 0, "calculatedOtherIncome": -20600000, "calculatedIncomeNonControlling": 0, "calculatedEbitda": 20600000}, {"date": "1985-12-31", "symbol": "ZIONP", "reportedCurrency": "USD", "cik": "0000109380", "fillingDate": "1985-12-31", "acceptedDate": "1985-12-30 19:00:00", "calendarYear": "1985", "period": "FY", "revenue": 0, "costOfRevenue": 0, "grossProfit": 0, "grossProfitRatio": 0, "researchAndDevelopmentExpenses": 0, "generalAndAdministrativeExpenses": 0, "sellingAndMarketingExpenses": 0, "sellingGeneralAndAdministrativeExpenses": 0, "otherExpenses": 28200000, "operatingExpenses": 28200000, "costAndExpenses": 28200000, "interestIncome": 0, "interestExpense": 0, "depreciationAndAmortization": 0, "ebitda": 28200000, "ebitdaratio": 0, "operatingIncome": 28200000, "operatingIncomeRatio": 0, "totalOtherIncomeExpensesNet": 0, "incomeBeforeTax": 0, "incomeBeforeTaxRatio": 0, "incomeTaxExpense": -28200000, "netIncome": 28200000, "netIncomeRatio": 0, "eps": 0.63, "epsdiluted": 0.61, "weightedAverageShsOut": 45084746, "weightedAverageShsOutDil": 45862069, "link": "", "finalLink": "", "calculatedOtherExpenses": -28200000, "calculatedOperatingExpenses": -28200000, "calculatedNetInterest": 0, "calculatedOtherIncome": -28200000, "calculatedIncomeNonControlling": 0, "calculatedEbitda": 28200000}, {"date": "1984-12-31", "symbol": "ZIONP", "reportedCurrency": "USD", "cik": "0000109380", "fillingDate": "1984-12-31", "acceptedDate": "1984-12-30 19:00:00", "calendarYear": "1984", "period": "FY", "revenue": 107000000, "costOfRevenue": 0, "grossProfit": 107000000, "grossProfitRatio": 1, "researchAndDevelopmentExpenses": 0, "generalAndAdministrativeExpenses": 79300000, "sellingAndMarketingExpenses": 0, "sellingGeneralAndAdministrativeExpenses": 79300000, "otherExpenses": 175800000, "operatingExpenses": 255100000, "costAndExpenses": 430900000, "interestIncome": 0, "interestExpense": 175800000, "depreciationAndAmortization": 175800000, "ebitda": 203400000, "ebitdaratio": 1.9009345794, "operatingIncome": 27600000, "operatingIncomeRatio": 0.2579439252, "totalOtherIncomeExpensesNet": 0, "incomeBeforeTax": 27600000, "incomeBeforeTaxRatio": 0.2579439252, "incomeTaxExpense": 2600000, "netIncome": 25000000, "netIncomeRatio": 0.2336448598, "eps": 0.55, "epsdiluted": 0.55, "weightedAverageShsOut": 45500000, "weightedAverageShsOutDil": 45500000, "link": "", "finalLink": "", "calculatedOtherExpenses": 100000, "calculatedOperatingExpenses": 79400000, "calculatedNetInterest": -175800000, "calculatedOtherIncome": 175800000, "calculatedIncomeNonControlling": 0, "calculatedEbitda": 203400000}, {"date": "1983-12-31", "symbol": "ZIONP", "reportedCurrency": "USD", "cik": "0000109380", "fillingDate": "1983-12-31", "acceptedDate": "1983-12-30 19:00:00", "calendarYear": "1983", "period": "FY", "revenue": 101800000, "costOfRevenue": 0, "grossProfit": 101800000, "grossProfitRatio": 1, "researchAndDevelopmentExpenses": 0, "generalAndAdministrativeExpenses": 71100000, "sellingAndMarketingExpenses": 0, "sellingGeneralAndAdministrativeExpenses": 71100000, "otherExpenses": 143100000, "operatingExpenses": 214200000, "costAndExpenses": 357300000, "interestIncome": 0, "interestExpense": 143100000, "depreciationAndAmortization": 143100000, "ebitda": 173900000, "ebitdaratio": 1.7082514735, "operatingIncome": 30800000, "operatingIncomeRatio": 0.3025540275, "totalOtherIncomeExpensesNet": 0, "incomeBeforeTax": 30800000, "incomeBeforeTaxRatio": 0.3025540275, "incomeTaxExpense": 6300000, "netIncome": 24500000, "netIncomeRatio": 0.2406679764, "eps": 0.54, "epsdiluted": 0.54, "weightedAverageShsOut": 45200000, "weightedAverageShsOutDil": 45200000, "link": "", "finalLink": "", "calculatedOtherExpenses": -100000, "calculatedOperatingExpenses": 71000000, "calculatedNetInterest": -143100000, "calculatedOtherIncome": 143100000, "calculatedIncomeNonControlling": 0, "calculatedEbitda": 173900000}]}