{"originalCurrency": "USD", "convertedCurrency": "USD", "report": [{"date": "2024-01-31", "symbol": "ZM", "reportedCurrency": "USD", "cik": "0001585521", "fillingDate": "2024-03-04", "acceptedDate": "2024-03-01 18:30:11", "calendarYear": "2024", "period": "FY", "revenue": 4527224000, "costOfRevenue": 1077801000, "grossProfit": 3449423000, "grossProfitRatio": 0.7619289437, "researchAndDevelopmentExpenses": 803187000, "generalAndAdministrativeExpenses": 579650000, "sellingAndMarketingExpenses": 1541307000, "sellingGeneralAndAdministrativeExpenses": 2120957000, "otherExpenses": 197263000, "operatingExpenses": 2924144000, "costAndExpenses": 4001945000, "interestIncome": 0, "interestExpense": 0, "depreciationAndAmortization": 104451000, "ebitda": 519960000, "ebitdaratio": 0.1148518386, "operatingIncome": 525279000, "operatingIncomeRatio": 0.1160267307, "totalOtherIncomeExpensesNet": 307033000, "incomeBeforeTax": 832312000, "incomeBeforeTaxRatio": 0.1838459948, "incomeTaxExpense": 194850000, "netIncome": 637462000, "netIncomeRatio": 0.1408063749, "eps": 2.12, "epsdiluted": 2.07, "weightedAverageShsOut": 300748162, "weightedAverageShsOutDil": 308519897, "link": "https://www.sec.gov/Archives/edgar/data/1585521/000158552124000030/0001585521-24-000030-index.htm", "finalLink": "https://www.sec.gov/Archives/edgar/data/1585521/000158552124000030/zm-20240131.htm", "calculatedOtherExpenses": 0, "calculatedOperatingExpenses": 2924144000, "calculatedNetInterest": 0, "calculatedOtherIncome": 307033000, "calculatedIncomeNonControlling": 0, "calculatedEbitda": 629730000}, {"date": "2023-01-31", "symbol": "ZM", "reportedCurrency": "USD", "cik": "0001585521", "fillingDate": "2023-03-03", "acceptedDate": "2023-03-03 11:07:37", "calendarYear": "2023", "period": "FY", "revenue": 4392960000, "costOfRevenue": 1100451000, "grossProfit": 3292509000, "grossProfitRatio": 0.7494966947, "researchAndDevelopmentExpenses": 774059000, "generalAndAdministrativeExpenses": 576431000, "sellingAndMarketingExpenses": 1696590000, "sellingGeneralAndAdministrativeExpenses": 2273021000, "otherExpenses": 41418000, "operatingExpenses": 3047080000, "costAndExpenses": 4147531000, "interestIncome": 0, "interestExpense": 33724000, "depreciationAndAmortization": 119892000, "ebitda": 365321000, "ebitdaratio": 0.0831605569, "operatingIncome": 245429000, "operatingIncomeRatio": 0.0558687081, "totalOtherIncomeExpensesNet": 3847000, "incomeBeforeTax": 249276000, "incomeBeforeTaxRatio": 0.0567444274, "incomeTaxExpense": 145565000, "netIncome": 103711000, "netIncomeRatio": 0.0236084553, "eps": 0.35, "epsdiluted": 0.34, "weightedAverageShsOut": 296560501, "weightedAverageShsOutDil": 304231350, "link": "https://www.sec.gov/Archives/edgar/data/1585521/000158552123000035/0001585521-23-000035-index.htm", "finalLink": "https://www.sec.gov/Archives/edgar/data/1585521/000158552123000035/zm-20230131.htm", "calculatedOtherExpenses": 0, "calculatedOperatingExpenses": 3047080000, "calculatedNetInterest": -33724000, "calculatedOtherIncome": 37571000, "calculatedIncomeNonControlling": 0, "calculatedEbitda": 365321000}, {"date": "2022-01-31", "symbol": "ZM", "reportedCurrency": "USD", "cik": "0001585521", "fillingDate": "2022-03-07", "acceptedDate": "2022-03-07 16:02:53", "calendarYear": "2022", "period": "FY", "revenue": 4099864000, "costOfRevenue": 1054554000, "grossProfit": 3045310000, "grossProfitRatio": 0.7427831752, "researchAndDevelopmentExpenses": 362990000, "generalAndAdministrativeExpenses": 482770000, "sellingAndMarketingExpenses": 1135959000, "sellingGeneralAndAdministrativeExpenses": 1618729000, "otherExpenses": -5720000, "operatingExpenses": 1981719000, "costAndExpenses": 3036273000, "interestIncome": 0, "interestExpense": -81802000, "depreciationAndAmortization": 4427000, "ebitda": 1068018000, "ebitdaratio": 0.2605008361, "operatingIncome": 1063591000, "operatingIncomeRatio": 0.2594210442, "totalOtherIncomeExpensesNet": 38041000, "incomeBeforeTax": 1101632000, "incomeBeforeTaxRatio": 0.2686996447, "incomeTaxExpense": -274007000, "netIncome": 1375639000, "netIncomeRatio": 0.3355328372, "eps": 4.64, "epsdiluted": 4.5, "weightedAverageShsOut": 296334894, "weightedAverageShsOutDil": 305826505, "link": "https://www.sec.gov/Archives/edgar/data/1585521/000158552122000037/0001585521-22-000037-index.htm", "finalLink": "https://www.sec.gov/Archives/edgar/data/1585521/000158552122000037/zm-20220131.htm", "calculatedOtherExpenses": 0, "calculatedOperatingExpenses": 1981719000, "calculatedNetInterest": 81802000, "calculatedOtherIncome": -43761000, "calculatedIncomeNonControlling": 0, "calculatedEbitda": 1068018000}, {"date": "2021-01-31", "symbol": "ZM", "reportedCurrency": "USD", "cik": "0001585521", "fillingDate": "2021-03-18", "acceptedDate": "2021-03-18 16:03:41", "calendarYear": "2021", "period": "FY", "revenue": 2651368000, "costOfRevenue": 821989000, "grossProfit": 1829379000, "grossProfitRatio": 0.6899755145, "researchAndDevelopmentExpenses": 164080000, "generalAndAdministrativeExpenses": 320547000, "sellingAndMarketingExpenses": 684904000, "sellingGeneralAndAdministrativeExpenses": 1005451000, "otherExpenses": 15648000, "operatingExpenses": 1169531000, "costAndExpenses": 1991520000, "interestIncome": 18186000, "interestExpense": 0, "depreciationAndAmortization": 28857000, "ebitda": 688705000, "ebitdaratio": 0.2597545871, "operatingIncome": 659848000, "operatingIncomeRatio": 0.2488707716, "totalOtherIncomeExpensesNet": 18186000, "incomeBeforeTax": 678034000, "incomeBeforeTaxRatio": 0.2557298723, "incomeTaxExpense": 5718000, "netIncome": 672316000, "netIncomeRatio": 0.2535732497, "eps": 2.37, "epsdiluted": 2.25, "weightedAverageShsOut": 283853654, "weightedAverageShsOutDil": 298127669, "link": "https://www.sec.gov/Archives/edgar/data/1585521/000158552121000048/0001585521-21-000048-index.htm", "finalLink": "https://www.sec.gov/Archives/edgar/data/1585521/000158552121000048/zm-20210131.htm", "calculatedOtherExpenses": 0, "calculatedOperatingExpenses": 1169531000, "calculatedNetInterest": 18186000, "calculatedOtherIncome": 0, "calculatedIncomeNonControlling": 0, "calculatedEbitda": 688705000}, {"date": "2020-01-31", "symbol": "ZM", "reportedCurrency": "USD", "cik": "0001585521", "fillingDate": "2020-03-20", "acceptedDate": "2020-03-20 16:37:28", "calendarYear": "2020", "period": "FY", "revenue": 622658000, "costOfRevenue": 115396000, "grossProfit": 507262000, "grossProfitRatio": 0.8146719387, "researchAndDevelopmentExpenses": 67079000, "generalAndAdministrativeExpenses": 86841000, "sellingAndMarketingExpenses": 340646000, "sellingGeneralAndAdministrativeExpenses": 427487000, "otherExpenses": 13666000, "operatingExpenses": 494566000, "costAndExpenses": 609962000, "interestIncome": 13666000, "interestExpense": 0, "depreciationAndAmortization": 16449000, "ebitda": 29145000, "ebitdaratio": 0.0468073967, "operatingIncome": 12696000, "operatingIncomeRatio": 0.0203900054, "totalOtherIncomeExpensesNet": 13666000, "incomeBeforeTax": 26362000, "incomeBeforeTaxRatio": 0.0423378484, "incomeTaxExpense": 1057000, "netIncome": 25305000, "netIncomeRatio": 0.0406402873, "eps": 0.0931, "epsdiluted": 0.0855, "weightedAverageShsOut": 233641336, "weightedAverageShsOutDil": 254298014, "link": "https://www.sec.gov/Archives/edgar/data/1585521/000158552120000095/0001585521-20-000095-index.htm", "finalLink": "https://www.sec.gov/Archives/edgar/data/1585521/000158552120000095/zm-20200131.htm", "calculatedOtherExpenses": 0, "calculatedOperatingExpenses": 494566000, "calculatedNetInterest": 13666000, "calculatedOtherIncome": 0, "calculatedIncomeNonControlling": 0, "calculatedEbitda": 29145000}, {"date": "2019-01-31", "symbol": "ZM", "reportedCurrency": "USD", "cik": "0001585521", "fillingDate": "2019-01-31", "acceptedDate": "2019-01-30 19:00:00", "calendarYear": "2019", "period": "FY", "revenue": 330517000, "costOfRevenue": 61001000, "grossProfit": 269516000, "grossProfitRatio": 0.8154376326, "researchAndDevelopmentExpenses": 33014000, "generalAndAdministrativeExpenses": 44514000, "sellingAndMarketingExpenses": 185821000, "sellingGeneralAndAdministrativeExpenses": 230335000, "otherExpenses": 345000, "operatingExpenses": 263349000, "costAndExpenses": 324350000, "interestIncome": 1837000, "interestExpense": 0, "depreciationAndAmortization": 7008000, "ebitda": 13175000, "ebitdaratio": 0.0398617923, "operatingIncome": 6167000, "operatingIncomeRatio": 0.0186586469, "totalOtherIncomeExpensesNet": 345000, "incomeBeforeTax": 8349000, "incomeBeforeTaxRatio": 0.0252604253, "incomeTaxExpense": 765000, "netIncome": 7584000, "netIncomeRatio": 0.0229458697, "eps": 0.0282, "epsdiluted": 0.0282, "weightedAverageShsOut": 268804679, "weightedAverageShsOutDil": 268804679, "link": "", "finalLink": "", "calculatedOtherExpenses": 0, "calculatedOperatingExpenses": 263349000, "calculatedNetInterest": 1837000, "calculatedOtherIncome": 345000, "calculatedIncomeNonControlling": 0, "calculatedEbitda": 13175000}, {"date": "2018-01-31", "symbol": "ZM", "reportedCurrency": "USD", "cik": "0001585521", "fillingDate": "2018-01-31", "acceptedDate": "2018-01-30 19:00:00", "calendarYear": "2018", "period": "FY", "revenue": 151478000, "costOfRevenue": 30780000, "grossProfit": 120698000, "grossProfitRatio": 0.7968021759, "researchAndDevelopmentExpenses": 15733000, "generalAndAdministrativeExpenses": 27091000, "sellingAndMarketingExpenses": 82707000, "sellingGeneralAndAdministrativeExpenses": 109798000, "otherExpenses": 74000, "operatingExpenses": 125531000, "costAndExpenses": 156311000, "interestIncome": 1315000, "interestExpense": 0, "depreciationAndAmortization": 2786000, "ebitda": -2047000, "ebitdaratio": -0.0135135135, "operatingIncome": -4833000, "operatingIncomeRatio": -0.0319056233, "totalOtherIncomeExpensesNet": 74000, "incomeBeforeTax": -3518000, "incomeBeforeTaxRatio": -0.0232244946, "incomeTaxExpense": 304000, "netIncome": -3822000, "netIncomeRatio": -0.0252313867, "eps": -0.0161, "epsdiluted": -0.0142, "weightedAverageShsOut": 237282092, "weightedAverageShsOutDil": 268804679, "link": "", "finalLink": "", "calculatedOtherExpenses": 0, "calculatedOperatingExpenses": 125531000, "calculatedNetInterest": 1315000, "calculatedOtherIncome": 0, "calculatedIncomeNonControlling": 0, "calculatedEbitda": -2047000}, {"date": "2017-01-31", "symbol": "ZM", "reportedCurrency": "USD", "cik": "0001585521", "fillingDate": "2017-01-31", "acceptedDate": "2017-01-30 19:00:00", "calendarYear": "2017", "period": "FY", "revenue": 60817000, "costOfRevenue": 12472000, "grossProfit": 48345000, "grossProfitRatio": 0.7949257609, "researchAndDevelopmentExpenses": 9218000, "generalAndAdministrativeExpenses": 7547000, "sellingAndMarketingExpenses": 31580000, "sellingGeneralAndAdministrativeExpenses": 39127000, "otherExpenses": 60000, "operatingExpenses": 48345000, "costAndExpenses": 60817000, "interestIncome": 98000, "interestExpense": 0, "depreciationAndAmortization": 1219000, "ebitda": 1219000, "ebitdaratio": 0.0200437378, "operatingIncome": 0, "operatingIncomeRatio": 0, "totalOtherIncomeExpensesNet": 60000, "incomeBeforeTax": 158000, "incomeBeforeTaxRatio": 0.0025979578, "incomeTaxExpense": 172000, "netIncome": -14000, "netIncomeRatio": -0.0002301988, "eps": -0.0001, "epsdiluted": -0.0001, "weightedAverageShsOut": 237282092, "weightedAverageShsOutDil": 268804679, "link": "", "finalLink": "", "calculatedOtherExpenses": 0, "calculatedOperatingExpenses": 48345000, "calculatedNetInterest": 98000, "calculatedOtherIncome": 60000, "calculatedIncomeNonControlling": 0, "calculatedEbitda": 1219000}]}