{"originalCurrency": "USD", "convertedCurrency": "USD", "report": [{"date": "2023-07-31", "symbol": "ZS", "reportedCurrency": "USD", "cik": "0001713683", "fillingDate": "2023-09-14", "acceptedDate": "2023-09-14 16:20:27", "calendarYear": "2023", "period": "FY", "revenue": 1616952000, "costOfRevenue": 362832000, "grossProfit": 1254120000, "grossProfitRatio": 0.7756074392, "researchAndDevelopmentExpenses": 349735000, "generalAndAdministrativeExpenses": 177544000, "sellingAndMarketingExpenses": 953864000, "sellingGeneralAndAdministrativeExpenses": 1131408000, "otherExpenses": -1862000, "operatingExpenses": 1481143000, "costAndExpenses": 1843975000, "interestIncome": 60462000, "interestExpense": 6541000, "depreciationAndAmortization": 66816000, "ebitda": -101607000, "ebitdaratio": -0.0628386, "operatingIncome": -234623000, "operatingIncomeRatio": -0.1451020191, "totalOtherIncomeExpensesNet": -9462000, "incomeBeforeTax": -182564000, "incomeBeforeTaxRatio": -0.1129062582, "incomeTaxExpense": 19771000, "netIncome": -202335000, "netIncomeRatio": -0.1251335847, "eps": -1.4, "epsdiluted": -1.4, "weightedAverageShsOut": 144942000, "weightedAverageShsOutDil": 144942000, "link": "https://www.sec.gov/Archives/edgar/data/1713683/000171368323000113/0001713683-23-000113-index.htm", "finalLink": "https://www.sec.gov/Archives/edgar/data/1713683/000171368323000113/zs-20230731.htm", "calculatedOtherExpenses": 7600000, "calculatedOperatingExpenses": 1488743000, "calculatedNetInterest": 53921000, "calculatedOtherIncome": -1862000, "calculatedIncomeNonControlling": 0, "calculatedEbitda": -167807000}, {"date": "2022-07-31", "symbol": "ZS", "reportedCurrency": "USD", "cik": "0001713683", "fillingDate": "2022-09-15", "acceptedDate": "2022-09-15 16:29:56", "calendarYear": "2022", "period": "FY", "revenue": 1090946000, "costOfRevenue": 242282000, "grossProfit": 848664000, "grossProfitRatio": 0.7779156805, "researchAndDevelopmentExpenses": 289139000, "generalAndAdministrativeExpenses": 151735000, "sellingAndMarketingExpenses": 735219000, "sellingGeneralAndAdministrativeExpenses": 886954000, "otherExpenses": -4208000, "operatingExpenses": 1176093000, "costAndExpenses": 1418375000, "interestIncome": 4586000, "interestExpense": 56579000, "depreciationAndAmortization": 49844000, "ebitda": -277585000, "ebitdaratio": -0.254444308, "operatingIncome": -327429000, "operatingIncomeRatio": -0.3001330955, "totalOtherIncomeExpensesNet": -56201000, "incomeBeforeTax": -383630000, "incomeBeforeTaxRatio": -0.3516489359, "incomeTaxExpense": 6648000, "netIncome": -390278000, "netIncomeRatio": -0.3577427297, "eps": -2.77, "epsdiluted": -2.77, "weightedAverageShsOut": 140895000, "weightedAverageShsOutDil": 140895000, "link": "https://www.sec.gov/Archives/edgar/data/1713683/000171368322000081/0001713683-22-000081-index.htm", "finalLink": "https://www.sec.gov/Archives/edgar/data/1713683/000171368322000081/zs-20220731.htm", "calculatedOtherExpenses": 0, "calculatedOperatingExpenses": 1176093000, "calculatedNetInterest": -51993000, "calculatedOtherIncome": -4208000, "calculatedIncomeNonControlling": 0, "calculatedEbitda": -277585000}, {"date": "2021-07-31", "symbol": "ZS", "reportedCurrency": "USD", "cik": "0001713683", "fillingDate": "2021-09-16", "acceptedDate": "2021-09-16 16:35:51", "calendarYear": "2021", "period": "FY", "revenue": 673100000, "costOfRevenue": 150317000, "grossProfit": 522783000, "grossProfitRatio": 0.7766795424, "researchAndDevelopmentExpenses": 174653000, "generalAndAdministrativeExpenses": 96535000, "sellingAndMarketingExpenses": 459407000, "sellingGeneralAndAdministrativeExpenses": 555942000, "otherExpenses": 1186000, "operatingExpenses": 730595000, "costAndExpenses": 880912000, "interestIncome": 2812000, "interestExpense": 53364000, "depreciationAndAmortization": 40456000, "ebitda": -167356000, "ebitdaratio": -0.2486346754, "operatingIncome": -207812000, "operatingIncomeRatio": -0.3087386718, "totalOtherIncomeExpensesNet": -49366000, "incomeBeforeTax": -257178000, "incomeBeforeTaxRatio": -0.3820799287, "incomeTaxExpense": 4851000, "netIncome": -262029000, "netIncomeRatio": -0.3892868816, "eps": -1.93, "epsdiluted": -1.93, "weightedAverageShsOut": 135654000, "weightedAverageShsOutDil": 135654000, "link": "https://www.sec.gov/Archives/edgar/data/1713683/000171368321000175/0001713683-21-000175-index.htm", "finalLink": "https://www.sec.gov/Archives/edgar/data/1713683/000171368321000175/zs-20210731.htm", "calculatedOtherExpenses": 0, "calculatedOperatingExpenses": 730595000, "calculatedNetInterest": -50552000, "calculatedOtherIncome": 1186000, "calculatedIncomeNonControlling": 0, "calculatedEbitda": -167356000}, {"date": "2020-07-31", "symbol": "ZS", "reportedCurrency": "USD", "cik": "0001713683", "fillingDate": "2020-09-17", "acceptedDate": "2020-09-17 16:23:12", "calendarYear": "2020", "period": "FY", "revenue": 431269000, "costOfRevenue": 95733000, "grossProfit": 335536000, "grossProfitRatio": 0.7780202148, "researchAndDevelopmentExpenses": 97879000, "generalAndAdministrativeExpenses": 73632000, "sellingAndMarketingExpenses": 277981000, "sellingGeneralAndAdministrativeExpenses": 351613000, "otherExpenses": -224000, "operatingExpenses": 449492000, "costAndExpenses": 545225000, "interestIncome": 6477000, "interestExpense": 5025000, "depreciationAndAmortization": 27371000, "ebitda": -86585000, "ebitdaratio": -0.2007679662, "operatingIncome": -113956000, "operatingIncomeRatio": -0.2642341555, "totalOtherIncomeExpensesNet": 1228000, "incomeBeforeTax": -112728000, "incomeBeforeTaxRatio": -0.2613867447, "incomeTaxExpense": 2388000, "netIncome": -115116000, "netIncomeRatio": -0.266923892, "eps": -0.89, "epsdiluted": -0.89, "weightedAverageShsOut": 129323000, "weightedAverageShsOutDil": 129323000, "link": "https://www.sec.gov/Archives/edgar/data/1713683/000171368320000163/0001713683-20-000163-index.htm", "finalLink": "https://www.sec.gov/Archives/edgar/data/1713683/000171368320000163/zs-20200731.htm", "calculatedOtherExpenses": 0, "calculatedOperatingExpenses": 449492000, "calculatedNetInterest": 1452000, "calculatedOtherIncome": -224000, "calculatedIncomeNonControlling": 0, "calculatedEbitda": -86585000}, {"date": "2019-07-31", "symbol": "ZS", "reportedCurrency": "USD", "cik": "0001713683", "fillingDate": "2019-09-18", "acceptedDate": "2019-09-18 17:17:24", "calendarYear": "2019", "period": "FY", "revenue": 302836000, "costOfRevenue": 59669000, "grossProfit": 243167000, "grossProfitRatio": 0.8029659618, "researchAndDevelopmentExpenses": 61969000, "generalAndAdministrativeExpenses": 46598000, "sellingAndMarketingExpenses": 169913000, "sellingGeneralAndAdministrativeExpenses": 216511000, "otherExpenses": -329000, "operatingExpenses": 278480000, "costAndExpenses": 338149000, "interestIncome": 7730000, "interestExpense": 0, "depreciationAndAmortization": 11306000, "ebitda": -24007000, "ebitdaratio": -0.0792739304, "operatingIncome": -35313000, "operatingIncomeRatio": -0.1166076688, "totalOtherIncomeExpensesNet": 7401000, "incomeBeforeTax": -27912000, "incomeBeforeTaxRatio": -0.0921686986, "incomeTaxExpense": 743000, "netIncome": -28655000, "netIncomeRatio": -0.0946221717, "eps": -0.23, "epsdiluted": -0.23, "weightedAverageShsOut": 123566000, "weightedAverageShsOutDil": 123566000, "link": "https://www.sec.gov/Archives/edgar/data/1713683/000171368319000030/0001713683-19-000030-index.htm", "finalLink": "https://www.sec.gov/Archives/edgar/data/1713683/000171368319000030/zs-20190731.htm", "calculatedOtherExpenses": 0, "calculatedOperatingExpenses": 278480000, "calculatedNetInterest": 7730000, "calculatedOtherIncome": -329000, "calculatedIncomeNonControlling": 0, "calculatedEbitda": -24007000}, {"date": "2018-07-31", "symbol": "ZS", "reportedCurrency": "USD", "cik": "0001713683", "fillingDate": "2018-09-13", "acceptedDate": "2018-09-13 16:22:48", "calendarYear": "2018", "period": "FY", "revenue": 190174000, "costOfRevenue": 37875000, "grossProfit": 152299000, "grossProfitRatio": 0.8008402831, "researchAndDevelopmentExpenses": 39379000, "generalAndAdministrativeExpenses": 31135000, "sellingAndMarketingExpenses": 116409000, "sellingGeneralAndAdministrativeExpenses": 147544000, "otherExpenses": 79000, "operatingExpenses": 186923000, "costAndExpenses": 224798000, "interestIncome": 0, "interestExpense": -2315000, "depreciationAndAmortization": 7988000, "ebitda": -26636000, "ebitdaratio": -0.1400612071, "operatingIncome": -34624000, "operatingIncomeRatio": -0.1820648459, "totalOtherIncomeExpensesNet": 79000, "incomeBeforeTax": -32309000, "incomeBeforeTaxRatio": -0.1698917833, "incomeTaxExpense": 1337000, "netIncome": -33646000, "netIncomeRatio": -0.176922187, "eps": -0.53, "epsdiluted": -0.53, "weightedAverageShsOut": 63881000, "weightedAverageShsOutDil": 63881000, "link": "https://www.sec.gov/Archives/edgar/data/1713683/000162828018011833/0001628280-18-011833-index.htm", "finalLink": "https://www.sec.gov/Archives/edgar/data/1713683/000162828018011833/zs7311810-k.htm", "calculatedOtherExpenses": 0, "calculatedOperatingExpenses": 186923000, "calculatedNetInterest": 2315000, "calculatedOtherIncome": 0, "calculatedIncomeNonControlling": 0, "calculatedEbitda": -26636000}, {"date": "2017-07-31", "symbol": "ZS", "reportedCurrency": "USD", "cik": "0001713683", "fillingDate": "2017-07-31", "acceptedDate": "2017-07-31 00:00:00", "calendarYear": "2017", "period": "FY", "revenue": 125717000, "costOfRevenue": 27472000, "grossProfit": 98245000, "grossProfitRatio": 0.7814774454, "researchAndDevelopmentExpenses": 33561000, "generalAndAdministrativeExpenses": 20521000, "sellingAndMarketingExpenses": 79236000, "sellingGeneralAndAdministrativeExpenses": 99757000, "otherExpenses": 490000, "operatingExpenses": 133318000, "costAndExpenses": 160790000, "interestIncome": 0, "interestExpense": -490000, "depreciationAndAmortization": 6840000, "ebitda": -28233000, "ebitdaratio": -0.224575833, "operatingIncome": -35073000, "operatingIncomeRatio": -0.2789837492, "totalOtherIncomeExpensesNet": 490000, "incomeBeforeTax": -34583000, "incomeBeforeTaxRatio": -0.2750861061, "incomeTaxExpense": 877000, "netIncome": -35460000, "netIncomeRatio": -0.2820620918, "eps": -0.34, "epsdiluted": -0.34, "weightedAverageShsOut": 103626000, "weightedAverageShsOutDil": 103626000, "link": null, "finalLink": null, "calculatedOtherExpenses": 0, "calculatedOperatingExpenses": 133318000, "calculatedNetInterest": 490000, "calculatedOtherIncome": 0, "calculatedIncomeNonControlling": 0, "calculatedEbitda": -28233000}, {"date": "2016-07-31", "symbol": "ZS", "reportedCurrency": "USD", "cik": "0001713683", "fillingDate": "2016-07-31", "acceptedDate": "2016-07-31 00:00:00", "calendarYear": "2016", "period": "FY", "revenue": 80325000, "costOfRevenue": 20127000, "grossProfit": 60198000, "grossProfitRatio": 0.7494304388, "researchAndDevelopmentExpenses": 20940000, "generalAndAdministrativeExpenses": 9399000, "sellingAndMarketingExpenses": 56702000, "sellingGeneralAndAdministrativeExpenses": 66101000, "otherExpenses": -416000, "operatingExpenses": 87041000, "costAndExpenses": 107168000, "interestIncome": 0, "interestExpense": 127000, "depreciationAndAmortization": 4872000, "ebitda": -21971000, "ebitdaratio": -0.2735262994, "operatingIncome": -26843000, "operatingIncomeRatio": -0.3341798942, "totalOtherIncomeExpensesNet": -416000, "incomeBeforeTax": -26970000, "incomeBeforeTaxRatio": -0.3357609711, "incomeTaxExpense": 468000, "netIncome": -27438000, "netIncomeRatio": -0.3415873016, "eps": -0.26, "epsdiluted": -0.26, "weightedAverageShsOut": 103626000, "weightedAverageShsOutDil": 103626000, "link": null, "finalLink": null, "calculatedOtherExpenses": 0, "calculatedOperatingExpenses": 87041000, "calculatedNetInterest": -127000, "calculatedOtherIncome": 0, "calculatedIncomeNonControlling": 0, "calculatedEbitda": -21971000}, {"date": "2015-07-31", "symbol": "ZS", "reportedCurrency": "USD", "cik": "0001713683", "fillingDate": "2015-07-31", "acceptedDate": "2015-07-31 00:00:00", "calendarYear": "2015", "period": "FY", "revenue": 53707000, "costOfRevenue": 14431000, "grossProfit": 39276000, "grossProfitRatio": 0.7313013201, "researchAndDevelopmentExpenses": 15034000, "generalAndAdministrativeExpenses": 4469000, "sellingAndMarketingExpenses": 32191000, "sellingGeneralAndAdministrativeExpenses": 36660000, "otherExpenses": -181000, "operatingExpenses": 51694000, "costAndExpenses": 66125000, "interestIncome": 0, "interestExpense": 181000, "depreciationAndAmortization": 2854000, "ebitda": -9564000, "ebitdaratio": -0.1780773456, "operatingIncome": -12418000, "operatingIncomeRatio": -0.2312175322, "totalOtherIncomeExpensesNet": -181000, "incomeBeforeTax": -12599000, "incomeBeforeTaxRatio": -0.2345876701, "incomeTaxExpense": 233000, "netIncome": -12832000, "netIncomeRatio": -0.2389260245, "eps": -0.13, "epsdiluted": -0.13, "weightedAverageShsOut": 101722000, "weightedAverageShsOutDil": 101722000, "link": null, "finalLink": null, "calculatedOtherExpenses": 0, "calculatedOperatingExpenses": 51694000, "calculatedNetInterest": -181000, "calculatedOtherIncome": 0, "calculatedIncomeNonControlling": 0, "calculatedEbitda": -9564000}]}