{"originalCurrency": "USD", "convertedCurrency": "USD", "report": [{"date": "2023-12-31", "symbol": "ZTS", "reportedCurrency": "USD", "cik": "0001555280", "fillingDate": "2024-02-13", "acceptedDate": "2024-02-13 14:33:32", "calendarYear": "2023", "period": "FY", "revenue": 8544000000, "costOfRevenue": 2710000000, "grossProfit": 5834000000, "grossProfitRatio": 0.6828183521, "researchAndDevelopmentExpenses": 614000000, "generalAndAdministrativeExpenses": 1870000000, "sellingAndMarketingExpenses": 281000000, "sellingGeneralAndAdministrativeExpenses": 2151000000, "otherExpenses": 36000000, "operatingExpenses": 2765000000, "costAndExpenses": 5475000000, "interestIncome": 105000000, "interestExpense": 285000000, "depreciationAndAmortization": 491000000, "ebitda": 3560000000, "ebitdaratio": 0.4166666667, "operatingIncome": 3069000000, "operatingIncomeRatio": 0.3591994382, "totalOtherIncomeExpensesNet": -133000000, "incomeBeforeTax": 2936000000, "incomeBeforeTaxRatio": 0.3436329588, "incomeTaxExpense": 596000000, "netIncome": 2344000000, "netIncomeRatio": 0.2743445693, "eps": 5.08, "epsdiluted": 5.07, "weightedAverageShsOut": 461172000, "weightedAverageShsOutDil": 462269000, "link": "https://www.sec.gov/Archives/edgar/data/1555280/000155528024000143/0001555280-24-000143-index.htm", "finalLink": "https://www.sec.gov/Archives/edgar/data/1555280/000155528024000143/zts-20231231.htm", "calculatedOtherExpenses": 0, "calculatedOperatingExpenses": 2765000000, "calculatedNetInterest": -180000000, "calculatedOtherIncome": 47000000, "calculatedIncomeNonControlling": -4000000, "calculatedEbitda": 3560000000}, {"date": "2022-12-31", "symbol": "ZTS", "reportedCurrency": "USD", "cik": "0001555280", "fillingDate": "2023-02-14", "acceptedDate": "2023-02-14 14:34:02", "calendarYear": "2022", "period": "FY", "revenue": 8080000000, "costOfRevenue": 2454000000, "grossProfit": 5626000000, "grossProfitRatio": 0.6962871287, "researchAndDevelopmentExpenses": 539000000, "generalAndAdministrativeExpenses": 1722000000, "sellingAndMarketingExpenses": 287000000, "sellingGeneralAndAdministrativeExpenses": 2009000000, "otherExpenses": 150000000, "operatingExpenses": 2698000000, "costAndExpenses": 5152000000, "interestIncome": 50000000, "interestExpense": 221000000, "depreciationAndAmortization": 150000000, "ebitda": 3038000000, "ebitdaratio": 0.375990099, "operatingIncome": 2888000000, "operatingIncomeRatio": 0.3574257426, "totalOtherIncomeExpensesNet": -232000000, "incomeBeforeTax": 2656000000, "incomeBeforeTaxRatio": 0.3287128713, "incomeTaxExpense": 545000000, "netIncome": 2114000000, "netIncomeRatio": 0.2616336634, "eps": 4.51, "epsdiluted": 4.49, "weightedAverageShsOut": 468891000, "weightedAverageShsOutDil": 470385000, "link": "https://www.sec.gov/Archives/edgar/data/1555280/000155528023000074/0001555280-23-000074-index.htm", "finalLink": "https://www.sec.gov/Archives/edgar/data/1555280/000155528023000074/zts-20221231.htm", "calculatedOtherExpenses": 190000000, "calculatedOperatingExpenses": 2738000000, "calculatedNetInterest": -171000000, "calculatedOtherIncome": -61000000, "calculatedIncomeNonControlling": -3000000, "calculatedEbitda": 3038000000}, {"date": "2021-12-31", "symbol": "ZTS", "reportedCurrency": "USD", "cik": "0001555280", "fillingDate": "2022-02-15", "acceptedDate": "2022-02-15 15:20:21", "calendarYear": "2021", "period": "FY", "revenue": 7776000000, "costOfRevenue": 2303000000, "grossProfit": 5473000000, "grossProfitRatio": 0.7038323045, "researchAndDevelopmentExpenses": 508000000, "generalAndAdministrativeExpenses": 1709000000, "sellingAndMarketingExpenses": 292000000, "sellingGeneralAndAdministrativeExpenses": 2001000000, "otherExpenses": 161000000, "operatingExpenses": 2670000000, "costAndExpenses": 4973000000, "interestIncome": 6000000, "interestExpense": 224000000, "depreciationAndAmortization": 161000000, "ebitda": 2916000000, "ebitdaratio": 0.375, "operatingIncome": 2755000000, "operatingIncomeRatio": 0.3542952675, "totalOtherIncomeExpensesNet": -267000000, "incomeBeforeTax": 2488000000, "incomeBeforeTaxRatio": 0.3199588477, "incomeTaxExpense": 454000000, "netIncome": 2037000000, "netIncomeRatio": 0.2619598765, "eps": 4.29, "epsdiluted": 4.27, "weightedAverageShsOut": 474348000, "weightedAverageShsOutDil": 476717000, "link": "https://www.sec.gov/Archives/edgar/data/1555280/000155528022000078/0001555280-22-000078-index.htm", "finalLink": "https://www.sec.gov/Archives/edgar/data/1555280/000155528022000078/zts-20211231.htm", "calculatedOtherExpenses": 209000000, "calculatedOperatingExpenses": 2718000000, "calculatedNetInterest": -218000000, "calculatedOtherIncome": -49000000, "calculatedIncomeNonControlling": -3000000, "calculatedEbitda": 2916000000}, {"date": "2020-12-31", "symbol": "ZTS", "reportedCurrency": "USD", "cik": "0001555280", "fillingDate": "2021-02-16", "acceptedDate": "2021-02-16 14:24:47", "calendarYear": "2020", "period": "FY", "revenue": 6675000000, "costOfRevenue": 2057000000, "grossProfit": 4618000000, "grossProfitRatio": 0.691835206, "researchAndDevelopmentExpenses": 463000000, "generalAndAdministrativeExpenses": 1493000000, "sellingAndMarketingExpenses": 233000000, "sellingGeneralAndAdministrativeExpenses": 1726000000, "otherExpenses": 160000000, "operatingExpenses": 2349000000, "costAndExpenses": 4406000000, "interestIncome": 12000000, "interestExpense": 231000000, "depreciationAndAmortization": 441000000, "ebitda": 2729000000, "ebitdaratio": 0.4088389513, "operatingIncome": 2288000000, "operatingIncomeRatio": 0.3427715356, "totalOtherIncomeExpensesNet": -292000000, "incomeBeforeTax": 1996000000, "incomeBeforeTaxRatio": 0.2990262172, "incomeTaxExpense": 360000000, "netIncome": 1638000000, "netIncomeRatio": 0.2453932584, "eps": 3.44, "epsdiluted": 3.42, "weightedAverageShsOut": 475502000, "weightedAverageShsOutDil": 478569000, "link": "https://www.sec.gov/Archives/edgar/data/1555280/000155528021000098/0001555280-21-000098-index.htm", "finalLink": "https://www.sec.gov/Archives/edgar/data/1555280/000155528021000098/zts-20201231.htm", "calculatedOtherExpenses": 141000000, "calculatedOperatingExpenses": 2330000000, "calculatedNetInterest": -219000000, "calculatedOtherIncome": -73000000, "calculatedIncomeNonControlling": -2000000, "calculatedEbitda": 2729000000}, {"date": "2019-12-31", "symbol": "ZTS", "reportedCurrency": "USD", "cik": "0001555280", "fillingDate": "2020-02-13", "acceptedDate": "2020-02-13 15:13:44", "calendarYear": "2019", "period": "FY", "revenue": 6260000000, "costOfRevenue": 1992000000, "grossProfit": 4268000000, "grossProfitRatio": 0.6817891374, "researchAndDevelopmentExpenses": 457000000, "generalAndAdministrativeExpenses": 1471000000, "sellingAndMarketingExpenses": 167000000, "sellingGeneralAndAdministrativeExpenses": 1638000000, "otherExpenses": 155000000, "operatingExpenses": 2250000000, "costAndExpenses": 4242000000, "interestIncome": 37000000, "interestExpense": 223000000, "depreciationAndAmortization": 155000000, "ebitda": 2230000000, "ebitdaratio": 0.3562300319, "operatingIncome": 2075000000, "operatingIncomeRatio": 0.3314696486, "totalOtherIncomeExpensesNet": -274000000, "incomeBeforeTax": 1801000000, "incomeBeforeTaxRatio": 0.2876996805, "incomeTaxExpense": 301000000, "netIncome": 1500000000, "netIncomeRatio": 0.2396166134, "eps": 3.14, "epsdiluted": 3.11, "weightedAverageShsOut": 478128000, "weightedAverageShsOutDil": 481787000, "link": "https://www.sec.gov/Archives/edgar/data/1555280/000155528020000054/0001555280-20-000054-index.htm", "finalLink": "https://www.sec.gov/Archives/edgar/data/1555280/000155528020000054/zoetis-20191231x10kye.htm", "calculatedOtherExpenses": 98000000, "calculatedOperatingExpenses": 2193000000, "calculatedNetInterest": -186000000, "calculatedOtherIncome": -88000000, "calculatedIncomeNonControlling": 0, "calculatedEbitda": 2230000000}, {"date": "2018-12-31", "symbol": "ZTS", "reportedCurrency": "USD", "cik": "0001555280", "fillingDate": "2019-02-14", "acceptedDate": "2019-02-14 17:08:33", "calendarYear": "2018", "period": "FY", "revenue": 5825000000, "costOfRevenue": 1911000000, "grossProfit": 3914000000, "grossProfitRatio": 0.6719313305, "researchAndDevelopmentExpenses": 432000000, "generalAndAdministrativeExpenses": 1484000000, "sellingAndMarketingExpenses": 0, "sellingGeneralAndAdministrativeExpenses": 1484000000, "otherExpenses": 83000000, "operatingExpenses": 2033000000, "costAndExpenses": 3944000000, "interestIncome": 31000000, "interestExpense": 206000000, "depreciationAndAmortization": 117000000, "ebitda": 2081000000, "ebitdaratio": 0.3572532189, "operatingIncome": 1881000000, "operatingIncomeRatio": 0.3229184549, "totalOtherIncomeExpensesNet": 15000000, "incomeBeforeTax": 1690000000, "incomeBeforeTaxRatio": 0.2901287554, "incomeTaxExpense": 266000000, "netIncome": 1428000000, "netIncomeRatio": 0.2451502146, "eps": 2.96, "epsdiluted": 2.93, "weightedAverageShsOut": 483063000, "weightedAverageShsOutDil": 486898000, "link": "https://www.sec.gov/Archives/edgar/data/1555280/000155528019000041/0001555280-19-000041-index.htm", "finalLink": "https://www.sec.gov/Archives/edgar/data/1555280/000155528019000041/zoetis-20181231x10kye.htm", "calculatedOtherExpenses": 117000000, "calculatedOperatingExpenses": 2033000000, "calculatedNetInterest": -175000000, "calculatedOtherIncome": -16000000, "calculatedIncomeNonControlling": -4000000, "calculatedEbitda": 1998000000}, {"date": "2017-12-31", "symbol": "ZTS", "reportedCurrency": "USD", "cik": "0001555280", "fillingDate": "2018-02-15", "acceptedDate": "2018-02-15 12:31:15", "calendarYear": "2017", "period": "FY", "revenue": 5307000000, "costOfRevenue": 1775000000, "grossProfit": 3532000000, "grossProfitRatio": 0.6655360844, "researchAndDevelopmentExpenses": 382000000, "generalAndAdministrativeExpenses": 1334000000, "sellingAndMarketingExpenses": 0, "sellingGeneralAndAdministrativeExpenses": 1334000000, "otherExpenses": -6000000, "operatingExpenses": 1807000000, "costAndExpenses": 3582000000, "interestIncome": 0, "interestExpense": 175000000, "depreciationAndAmortization": 91000000, "ebitda": 1810000000, "ebitdaratio": 0.3410589787, "operatingIncome": 1725000000, "operatingIncomeRatio": 0.3250423968, "totalOtherIncomeExpensesNet": -25000000, "incomeBeforeTax": 1525000000, "incomeBeforeTaxRatio": 0.2873563218, "incomeTaxExpense": 663000000, "netIncome": 864000000, "netIncomeRatio": 0.162803844, "eps": 1.76, "epsdiluted": 1.75, "weightedAverageShsOut": 489918000, "weightedAverageShsOutDil": 493161000, "link": "https://www.sec.gov/Archives/edgar/data/1555280/000155528018000053/0001555280-18-000053-index.htm", "finalLink": "https://www.sec.gov/Archives/edgar/data/1555280/000155528018000053/zoetis-20171231x10kye.htm", "calculatedOtherExpenses": 91000000, "calculatedOperatingExpenses": 1807000000, "calculatedNetInterest": -175000000, "calculatedOtherIncome": -25000000, "calculatedIncomeNonControlling": -2000000, "calculatedEbitda": 1816000000}, {"date": "2016-12-31", "symbol": "ZTS", "reportedCurrency": "USD", "cik": "0001555280", "fillingDate": "2017-02-16", "acceptedDate": "2017-02-16 16:26:45", "calendarYear": "2016", "period": "FY", "revenue": 4888000000, "costOfRevenue": 1666000000, "grossProfit": 3222000000, "grossProfitRatio": 0.6591653028, "researchAndDevelopmentExpenses": 376000000, "generalAndAdministrativeExpenses": 1364000000, "sellingAndMarketingExpenses": 0, "sellingGeneralAndAdministrativeExpenses": 1364000000, "otherExpenses": 2000000, "operatingExpenses": 1825000000, "costAndExpenses": 3491000000, "interestIncome": 0, "interestExpense": 166000000, "depreciationAndAmortization": 85000000, "ebitda": 1484000000, "ebitdaratio": 0.3036006547, "operatingIncome": 1397000000, "operatingIncomeRatio": 0.285801964, "totalOtherIncomeExpensesNet": -3000000, "incomeBeforeTax": 1228000000, "incomeBeforeTaxRatio": 0.2512274959, "incomeTaxExpense": 409000000, "netIncome": 821000000, "netIncomeRatio": 0.1679623568, "eps": 1.66, "epsdiluted": 1.65, "weightedAverageShsOut": 495715000, "weightedAverageShsOutDil": 498225000, "link": "https://www.sec.gov/Archives/edgar/data/1555280/000155528017000044/0001555280-17-000044-index.htm", "finalLink": "https://www.sec.gov/Archives/edgar/data/1555280/000155528017000044/zoetis-20161231x10kye.htm", "calculatedOtherExpenses": 85000000, "calculatedOperatingExpenses": 1825000000, "calculatedNetInterest": -166000000, "calculatedOtherIncome": -3000000, "calculatedIncomeNonControlling": -2000000, "calculatedEbitda": 1482000000}, {"date": "2015-12-31", "symbol": "ZTS", "reportedCurrency": "USD", "cik": "0001555280", "fillingDate": "2016-02-24", "acceptedDate": "2016-02-24 11:32:51", "calendarYear": "2015", "period": "FY", "revenue": 4765000000, "costOfRevenue": 1738000000, "grossProfit": 3027000000, "grossProfitRatio": 0.6352570829, "researchAndDevelopmentExpenses": 364000000, "generalAndAdministrativeExpenses": 1532000000, "sellingAndMarketingExpenses": 0, "sellingGeneralAndAdministrativeExpenses": 1532000000, "otherExpenses": -81000000, "operatingExpenses": 1957000000, "costAndExpenses": 3695000000, "interestIncome": 0, "interestExpense": 124000000, "depreciationAndAmortization": 61000000, "ebitda": 1050000000, "ebitdaratio": 0.2203567681, "operatingIncome": 1070000000, "operatingIncomeRatio": 0.2245540399, "totalOtherIncomeExpensesNet": -401000000, "incomeBeforeTax": 545000000, "incomeBeforeTaxRatio": 0.1143756558, "incomeTaxExpense": 206000000, "netIncome": 339000000, "netIncomeRatio": 0.0711437566, "eps": 0.68, "epsdiluted": 0.68, "weightedAverageShsOut": 499707000, "weightedAverageShsOutDil": 502019000, "link": "https://www.sec.gov/Archives/edgar/data/1555280/000155528016000344/0001555280-16-000344-index.htm", "finalLink": "https://www.sec.gov/Archives/edgar/data/1555280/000155528016000344/zoetis-20151231x10kye.htm", "calculatedOtherExpenses": 61000000, "calculatedOperatingExpenses": 1957000000, "calculatedNetInterest": -124000000, "calculatedOtherIncome": -401000000, "calculatedIncomeNonControlling": 0, "calculatedEbitda": 1131000000}, {"date": "2014-12-31", "symbol": "ZTS", "reportedCurrency": "USD", "cik": "0001555280", "fillingDate": "2015-02-27", "acceptedDate": "2015-02-27 16:52:38", "calendarYear": "2014", "period": "FY", "revenue": 4785000000, "costOfRevenue": 1717000000, "grossProfit": 3068000000, "grossProfitRatio": 0.6411703239, "researchAndDevelopmentExpenses": 396000000, "generalAndAdministrativeExpenses": 1643000000, "sellingAndMarketingExpenses": 0, "sellingGeneralAndAdministrativeExpenses": 1643000000, "otherExpenses": -7000000, "operatingExpenses": 2099000000, "costAndExpenses": 3816000000, "interestIncome": 0, "interestExpense": 117000000, "depreciationAndAmortization": 60000000, "ebitda": 1022000000, "ebitdaratio": 0.213584117, "operatingIncome": 969000000, "operatingIncomeRatio": 0.202507837, "totalOtherIncomeExpensesNet": -32000000, "incomeBeforeTax": 820000000, "incomeBeforeTaxRatio": 0.171368861, "incomeTaxExpense": 233000000, "netIncome": 583000000, "netIncomeRatio": 0.1218390805, "eps": 1.16, "epsdiluted": 1.16, "weightedAverageShsOut": 501055000, "weightedAverageShsOutDil": 502025000, "link": "https://www.sec.gov/Archives/edgar/data/1555280/000155528015000057/0001555280-15-000057-index.htm", "finalLink": "https://www.sec.gov/Archives/edgar/data/1555280/000155528015000057/zoetis-20141231x10kye.htm", "calculatedOtherExpenses": 60000000, "calculatedOperatingExpenses": 2099000000, "calculatedNetInterest": -117000000, "calculatedOtherIncome": -32000000, "calculatedIncomeNonControlling": 4000000, "calculatedEbitda": 1029000000}, {"date": "2013-12-31", "symbol": "ZTS", "reportedCurrency": "USD", "cik": "0001555280", "fillingDate": "2014-03-26", "acceptedDate": "2014-03-26 17:15:58", "calendarYear": "2013", "period": "FY", "revenue": 4561000000, "costOfRevenue": 1669000000, "grossProfit": 2892000000, "grossProfitRatio": 0.6340714756, "researchAndDevelopmentExpenses": 399000000, "generalAndAdministrativeExpenses": 1613000000, "sellingAndMarketingExpenses": 0, "sellingGeneralAndAdministrativeExpenses": 1613000000, "otherExpenses": 9000000, "operatingExpenses": 2072000000, "costAndExpenses": 3741000000, "interestIncome": 0, "interestExpense": 113000000, "depreciationAndAmortization": 60000000, "ebitda": 889000000, "ebitdaratio": 0.1949133962, "operatingIncome": 820000000, "operatingIncomeRatio": 0.1797851348, "totalOtherIncomeExpensesNet": -17000000, "incomeBeforeTax": 690000000, "incomeBeforeTaxRatio": 0.1512826135, "incomeTaxExpense": 187000000, "netIncome": 504000000, "netIncomeRatio": 0.1105020829, "eps": 1.01, "epsdiluted": 1.01, "weightedAverageShsOut": 500002000, "weightedAverageShsOutDil": 500317000, "link": "https://www.sec.gov/Archives/edgar/data/1555280/000155528014000164/0001555280-14-000164-index.htm", "finalLink": "https://www.sec.gov/Archives/edgar/data/1555280/000155528014000164/zoetis-20131231x10kye.htm", "calculatedOtherExpenses": 60000000, "calculatedOperatingExpenses": 2072000000, "calculatedNetInterest": -113000000, "calculatedOtherIncome": -17000000, "calculatedIncomeNonControlling": -1000000, "calculatedEbitda": 880000000}, {"date": "2012-12-31", "symbol": "ZTS", "reportedCurrency": "USD", "cik": "0001555280", "fillingDate": "2013-03-28", "acceptedDate": "2013-03-28 17:23:55", "calendarYear": "2012", "period": "FY", "revenue": 4336000000, "costOfRevenue": 1563000000, "grossProfit": 2773000000, "grossProfitRatio": 0.6395295203, "researchAndDevelopmentExpenses": 409000000, "generalAndAdministrativeExpenses": 0, "sellingAndMarketingExpenses": 0, "sellingGeneralAndAdministrativeExpenses": 1470000000, "otherExpenses": 32000000, "operatingExpenses": 1943000000, "costAndExpenses": 3506000000, "interestIncome": 0, "interestExpense": 31000000, "depreciationAndAmortization": 200000000, "ebitda": 1062000000, "ebitdaratio": 0.2449261993, "operatingIncome": 830000000, "operatingIncomeRatio": 0.1914206642, "totalOtherIncomeExpensesNet": -89000000, "incomeBeforeTax": 710000000, "incomeBeforeTaxRatio": 0.1637453875, "incomeTaxExpense": 274000000, "netIncome": 436000000, "netIncomeRatio": 0.1005535055, "eps": 0.87, "epsdiluted": 0.87, "weightedAverageShsOut": 500000000, "weightedAverageShsOutDil": 500000000, "link": "https://www.sec.gov/Archives/edgar/data/1555280/000155528013000008/0001555280-13-000008-index.htm", "finalLink": "https://www.sec.gov/Archives/edgar/data/1555280/000155528013000008/zoetis20121231-10k.htm", "calculatedOtherExpenses": 64000000, "calculatedOperatingExpenses": 1943000000, "calculatedNetInterest": -31000000, "calculatedOtherIncome": -89000000, "calculatedIncomeNonControlling": 0, "calculatedEbitda": 1030000000}, {"date": "2011-12-31", "symbol": "ZTS", "reportedCurrency": "USD", "cik": "0001555280", "fillingDate": "2011-12-31", "acceptedDate": "2011-12-30 19:00:00", "calendarYear": "2011", "period": "FY", "revenue": 4233000000, "costOfRevenue": 1652000000, "grossProfit": 2581000000, "grossProfitRatio": 0.6097330498, "researchAndDevelopmentExpenses": 427000000, "generalAndAdministrativeExpenses": 0, "sellingAndMarketingExpenses": 0, "sellingGeneralAndAdministrativeExpenses": 1453000000, "otherExpenses": 21000000, "operatingExpenses": 1949000000, "costAndExpenses": 3601000000, "interestIncome": 0, "interestExpense": 36000000, "depreciationAndAmortization": 205000000, "ebitda": 858000000, "ebitdaratio": 0.2026931254, "operatingIncome": 632000000, "operatingIncomeRatio": 0.1493030947, "totalOtherIncomeExpensesNet": -202000000, "incomeBeforeTax": 394000000, "incomeBeforeTaxRatio": 0.0930781951, "incomeTaxExpense": 146000000, "netIncome": 245000000, "netIncomeRatio": 0.0578785731, "eps": 0.51, "epsdiluted": 0.51, "weightedAverageShsOut": 478128000, "weightedAverageShsOutDil": 481787000, "link": "", "finalLink": "", "calculatedOtherExpenses": 69000000, "calculatedOperatingExpenses": 1949000000, "calculatedNetInterest": -36000000, "calculatedOtherIncome": -202000000, "calculatedIncomeNonControlling": 3000000, "calculatedEbitda": 837000000}, {"date": "2010-12-31", "symbol": "ZTS", "reportedCurrency": "USD", "cik": "0001555280", "fillingDate": "2010-12-31", "acceptedDate": "2010-12-30 19:00:00", "calendarYear": "2010", "period": "FY", "revenue": 3582000000, "costOfRevenue": 1444000000, "grossProfit": 2138000000, "grossProfitRatio": 0.5968732552, "researchAndDevelopmentExpenses": 411000000, "generalAndAdministrativeExpenses": 0, "sellingAndMarketingExpenses": 0, "sellingGeneralAndAdministrativeExpenses": 1382000000, "otherExpenses": 26000000, "operatingExpenses": 1851000000, "costAndExpenses": 3295000000, "interestIncome": 0, "interestExpense": 37000000, "depreciationAndAmortization": 185000000, "ebitda": 498000000, "ebitdaratio": 0.1390284757, "operatingIncome": 287000000, "operatingIncomeRatio": 0.0801228364, "totalOtherIncomeExpensesNet": -72000000, "incomeBeforeTax": 178000000, "incomeBeforeTaxRatio": 0.049692909, "incomeTaxExpense": 67000000, "netIncome": 110000000, "netIncomeRatio": 0.0307091011, "eps": 0.23, "epsdiluted": 0.23, "weightedAverageShsOut": 478128000, "weightedAverageShsOutDil": 481787000, "link": "", "finalLink": "", "calculatedOtherExpenses": 58000000, "calculatedOperatingExpenses": 1851000000, "calculatedNetInterest": -37000000, "calculatedOtherIncome": -72000000, "calculatedIncomeNonControlling": 1000000, "calculatedEbitda": 472000000}, {"date": "2009-12-31", "symbol": "ZTS", "reportedCurrency": "USD", "cik": "0001555280", "fillingDate": "2009-12-31", "acceptedDate": "2009-12-30 19:00:00", "calendarYear": "2009", "period": "FY", "revenue": 2760000000, "costOfRevenue": 1078000000, "grossProfit": 1682000000, "grossProfitRatio": 0.6094202899, "researchAndDevelopmentExpenses": 368000000, "generalAndAdministrativeExpenses": 0, "sellingAndMarketingExpenses": 0, "sellingGeneralAndAdministrativeExpenses": 1066000000, "otherExpenses": 6000000, "operatingExpenses": 1467000000, "costAndExpenses": 2545000000, "interestIncome": 0, "interestExpense": 26000000, "depreciationAndAmortization": 124000000, "ebitda": 345000000, "ebitdaratio": 0.125, "operatingIncome": 215000000, "operatingIncomeRatio": 0.0778985507, "totalOtherIncomeExpensesNet": -337000000, "incomeBeforeTax": -148000000, "incomeBeforeTaxRatio": -0.0536231884, "incomeTaxExpense": -47000000, "netIncome": -100000000, "netIncomeRatio": -0.0362318841, "eps": -0.21, "epsdiluted": -0.21, "weightedAverageShsOut": 478128000, "weightedAverageShsOutDil": 481787000, "link": "", "finalLink": "", "calculatedOtherExpenses": 33000000, "calculatedOperatingExpenses": 1467000000, "calculatedNetInterest": -26000000, "calculatedOtherIncome": -337000000, "calculatedIncomeNonControlling": -1000000, "calculatedEbitda": 339000000}]}