{"originalCurrency": "USD", "convertedCurrency": "USD", "report": [{"date": "2022-12-31", "symbol": "ZWS", "reportedCurrency": "USD", "cik": "0001439288", "fillingDate": "2023-02-14", "acceptedDate": "2023-02-14 08:43:22", "calendarYear": "2022", "period": "FY", "revenue": 1281800000, "costOfRevenue": 816300000, "grossProfit": 465500000, "grossProfitRatio": 0.3631611796, "researchAndDevelopmentExpenses": 0, "generalAndAdministrativeExpenses": 0, "sellingAndMarketingExpenses": 0, "sellingGeneralAndAdministrativeExpenses": 309000000, "otherExpenses": 34000000, "operatingExpenses": 343000000, "costAndExpenses": 1159300000, "interestIncome": 0, "interestExpense": 26900000, "depreciationAndAmortization": 73500000, "ebitda": 180600000, "ebitdaratio": 0.1408956155, "operatingIncome": 107100000, "operatingIncomeRatio": 0.0835543767, "totalOtherIncomeExpensesNet": -23300000, "incomeBeforeTax": 83800000, "incomeBeforeTaxRatio": 0.0653768139, "incomeTaxExpense": 26800000, "netIncome": 61700000, "netIncomeRatio": 0.0481354345, "eps": 0.41, "epsdiluted": 0.4, "weightedAverageShsOut": 151581000, "weightedAverageShsOutDil": 153837000, "link": "https://www.sec.gov/Archives/edgar/data/1439288/000143928823000017/0001439288-23-000017-index.htm", "finalLink": "https://www.sec.gov/Archives/edgar/data/1439288/000143928823000017/zws-20221231.htm", "calculatedOtherExpenses": 49400000, "calculatedOperatingExpenses": 358400000, "calculatedNetInterest": -26900000, "calculatedOtherIncome": 3600000, "calculatedIncomeNonControlling": -4700000, "calculatedEbitda": 180600000}, {"date": "2021-12-31", "symbol": "ZWS", "reportedCurrency": "USD", "cik": "0001439288", "fillingDate": "2022-02-09", "acceptedDate": "2022-02-09 16:24:35", "calendarYear": "2021", "period": "FY", "revenue": 910900000, "costOfRevenue": 537700000, "grossProfit": 373200000, "grossProfitRatio": 0.4097046877, "researchAndDevelopmentExpenses": 0, "generalAndAdministrativeExpenses": 0, "sellingAndMarketingExpenses": 0, "sellingGeneralAndAdministrativeExpenses": 239000000, "otherExpenses": 23500000, "operatingExpenses": 262500000, "costAndExpenses": 800200000, "interestIncome": 0, "interestExpense": 34700000, "depreciationAndAmortization": 81700000, "ebitda": 188700000, "ebitdaratio": 0.2071577561, "operatingIncome": 107000000, "operatingIncomeRatio": 0.1174662422, "totalOtherIncomeExpensesNet": -54600000, "incomeBeforeTax": 52400000, "incomeBeforeTaxRatio": 0.0575255242, "incomeTaxExpense": 2700000, "netIncome": 49700000, "netIncomeRatio": 0.0545614228, "eps": 0.41, "epsdiluted": 0.4, "weightedAverageShsOut": 121493000, "weightedAverageShsOutDil": 125114000, "link": "https://www.sec.gov/Archives/edgar/data/1439288/000143928822000032/0001439288-22-000032-index.htm", "finalLink": "https://www.sec.gov/Archives/edgar/data/1439288/000143928822000032/zws-20211231.htm", "calculatedOtherExpenses": 27200000, "calculatedOperatingExpenses": 266200000, "calculatedNetInterest": -34700000, "calculatedOtherIncome": -19900000, "calculatedIncomeNonControlling": 0, "calculatedEbitda": 188700000}, {"date": "2020-12-31", "symbol": "ZWS", "reportedCurrency": "USD", "cik": "0001439288", "fillingDate": "2020-12-31", "acceptedDate": "2020-12-31 00:00:00", "calendarYear": "2020", "period": "FY", "revenue": 562700000, "costOfRevenue": 309400000, "grossProfit": 253300000, "grossProfitRatio": 0.4501510574, "researchAndDevelopmentExpenses": 0, "generalAndAdministrativeExpenses": 0, "sellingAndMarketingExpenses": 0, "sellingGeneralAndAdministrativeExpenses": 153700000, "otherExpenses": 16900000, "operatingExpenses": 170600000, "costAndExpenses": 480000000, "interestIncome": 0, "interestExpense": 33300000, "depreciationAndAmortization": 66500000, "ebitda": 147500000, "ebitdaratio": 0.2621290208, "operatingIncome": 81000000, "operatingIncomeRatio": 0.1439488182, "totalOtherIncomeExpensesNet": -35500000, "incomeBeforeTax": 45500000, "incomeBeforeTaxRatio": 0.0808601386, "incomeTaxExpense": 10500000, "netIncome": 35000000, "netIncomeRatio": 0.0622001066, "eps": 0.29, "epsdiluted": 0.28, "weightedAverageShsOut": 120428000, "weightedAverageShsOutDil": 123199000, "link": null, "finalLink": null, "calculatedOtherExpenses": 18600000, "calculatedOperatingExpenses": 172300000, "calculatedNetInterest": -33300000, "calculatedOtherIncome": -2200000, "calculatedIncomeNonControlling": 0, "calculatedEbitda": 147500000}, {"date": "2019-12-31", "symbol": "ZWS", "reportedCurrency": "USD", "cik": "0001439288", "fillingDate": "2020-05-12", "acceptedDate": "2020-05-12 17:28:07", "calendarYear": "2019", "period": "FY", "revenue": 2050900000, "costOfRevenue": 1266100000, "grossProfit": 784800000, "grossProfitRatio": 0.3826612707, "researchAndDevelopmentExpenses": 0, "generalAndAdministrativeExpenses": 0, "sellingAndMarketingExpenses": 0, "sellingGeneralAndAdministrativeExpenses": 433100000, "otherExpenses": -1200000, "operatingExpenses": 467100000, "costAndExpenses": 1733200000, "interestIncome": 0, "interestExpense": 69900000, "depreciationAndAmortization": 92300000, "ebitda": 408800000, "ebitdaratio": 0.1993271247, "operatingIncome": 305600000, "operatingIncomeRatio": 0.1490077527, "totalOtherIncomeExpensesNet": -9000000, "incomeBeforeTax": 238800000, "incomeBeforeTaxRatio": 0.1164366863, "incomeTaxExpense": 53400000, "netIncome": 34300000, "netIncomeRatio": 0.0167243649, "eps": 0.33, "epsdiluted": 0.28, "weightedAverageShsOut": 104640000, "weightedAverageShsOutDil": 123329000, "link": "https://www.sec.gov/Archives/edgar/data/1439288/000143928820000090/0001439288-20-000090-index.htm", "finalLink": "https://www.sec.gov/Archives/edgar/data/1439288/000143928820000090/rxn-20200331.htm", "calculatedOtherExpenses": 46100000, "calculatedOperatingExpenses": 479200000, "calculatedNetInterest": -69900000, "calculatedOtherIncome": 3100000, "calculatedIncomeNonControlling": 151100000, "calculatedEbitda": 397900000}, {"date": "2018-12-31", "symbol": "ZWS", "reportedCurrency": "USD", "cik": "0001439288", "fillingDate": "2019-05-14", "acceptedDate": "2019-05-14 17:15:38", "calendarYear": "2018", "period": "FY", "revenue": 2050900000, "costOfRevenue": 1266100000, "grossProfit": 784800000, "grossProfitRatio": 0.3826612707, "researchAndDevelopmentExpenses": 41700000, "generalAndAdministrativeExpenses": 421200000, "sellingAndMarketingExpenses": 11900000, "sellingGeneralAndAdministrativeExpenses": 433100000, "otherExpenses": -1200000, "operatingExpenses": 467100000, "costAndExpenses": 1733200000, "interestIncome": 69900000, "interestExpense": 69900000, "depreciationAndAmortization": 92300000, "ebitda": 408800000, "ebitdaratio": 0.1993271247, "operatingIncome": 305600000, "operatingIncomeRatio": 0.1490077527, "totalOtherIncomeExpensesNet": -9000000, "incomeBeforeTax": 238800000, "incomeBeforeTaxRatio": 0.1164366863, "incomeTaxExpense": 53400000, "netIncome": 34300000, "netIncomeRatio": 0.0167243649, "eps": 0.1, "epsdiluted": 0.1, "weightedAverageShsOut": 104640000, "weightedAverageShsOutDil": 123329000, "link": "https://www.sec.gov/Archives/edgar/data/1439288/000143928819000021/0001439288-19-000021-index.htm", "finalLink": "https://www.sec.gov/Archives/edgar/data/1439288/000143928819000021/form10-k33119.htm", "calculatedOtherExpenses": 4400000, "calculatedOperatingExpenses": 479200000, "calculatedNetInterest": 0, "calculatedOtherIncome": -66800000, "calculatedIncomeNonControlling": 151100000, "calculatedEbitda": 397900000}, {"date": "2017-12-31", "symbol": "ZWS", "reportedCurrency": "USD", "cik": "0001439288", "fillingDate": "2018-05-14", "acceptedDate": "2018-05-14 17:25:07", "calendarYear": "2017", "period": "FY", "revenue": 2066000000, "costOfRevenue": 1309100000, "grossProfit": 756900000, "grossProfitRatio": 0.3663601162, "researchAndDevelopmentExpenses": 0, "generalAndAdministrativeExpenses": 446200000, "sellingAndMarketingExpenses": 3300000, "sellingGeneralAndAdministrativeExpenses": 449500000, "otherExpenses": -3100000, "operatingExpenses": 483100000, "costAndExpenses": 1792200000, "interestIncome": 0, "interestExpense": 75600000, "depreciationAndAmortization": 89700000, "ebitda": 360400000, "ebitdaratio": 0.1744433688, "operatingIncome": 147100000, "operatingIncomeRatio": 0.0712003872, "totalOtherIncomeExpensesNet": -141700000, "incomeBeforeTax": 56500000, "incomeBeforeTaxRatio": 0.0273475315, "incomeTaxExpense": -19500000, "netIncome": 75900000, "netIncomeRatio": 0.0367376573, "eps": 0.73, "epsdiluted": 0.72, "weightedAverageShsOut": 103889000, "weightedAverageShsOutDil": 105999000, "link": "https://www.sec.gov/Archives/edgar/data/1439288/000143928818000018/0001439288-18-000018-index.htm", "finalLink": "https://www.sec.gov/Archives/edgar/data/1439288/000143928818000018/form10-k33118.htm", "calculatedOtherExpenses": 160300000, "calculatedOperatingExpenses": 609800000, "calculatedNetInterest": -75600000, "calculatedOtherIncome": -15000000, "calculatedIncomeNonControlling": 100000, "calculatedEbitda": 236800000}, {"date": "2016-12-31", "symbol": "ZWS", "reportedCurrency": "USD", "cik": "0001439288", "fillingDate": "2017-05-17", "acceptedDate": "2017-05-17 16:56:17", "calendarYear": "2016", "period": "FY", "revenue": 1918200000, "costOfRevenue": 1250200000, "grossProfit": 668000000, "grossProfitRatio": 0.3482431446, "researchAndDevelopmentExpenses": 0, "generalAndAdministrativeExpenses": 410600000, "sellingAndMarketingExpenses": 2600000, "sellingGeneralAndAdministrativeExpenses": 413200000, "otherExpenses": -5200000, "operatingExpenses": 455300000, "costAndExpenses": 1705500000, "interestIncome": 0, "interestExpense": 88700000, "depreciationAndAmortization": 105400000, "ebitda": 312900000, "ebitdaratio": 0.1631216766, "operatingIncome": 183700000, "operatingIncomeRatio": 0.0957668648, "totalOtherIncomeExpensesNet": -42000000, "incomeBeforeTax": 82000000, "incomeBeforeTaxRatio": 0.04274841, "incomeTaxExpense": 7900000, "netIncome": 74100000, "netIncomeRatio": 0.0386299656, "eps": 0.65, "epsdiluted": 0.64, "weightedAverageShsOut": 102753000, "weightedAverageShsOutDil": 104784000, "link": "https://www.sec.gov/Archives/edgar/data/1439288/000143928817000036/0001439288-17-000036-index.htm", "finalLink": "https://www.sec.gov/Archives/edgar/data/1439288/000143928817000036/form10-k33117.htm", "calculatedOtherExpenses": 71100000, "calculatedOperatingExpenses": 484300000, "calculatedNetInterest": -88700000, "calculatedOtherIncome": -13000000, "calculatedIncomeNonControlling": 0, "calculatedEbitda": 289100000}, {"date": "2015-12-31", "symbol": "ZWS", "reportedCurrency": "USD", "cik": "0001439288", "fillingDate": "2016-05-19", "acceptedDate": "2016-05-18 20:53:17", "calendarYear": "2015", "period": "FY", "revenue": 1923800000, "costOfRevenue": 1258600000, "grossProfit": 665200000, "grossProfitRatio": 0.345773989, "researchAndDevelopmentExpenses": 0, "generalAndAdministrativeExpenses": 398600000, "sellingAndMarketingExpenses": -12900000, "sellingGeneralAndAdministrativeExpenses": 385700000, "otherExpenses": 3100000, "operatingExpenses": 443100000, "costAndExpenses": 1701700000, "interestIncome": 0, "interestExpense": 91400000, "depreciationAndAmortization": 115400000, "ebitda": 340600000, "ebitdaratio": 0.1770454309, "operatingIncome": 174300000, "operatingIncomeRatio": 0.0906019337, "totalOtherIncomeExpensesNet": -44700000, "incomeBeforeTax": 86000000, "incomeBeforeTaxRatio": 0.0447031916, "incomeTaxExpense": 17100000, "netIncome": 67900000, "netIncomeRatio": 0.0352947292, "eps": 0.67, "epsdiluted": 0.66, "weightedAverageShsOut": 100841000, "weightedAverageShsOutDil": 103310000, "link": "https://www.sec.gov/Archives/edgar/data/1439288/000143928816000155/0001439288-16-000155-index.htm", "finalLink": "https://www.sec.gov/Archives/edgar/data/1439288/000143928816000155/form10-k33116.htm", "calculatedOtherExpenses": 105200000, "calculatedOperatingExpenses": 490900000, "calculatedNetInterest": -91400000, "calculatedOtherIncome": 3100000, "calculatedIncomeNonControlling": 1000000, "calculatedEbitda": 289700000}, {"date": "2014-12-31", "symbol": "ZWS", "reportedCurrency": "USD", "cik": "0001439288", "fillingDate": "2015-05-20", "acceptedDate": "2015-05-20 16:06:43", "calendarYear": "2014", "period": "FY", "revenue": 2050200000, "costOfRevenue": 1304000000, "grossProfit": 746200000, "grossProfitRatio": 0.3639644913, "researchAndDevelopmentExpenses": 0, "generalAndAdministrativeExpenses": 474500000, "sellingAndMarketingExpenses": -59400000, "sellingGeneralAndAdministrativeExpenses": 415100000, "otherExpenses": -7200000, "operatingExpenses": 470200000, "costAndExpenses": 1774200000, "interestIncome": 0, "interestExpense": 87900000, "depreciationAndAmortization": 112200000, "ebitda": 381000000, "ebitdaratio": 0.1858355282, "operatingIncome": 203700000, "operatingIncomeRatio": 0.0993561604, "totalOtherIncomeExpensesNet": -79500000, "incomeBeforeTax": 108600000, "incomeBeforeTaxRatio": 0.0529704419, "incomeTaxExpense": 16800000, "netIncome": 83800000, "netIncomeRatio": 0.0408740611, "eps": 0.82, "epsdiluted": 0.8, "weightedAverageShsOut": 101530000, "weightedAverageShsOutDil": 104727000, "link": "https://www.sec.gov/Archives/edgar/data/1439288/000143928815000038/0001439288-15-000038-index.htm", "finalLink": "https://www.sec.gov/Archives/edgar/data/1439288/000143928815000038/rxn3311510-k.htm", "calculatedOtherExpenses": 127400000, "calculatedOperatingExpenses": 542500000, "calculatedNetInterest": -87900000, "calculatedOtherIncome": -7200000, "calculatedIncomeNonControlling": 8000000, "calculatedEbitda": 315900000}, {"date": "2013-12-31", "symbol": "ZWS", "reportedCurrency": "USD", "cik": "0001439288", "fillingDate": "2014-05-21", "acceptedDate": "2014-05-21 16:10:56", "calendarYear": "2013", "period": "FY", "revenue": 2082000000, "costOfRevenue": 1318400000, "grossProfit": 763600000, "grossProfitRatio": 0.3667627281, "researchAndDevelopmentExpenses": 0, "generalAndAdministrativeExpenses": 0, "sellingAndMarketingExpenses": 0, "sellingGeneralAndAdministrativeExpenses": 424500000, "otherExpenses": -15100000, "operatingExpenses": 475300000, "costAndExpenses": 1793700000, "interestIncome": 0, "interestExpense": 109100000, "depreciationAndAmortization": 108500000, "ebitda": 381700000, "ebitdaratio": 0.1833333333, "operatingIncome": 279600000, "operatingIncomeRatio": 0.1342939481, "totalOtherIncomeExpensesNet": -157000000, "incomeBeforeTax": 22200000, "incomeBeforeTaxRatio": 0.0106628242, "incomeTaxExpense": -7400000, "netIncome": 30200000, "netIncomeRatio": 0.0145052834, "eps": 0.31, "epsdiluted": 0.3, "weightedAverageShsOut": 98105000, "weightedAverageShsOutDil": 101318000, "link": "https://www.sec.gov/Archives/edgar/data/1439288/000143928814000043/0001439288-14-000043-index.htm", "finalLink": "https://www.sec.gov/Archives/edgar/data/1439288/000143928814000043/rxn3311410-k.htm", "calculatedOtherExpenses": 59500000, "calculatedOperatingExpenses": 484000000, "calculatedNetInterest": -109100000, "calculatedOtherIncome": -148300000, "calculatedIncomeNonControlling": -600000, "calculatedEbitda": 388100000}, {"date": "2012-12-31", "symbol": "ZWS", "reportedCurrency": "USD", "cik": "0001439288", "fillingDate": "2013-05-21", "acceptedDate": "2013-05-21 08:53:28", "calendarYear": "2012", "period": "FY", "revenue": 2005100000, "costOfRevenue": 1273700000, "grossProfit": 731400000, "grossProfitRatio": 0.3647698369, "researchAndDevelopmentExpenses": 0, "generalAndAdministrativeExpenses": 0, "sellingAndMarketingExpenses": 0, "sellingGeneralAndAdministrativeExpenses": 406200000, "otherExpenses": -2900000, "operatingExpenses": 457300000, "costAndExpenses": 1731000000, "interestIncome": 0, "interestExpense": 153300000, "depreciationAndAmortization": 112400000, "ebitda": 383600000, "ebitdaratio": 0.191312154, "operatingIncome": 255400000, "operatingIncomeRatio": 0.1273751933, "totalOtherIncomeExpensesNet": -45600000, "incomeBeforeTax": 75200000, "incomeBeforeTaxRatio": 0.0375043639, "incomeTaxExpense": 20300000, "netIncome": 50100000, "netIncomeRatio": 0.024986285, "eps": 0.52, "epsdiluted": 0.5, "weightedAverageShsOut": 95972000, "weightedAverageShsOutDil": 99866000, "link": "https://www.sec.gov/Archives/edgar/data/1439288/000143928813000026/0001439288-13-000026-index.htm", "finalLink": "https://www.sec.gov/Archives/edgar/data/1439288/000143928813000026/rxn3311310-k.htm", "calculatedOtherExpenses": 69800000, "calculatedOperatingExpenses": 476000000, "calculatedNetInterest": -153300000, "calculatedOtherIncome": -26900000, "calculatedIncomeNonControlling": 4800000, "calculatedEbitda": 367800000}, {"date": "2011-12-31", "symbol": "ZWS", "reportedCurrency": "USD", "cik": "0001439288", "fillingDate": "2012-05-10", "acceptedDate": "2012-05-09 18:29:36", "calendarYear": "2011", "period": "FY", "revenue": 1969600000, "costOfRevenue": 1276100000, "grossProfit": 693500000, "grossProfitRatio": 0.3521019496, "researchAndDevelopmentExpenses": 0, "generalAndAdministrativeExpenses": 0, "sellingAndMarketingExpenses": 0, "sellingGeneralAndAdministrativeExpenses": 389400000, "otherExpenses": -7100000, "operatingExpenses": 440300000, "costAndExpenses": 1716400000, "interestIncome": 0, "interestExpense": 176200000, "depreciationAndAmortization": 114400000, "ebitda": 360500000, "ebitdaratio": 0.1830320877, "operatingIncome": 241800000, "operatingIncomeRatio": 0.1227660439, "totalOtherIncomeExpensesNet": -35600000, "incomeBeforeTax": 41400000, "incomeBeforeTaxRatio": 0.0210194963, "incomeTaxExpense": 11500000, "netIncome": 29900000, "netIncomeRatio": 0.0151807474, "eps": 0.45, "epsdiluted": 0.42, "weightedAverageShsOut": 66751000, "weightedAverageShsOutDil": 72065000, "link": "https://www.sec.gov/Archives/edgar/data/1439288/000143928812000008/0001439288-12-000008-index.htm", "finalLink": "https://www.sec.gov/Archives/edgar/data/1439288/000143928812000008/rexnordcorp10-kx33112.htm", "calculatedOtherExpenses": 62300000, "calculatedOperatingExpenses": 451700000, "calculatedNetInterest": -176200000, "calculatedOtherIncome": -24200000, "calculatedIncomeNonControlling": 0, "calculatedEbitda": 356200000}, {"date": "2010-12-31", "symbol": "ZWS", "reportedCurrency": "USD", "cik": "0001439288", "fillingDate": "2011-03-31", "acceptedDate": "2011-03-31 00:00:00", "calendarYear": "2010", "period": "FY", "revenue": 1699600000, "costOfRevenue": 1102800000, "grossProfit": 596800000, "grossProfitRatio": 0.351141445, "researchAndDevelopmentExpenses": 0, "generalAndAdministrativeExpenses": 0, "sellingAndMarketingExpenses": 0, "sellingGeneralAndAdministrativeExpenses": 329100000, "otherExpenses": 48600000, "operatingExpenses": 377700000, "costAndExpenses": 1480500000, "interestIncome": 0, "interestExpense": 380200000, "depreciationAndAmortization": 106100000, "ebitda": 424900000, "ebitdaratio": 0.25, "operatingIncome": 219100000, "operatingIncomeRatio": 0.1289126853, "totalOtherIncomeExpensesNet": -99700000, "incomeBeforeTax": -61400000, "incomeBeforeTaxRatio": -0.0361261473, "incomeTaxExpense": -10100000, "netIncome": -51300000, "netIncomeRatio": -0.0301835726, "eps": -0.77, "epsdiluted": -0.71, "weightedAverageShsOut": 66724000, "weightedAverageShsOutDil": 71990000, "link": null, "finalLink": null, "calculatedOtherExpenses": 48600000, "calculatedOperatingExpenses": 377700000, "calculatedNetInterest": -380200000, "calculatedOtherIncome": 99700000, "calculatedIncomeNonControlling": 0, "calculatedEbitda": 325200000}, {"date": "2009-12-31", "symbol": "ZWS", "reportedCurrency": "USD", "cik": "0001439288", "fillingDate": "2010-03-31", "acceptedDate": "2010-03-31 00:00:00", "calendarYear": "2009", "period": "FY", "revenue": 1510000000, "costOfRevenue": 994400000, "grossProfit": 515600000, "grossProfitRatio": 0.3414569536, "researchAndDevelopmentExpenses": 0, "generalAndAdministrativeExpenses": 0, "sellingAndMarketingExpenses": 0, "sellingGeneralAndAdministrativeExpenses": 297700000, "otherExpenses": -16400000, "operatingExpenses": 347400000, "costAndExpenses": 1341800000, "interestIncome": 0, "interestExpense": 194200000, "depreciationAndAmortization": 109300000, "ebitda": 261100000, "ebitdaratio": 0.1729139073, "operatingIncome": 161400000, "operatingIncomeRatio": 0.1068874172, "totalOtherIncomeExpensesNet": 144600000, "incomeBeforeTax": 118600000, "incomeBeforeTaxRatio": 0.0785430464, "incomeTaxExpense": 30500000, "netIncome": 88100000, "netIncomeRatio": 0.0583443709, "eps": 1.32, "epsdiluted": 1.22, "weightedAverageShsOut": 66724000, "weightedAverageShsOutDil": 71990000, "link": null, "finalLink": null, "calculatedOtherExpenses": 56500000, "calculatedOperatingExpenses": 354200000, "calculatedNetInterest": -194200000, "calculatedOtherIncome": 151400000, "calculatedIncomeNonControlling": 0, "calculatedEbitda": 270700000}, {"date": "1999-12-31", "symbol": "ZWS", "reportedCurrency": "USD", "cik": "0001439288", "fillingDate": "1999-12-31", "acceptedDate": "1999-12-31 00:00:00", "calendarYear": "1999", "period": "FY", "revenue": 15895000, "costOfRevenue": 12389000, "grossProfit": 3506000, "grossProfitRatio": 0.2205725071, "researchAndDevelopmentExpenses": 0, "generalAndAdministrativeExpenses": 0, "sellingAndMarketingExpenses": 0, "sellingGeneralAndAdministrativeExpenses": 3433000, "otherExpenses": 485000, "operatingExpenses": 3918000, "costAndExpenses": 16307000, "interestIncome": 0, "interestExpense": 1347000, "depreciationAndAmortization": -485000, "ebitda": 135000, "ebitdaratio": 0.0084932369, "operatingIncome": 620000, "operatingIncomeRatio": 0.0390059767, "totalOtherIncomeExpensesNet": -62000, "incomeBeforeTax": -727000, "incomeBeforeTaxRatio": -0.0457376534, "incomeTaxExpense": 9000, "netIncome": -736000, "netIncomeRatio": -0.0463038691, "eps": -0.3, "epsdiluted": -0.3, "weightedAverageShsOut": 2468000, "weightedAverageShsOutDil": 2468000, "link": null, "finalLink": null, "calculatedOtherExpenses": -547000, "calculatedOperatingExpenses": 2886000, "calculatedNetInterest": -1347000, "calculatedOtherIncome": 0, "calculatedIncomeNonControlling": 0, "calculatedEbitda": 135000}, {"date": "1998-12-31", "symbol": "ZWS", "reportedCurrency": "USD", "cik": "0001439288", "fillingDate": "1998-12-31", "acceptedDate": "1998-12-31 00:00:00", "calendarYear": "1998", "period": "FY", "revenue": 13700000, "costOfRevenue": 10000000, "grossProfit": 3700000, "grossProfitRatio": 0.2700729927, "researchAndDevelopmentExpenses": 0, "generalAndAdministrativeExpenses": 0, "sellingAndMarketingExpenses": 0, "sellingGeneralAndAdministrativeExpenses": 3900000, "otherExpenses": 400000, "operatingExpenses": 4300000, "costAndExpenses": 14300000, "interestIncome": 0, "interestExpense": 0, "depreciationAndAmortization": -400000, "ebitda": -200000, "ebitdaratio": -0.0145985401, "operatingIncome": 200000, "operatingIncomeRatio": 0.0145985401, "totalOtherIncomeExpensesNet": 0, "incomeBeforeTax": 0, "incomeBeforeTaxRatio": 0, "incomeTaxExpense": 700000, "netIncome": -500000, "netIncomeRatio": -0.0364963504, "eps": -0.2, "epsdiluted": -0.2, "weightedAverageShsOut": 2500000, "weightedAverageShsOutDil": 2500000, "link": null, "finalLink": null, "calculatedOtherExpenses": -400000, "calculatedOperatingExpenses": 3500000, "calculatedNetInterest": 0, "calculatedOtherIncome": -200000, "calculatedIncomeNonControlling": -200000, "calculatedEbitda": -200000}, {"date": "1997-12-31", "symbol": "ZWS", "reportedCurrency": "USD", "cik": "0001439288", "fillingDate": "1997-12-31", "acceptedDate": "1997-12-31 00:00:00", "calendarYear": "1997", "period": "FY", "revenue": 2300000, "costOfRevenue": 1100000, "grossProfit": 1200000, "grossProfitRatio": 0.5217391304, "researchAndDevelopmentExpenses": 0, "generalAndAdministrativeExpenses": 0, "sellingAndMarketingExpenses": 0, "sellingGeneralAndAdministrativeExpenses": 1200000, "otherExpenses": 200000, "operatingExpenses": 1400000, "costAndExpenses": 2500000, "interestIncome": 0, "interestExpense": -100000, "depreciationAndAmortization": -200000, "ebitda": -100000, "ebitdaratio": -0.0434782609, "operatingIncome": 100000, "operatingIncomeRatio": 0.0434782609, "totalOtherIncomeExpensesNet": 100000, "incomeBeforeTax": 200000, "incomeBeforeTaxRatio": 0.0869565217, "incomeTaxExpense": 300000, "netIncome": -200000, "netIncomeRatio": -0.0869565217, "eps": -0.08, "epsdiluted": -0.08, "weightedAverageShsOut": 2500000, "weightedAverageShsOutDil": 2500000, "link": null, "finalLink": null, "calculatedOtherExpenses": -100000, "calculatedOperatingExpenses": 1100000, "calculatedNetInterest": 100000, "calculatedOtherIncome": 0, "calculatedIncomeNonControlling": 100000, "calculatedEbitda": -100000}, {"date": "1996-12-31", "symbol": "ZWS", "reportedCurrency": "USD", "cik": "0001439288", "fillingDate": "1996-12-31", "acceptedDate": "1996-12-31 00:00:00", "calendarYear": "1996", "period": "FY", "revenue": 300000, "costOfRevenue": 0, "grossProfit": 300000, "grossProfitRatio": 1, "researchAndDevelopmentExpenses": 0, "generalAndAdministrativeExpenses": 0, "sellingAndMarketingExpenses": 0, "sellingGeneralAndAdministrativeExpenses": 500000, "otherExpenses": 0, "operatingExpenses": 500000, "costAndExpenses": 500000, "interestIncome": 0, "interestExpense": 0, "depreciationAndAmortization": 0, "ebitda": -200000, "ebitdaratio": -0.6666666667, "operatingIncome": -200000, "operatingIncomeRatio": -0.6666666667, "totalOtherIncomeExpensesNet": 0, "incomeBeforeTax": 0, "incomeBeforeTaxRatio": 0, "incomeTaxExpense": 1100000, "netIncome": -1300000, "netIncomeRatio": -4.3333333333, "eps": -0.64, "epsdiluted": -0.64, "weightedAverageShsOut": 2031250, "weightedAverageShsOutDil": 2031250, "link": null, "finalLink": null, "calculatedOtherExpenses": 0, "calculatedOperatingExpenses": 500000, "calculatedNetInterest": 0, "calculatedOtherIncome": 200000, "calculatedIncomeNonControlling": 200000, "calculatedEbitda": -200000}, {"date": "1995-12-31", "symbol": "ZWS", "reportedCurrency": "USD", "cik": "0001439288", "fillingDate": "1995-12-31", "acceptedDate": "1995-12-31 00:00:00", "calendarYear": "1995", "period": "FY", "revenue": 200000, "costOfRevenue": 300000, "grossProfit": -100000, "grossProfitRatio": -0.5, "researchAndDevelopmentExpenses": 0, "generalAndAdministrativeExpenses": 0, "sellingAndMarketingExpenses": 0, "sellingGeneralAndAdministrativeExpenses": 200000, "otherExpenses": 300000, "operatingExpenses": 500000, "costAndExpenses": 800000, "interestIncome": 0, "interestExpense": 0, "depreciationAndAmortization": -300000, "ebitda": -300000, "ebitdaratio": -1.5, "operatingIncome": 0, "operatingIncomeRatio": 0, "totalOtherIncomeExpensesNet": 0, "incomeBeforeTax": 0, "incomeBeforeTaxRatio": 0, "incomeTaxExpense": 6900000, "netIncome": -6900000, "netIncomeRatio": -34.5, "eps": -3.32, "epsdiluted": -3.32, "weightedAverageShsOut": 2078313, "weightedAverageShsOutDil": 2078313, "link": null, "finalLink": null, "calculatedOtherExpenses": -300000, "calculatedOperatingExpenses": -100000, "calculatedNetInterest": 0, "calculatedOtherIncome": 0, "calculatedIncomeNonControlling": 0, "calculatedEbitda": -300000}, {"date": "1994-12-31", "symbol": "ZWS", "reportedCurrency": "USD", "cik": "0001439288", "fillingDate": "1994-12-31", "acceptedDate": "1994-12-31 00:00:00", "calendarYear": "1994", "period": "FY", "revenue": 84200000, "costOfRevenue": 66600000, "grossProfit": 17600000, "grossProfitRatio": 0.2090261283, "researchAndDevelopmentExpenses": 0, "generalAndAdministrativeExpenses": 0, "sellingAndMarketingExpenses": 0, "sellingGeneralAndAdministrativeExpenses": 14900000, "otherExpenses": 500000, "operatingExpenses": 15400000, "costAndExpenses": 82000000, "interestIncome": 0, "interestExpense": 0, "depreciationAndAmortization": -500000, "ebitda": 2700000, "ebitdaratio": 0.0320665083, "operatingIncome": 3200000, "operatingIncomeRatio": 0.0380047506, "totalOtherIncomeExpensesNet": 0, "incomeBeforeTax": 0, "incomeBeforeTaxRatio": 0, "incomeTaxExpense": 3000000, "netIncome": 200000, "netIncomeRatio": 0.0023752969, "eps": 0.11, "epsdiluted": 0.11, "weightedAverageShsOut": 1818182, "weightedAverageShsOutDil": 1818182, "link": null, "finalLink": null, "calculatedOtherExpenses": -500000, "calculatedOperatingExpenses": 14400000, "calculatedNetInterest": 0, "calculatedOtherIncome": -3200000, "calculatedIncomeNonControlling": -3200000, "calculatedEbitda": 2700000}, {"date": "1993-12-31", "symbol": "ZWS", "reportedCurrency": "USD", "cik": "0001439288", "fillingDate": "1993-12-31", "acceptedDate": "1993-12-31 00:00:00", "calendarYear": "1993", "period": "FY", "revenue": 83900000, "costOfRevenue": 65400000, "grossProfit": 18500000, "grossProfitRatio": 0.2205005959, "researchAndDevelopmentExpenses": 0, "generalAndAdministrativeExpenses": 0, "sellingAndMarketingExpenses": 0, "sellingGeneralAndAdministrativeExpenses": 16200000, "otherExpenses": 600000, "operatingExpenses": 16800000, "costAndExpenses": 82200000, "interestIncome": 0, "interestExpense": 0, "depreciationAndAmortization": -600000, "ebitda": 2300000, "ebitdaratio": 0.0274135876, "operatingIncome": 2900000, "operatingIncomeRatio": 0.0345649583, "totalOtherIncomeExpensesNet": 0, "incomeBeforeTax": 0, "incomeBeforeTaxRatio": 0, "incomeTaxExpense": 2700000, "netIncome": 200000, "netIncomeRatio": 0.0023837902, "eps": 0.08, "epsdiluted": 0.08, "weightedAverageShsOut": 2500000, "weightedAverageShsOutDil": 2500000, "link": null, "finalLink": null, "calculatedOtherExpenses": -600000, "calculatedOperatingExpenses": 15600000, "calculatedNetInterest": 0, "calculatedOtherIncome": -2900000, "calculatedIncomeNonControlling": -2900000, "calculatedEbitda": 2300000}, {"date": "1992-12-31", "symbol": "ZWS", "reportedCurrency": "USD", "cik": "0001439288", "fillingDate": "1992-12-31", "acceptedDate": "1992-12-31 00:00:00", "calendarYear": "1992", "period": "FY", "revenue": 86400000, "costOfRevenue": 67000000, "grossProfit": 19400000, "grossProfitRatio": 0.224537037, "researchAndDevelopmentExpenses": 0, "generalAndAdministrativeExpenses": 0, "sellingAndMarketingExpenses": 0, "sellingGeneralAndAdministrativeExpenses": 19400000, "otherExpenses": 600000, "operatingExpenses": 20000000, "costAndExpenses": 87000000, "interestIncome": 0, "interestExpense": 0, "depreciationAndAmortization": -600000, "ebitda": -2400000, "ebitdaratio": -0.0277777778, "operatingIncome": -1800000, "operatingIncomeRatio": -0.0208333333, "totalOtherIncomeExpensesNet": 0, "incomeBeforeTax": -1800000, "incomeBeforeTaxRatio": -0.0208333333, "incomeTaxExpense": -500000, "netIncome": -1300000, "netIncomeRatio": -0.0150462963, "eps": -0.65, "epsdiluted": -0.65, "weightedAverageShsOut": 2000000, "weightedAverageShsOutDil": 2000000, "link": null, "finalLink": null, "calculatedOtherExpenses": 1800000, "calculatedOperatingExpenses": 21200000, "calculatedNetInterest": 0, "calculatedOtherIncome": 0, "calculatedIncomeNonControlling": 0, "calculatedEbitda": -2400000}, {"date": "1991-12-31", "symbol": "ZWS", "reportedCurrency": "USD", "cik": "0001439288", "fillingDate": "1991-12-31", "acceptedDate": "1991-12-31 00:00:00", "calendarYear": "1991", "period": "FY", "revenue": 91200000, "costOfRevenue": 66900000, "grossProfit": 24300000, "grossProfitRatio": 0.2664473684, "researchAndDevelopmentExpenses": 0, "generalAndAdministrativeExpenses": 0, "sellingAndMarketingExpenses": 0, "sellingGeneralAndAdministrativeExpenses": 21700000, "otherExpenses": 600000, "operatingExpenses": 22300000, "costAndExpenses": 89200000, "interestIncome": 0, "interestExpense": 2400000, "depreciationAndAmortization": -600000, "ebitda": 2600000, "ebitdaratio": 0.0285087719, "operatingIncome": 3200000, "operatingIncomeRatio": 0.0350877193, "totalOtherIncomeExpensesNet": -2400000, "incomeBeforeTax": 800000, "incomeBeforeTaxRatio": 0.0087719298, "incomeTaxExpense": 300000, "netIncome": 500000, "netIncomeRatio": 0.0054824561, "eps": 0.22, "epsdiluted": 0.22, "weightedAverageShsOut": 2272727, "weightedAverageShsOutDil": 2272727, "link": null, "finalLink": null, "calculatedOtherExpenses": -600000, "calculatedOperatingExpenses": 21100000, "calculatedNetInterest": -2400000, "calculatedOtherIncome": 0, "calculatedIncomeNonControlling": 0, "calculatedEbitda": 2600000}, {"date": "1990-12-31", "symbol": "ZWS", "reportedCurrency": "USD", "cik": "0001439288", "fillingDate": "1990-12-31", "acceptedDate": "1990-12-31 00:00:00", "calendarYear": "1990", "period": "FY", "revenue": 118200000, "costOfRevenue": 92300000, "grossProfit": 25900000, "grossProfitRatio": 0.2191201354, "researchAndDevelopmentExpenses": 0, "generalAndAdministrativeExpenses": 0, "sellingAndMarketingExpenses": 0, "sellingGeneralAndAdministrativeExpenses": 28900000, "otherExpenses": 600000, "operatingExpenses": 29500000, "costAndExpenses": 121800000, "interestIncome": 0, "interestExpense": 3600000, "depreciationAndAmortization": -600000, "ebitda": -3000000, "ebitdaratio": -0.0253807107, "operatingIncome": -2400000, "operatingIncomeRatio": -0.0203045685, "totalOtherIncomeExpensesNet": -3600000, "incomeBeforeTax": -6000000, "incomeBeforeTaxRatio": -0.0507614213, "incomeTaxExpense": -2400000, "netIncome": -3600000, "netIncomeRatio": -0.0304568528, "eps": -1.74, "epsdiluted": -1.74, "weightedAverageShsOut": 2068966, "weightedAverageShsOutDil": 2068966, "link": null, "finalLink": null, "calculatedOtherExpenses": -600000, "calculatedOperatingExpenses": 28300000, "calculatedNetInterest": -3600000, "calculatedOtherIncome": 0, "calculatedIncomeNonControlling": 0, "calculatedEbitda": -3000000}, {"date": "1989-12-31", "symbol": "ZWS", "reportedCurrency": "USD", "cik": "0001439288", "fillingDate": "1989-12-31", "acceptedDate": "1989-12-31 00:00:00", "calendarYear": "1989", "period": "FY", "revenue": 117800000, "costOfRevenue": 89400000, "grossProfit": 28400000, "grossProfitRatio": 0.2410865874, "researchAndDevelopmentExpenses": 0, "generalAndAdministrativeExpenses": 0, "sellingAndMarketingExpenses": 0, "sellingGeneralAndAdministrativeExpenses": 25400000, "otherExpenses": 600000, "operatingExpenses": 26000000, "costAndExpenses": 115400000, "interestIncome": 0, "interestExpense": 3400000, "depreciationAndAmortization": -600000, "ebitda": 3000000, "ebitdaratio": 0.025466893, "operatingIncome": 3600000, "operatingIncomeRatio": 0.0305602716, "totalOtherIncomeExpensesNet": -3400000, "incomeBeforeTax": 200000, "incomeBeforeTaxRatio": 0.0016977929, "incomeTaxExpense": 100000, "netIncome": 100000, "netIncomeRatio": 0.0008488964, "eps": 0.06, "epsdiluted": 0.06, "weightedAverageShsOut": 1666667, "weightedAverageShsOutDil": 1666667, "link": null, "finalLink": null, "calculatedOtherExpenses": -600000, "calculatedOperatingExpenses": 24800000, "calculatedNetInterest": -3400000, "calculatedOtherIncome": 0, "calculatedIncomeNonControlling": 0, "calculatedEbitda": 3000000}, {"date": "1988-12-31", "symbol": "ZWS", "reportedCurrency": "USD", "cik": "0001439288", "fillingDate": "1988-12-31", "acceptedDate": "1988-12-31 00:00:00", "calendarYear": "1988", "period": "FY", "revenue": 115800000, "costOfRevenue": 86300000, "grossProfit": 29500000, "grossProfitRatio": 0.2547495682, "researchAndDevelopmentExpenses": 0, "generalAndAdministrativeExpenses": 0, "sellingAndMarketingExpenses": 0, "sellingGeneralAndAdministrativeExpenses": 23500000, "otherExpenses": 600000, "operatingExpenses": 24100000, "costAndExpenses": 110400000, "interestIncome": 0, "interestExpense": 900000, "depreciationAndAmortization": 600000, "ebitda": 6000000, "ebitdaratio": 0.0518134715, "operatingIncome": 5400000, "operatingIncomeRatio": 0.0466321244, "totalOtherIncomeExpensesNet": -900000, "incomeBeforeTax": 4500000, "incomeBeforeTaxRatio": 0.0388601036, "incomeTaxExpense": 1800000, "netIncome": 2700000, "netIncomeRatio": 0.0233160622, "eps": 0.89, "epsdiluted": 0.89, "weightedAverageShsOut": 3033708, "weightedAverageShsOutDil": 3033708, "link": null, "finalLink": null, "calculatedOtherExpenses": 600000, "calculatedOperatingExpenses": 24100000, "calculatedNetInterest": -900000, "calculatedOtherIncome": 0, "calculatedIncomeNonControlling": 0, "calculatedEbitda": 6000000}, {"date": "1987-12-31", "symbol": "ZWS", "reportedCurrency": "USD", "cik": "0001439288", "fillingDate": "1987-12-31", "acceptedDate": "1987-12-31 00:00:00", "calendarYear": "1987", "period": "FY", "revenue": 119700000, "costOfRevenue": 114600000, "grossProfit": 5100000, "grossProfitRatio": 0.0426065163, "researchAndDevelopmentExpenses": 0, "generalAndAdministrativeExpenses": 0, "sellingAndMarketingExpenses": 0, "sellingGeneralAndAdministrativeExpenses": 0, "otherExpenses": 600000, "operatingExpenses": 600000, "costAndExpenses": 115200000, "interestIncome": 0, "interestExpense": 800000, "depreciationAndAmortization": 600000, "ebitda": 5100000, "ebitdaratio": 0.0426065163, "operatingIncome": 4500000, "operatingIncomeRatio": 0.037593985, "totalOtherIncomeExpensesNet": -800000, "incomeBeforeTax": 3700000, "incomeBeforeTaxRatio": 0.0309106099, "incomeTaxExpense": 1600000, "netIncome": 2100000, "netIncomeRatio": 0.0175438596, "eps": 0.57, "epsdiluted": 0.57, "weightedAverageShsOut": 3684211, "weightedAverageShsOutDil": 3684211, "link": null, "finalLink": null, "calculatedOtherExpenses": 600000, "calculatedOperatingExpenses": 600000, "calculatedNetInterest": -800000, "calculatedOtherIncome": 0, "calculatedIncomeNonControlling": 0, "calculatedEbitda": 5100000}, {"date": "1986-12-31", "symbol": "ZWS", "reportedCurrency": "USD", "cik": "0001439288", "fillingDate": "1986-12-31", "acceptedDate": "1986-12-31 00:00:00", "calendarYear": "1986", "period": "FY", "revenue": 102100000, "costOfRevenue": 73800000, "grossProfit": 28300000, "grossProfitRatio": 0.277179236, "researchAndDevelopmentExpenses": 0, "generalAndAdministrativeExpenses": 0, "sellingAndMarketingExpenses": 0, "sellingGeneralAndAdministrativeExpenses": 20400000, "otherExpenses": 500000, "operatingExpenses": 20900000, "costAndExpenses": 94700000, "interestIncome": 0, "interestExpense": 300000, "depreciationAndAmortization": 500000, "ebitda": 7900000, "ebitdaratio": 0.0773751224, "operatingIncome": 7400000, "operatingIncomeRatio": 0.0724779628, "totalOtherIncomeExpensesNet": -300000, "incomeBeforeTax": 7100000, "incomeBeforeTaxRatio": 0.069539667, "incomeTaxExpense": 3400000, "netIncome": 3700000, "netIncomeRatio": 0.0362389814, "eps": 0.95, "epsdiluted": 0.95, "weightedAverageShsOut": 3894737, "weightedAverageShsOutDil": 3894737, "link": null, "finalLink": null, "calculatedOtherExpenses": 500000, "calculatedOperatingExpenses": 20900000, "calculatedNetInterest": -300000, "calculatedOtherIncome": 0, "calculatedIncomeNonControlling": 0, "calculatedEbitda": 7900000}, {"date": "1985-12-31", "symbol": "ZWS", "reportedCurrency": "USD", "cik": "0001439288", "fillingDate": "1985-12-31", "acceptedDate": "1985-12-31 00:00:00", "calendarYear": "1985", "period": "FY", "revenue": 100400000, "costOfRevenue": 78900000, "grossProfit": 21500000, "grossProfitRatio": 0.2141434263, "researchAndDevelopmentExpenses": 0, "generalAndAdministrativeExpenses": 0, "sellingAndMarketingExpenses": 0, "sellingGeneralAndAdministrativeExpenses": 18600000, "otherExpenses": 600000, "operatingExpenses": 19200000, "costAndExpenses": 98100000, "interestIncome": 0, "interestExpense": 1100000, "depreciationAndAmortization": 600000, "ebitda": 2900000, "ebitdaratio": 0.0288844622, "operatingIncome": 2300000, "operatingIncomeRatio": 0.0229083665, "totalOtherIncomeExpensesNet": -1100000, "incomeBeforeTax": 1200000, "incomeBeforeTaxRatio": 0.0119521912, "incomeTaxExpense": 600000, "netIncome": 600000, "netIncomeRatio": 0.0059760956, "eps": 0.16, "epsdiluted": 0.16, "weightedAverageShsOut": 3750000, "weightedAverageShsOutDil": 3750000, "link": null, "finalLink": null, "calculatedOtherExpenses": 600000, "calculatedOperatingExpenses": 19200000, "calculatedNetInterest": -1100000, "calculatedOtherIncome": 0, "calculatedIncomeNonControlling": 0, "calculatedEbitda": 2900000}]}